4650 6059
481 767 543 830 300
990 763 1076 838 1347,
1101 761 1331 828 10041οπ111.

480 916 737 982 misericorditer
756 917 979 993 absolventes,
999 933 1039 979 ac
1065 913 1167 978 etiam
1183 913 1308 997 gratias
1330 913 1519 998 hujusmodi
1542 923 1578 980 et
1599 916 1844 996 concessiones,

481 1028 582 1103 atque
598 1027 706 1106 apost.
722 1021 850 1085 litteras
865 1018 943 1084 inde
959 1017 1075 1098 factas,
1090 1037 1225 1083 necnon
1241 1038 1416 1102 processus
1431 1018 1567 1085 habitos
1581 1040 1641 1105 per
1656 1020 1795 1085 easdem
1809 1028 1842 1085 et

482 1123 639 1207 quicquid
654 1144 714 1208 per
728 1144 784 1187 eas
805 1130 956 1188 secutum
977 1129 1038 1200 est,
1062 1120 1194 1185 etiamsi
1209 1121 1324 1205 vigore
1351 1121 1501 1206 predicte
1529 1142 1577 1207 gr.
1593 1131 1704 1188 vestre
1720 1123 1756 1187 in
1771 1144 1842 1210 pre·

481 1226 572 1291 dicta
588 1225 748 1311 Brugensi
765 1226 847 1291 eccl.
864 1228 955 1310 preb.
972 1245 1045 1290 vac.
1061 1224 1202 1311 pacifice
1218 1225 1317 1291 fuerit
1344 1234 1526 1308 assecutus,
1552 1236 1641 1292 auct.
1658 1236 1768 1313 apost.
1784 1231 1840 1294 sub

481 1330 561 1394 data
578 1330 803 1416 predictarum
819 1329 1004 1393 litterarum
1021 1330 1258 1413 approbantes,
1274 1337 1310 1394 et
1333 1329 1472 1415 perinde
1487 1330 1601 1395 valere
1616 1351 1657 1395 ac
1673 1330 1699 1396 si
1716 1331 1760 1397 de
1775 1331 1841 1397 dic·

481 1434 524 1498 tis
539 1432 725 1499 defectibus
736 1442 771 1498 et
787 1432 1044 1515 obmissionibus
1071 1431 1103 1496 in
1120 1432 1246 1497 eisdem
1272 1432 1392 1498 litteris
1407 1434 1508 1517 plena
1522 1440 1558 1499 et
1580 1453 1739 1520 expressa
1754 1435 1841 1501 facta

481 1538 595 1602 fuisset
610 1537 740 1603 mentio
755 1537 984 1618 decernentes,
1010 1536 1194 1600 habilitetis
1217 1536 1361 1602 eundem
1382 1536 1425 1601 ad
1450 1537 1562 1602 omnia
1586 1544 1621 1602 et
1641 1538 1784 1623 singula,
1801 1538 1842 1604 ad

480 1662 545 1724 que
561 1649 698 1726 propter
713 1641 810 1725 hujus
825 1641 908 1706 eccl.
924 1639 1156 1705 detentionem
1182 1640 1289 1706 factus
1314 1639 1469 1705 inhabilis
1493 1640 1669 1723 extitisset,
1685 1662 1728 1707 ac
1750 1642 1842 1707 resti·

481 1752 615 1809 tuentes
630 1765 706 1808 eum
723 1744 757 1808 in
774 1744 939 1827 integrum
956 1741 999 1808 ad
1015 1750 1140 1808 statum
1156 1742 1334 1829 pristinum
1350 1743 1440 1809 etad
1455 1743 1580 1810 famam
1596 1767 1605 1824 ;
1621 1744 1748 1812 fructus
1771 1767 1842 1832 pre·

481 1858 572 1914 terea
588 1847 666 1913 inde
690 1856 868 1933 perceptos
895 1847 967 1927 sibi,
983 1846 1038 1930 qui
1056 1846 1099 1912 ad
1126 1847 1374 1913 restitutionem
1390 1847 1537 1932 ipsorum
1552 1848 1687 1933 penitus
1703 1849 1843 1915 idoneus

480 1973 548 2016 non
570 1935 699 2031 existit,
730 1950 938 2035 integraliter
972 1950 1152 2016 remittatis
1171 1974 1179 2031 ;
1214 1971 1332 2016 omnes
1356 1950 1541 2017 sententias
1571 1959 1606 2017 et
1629 1973 1736 2038 penas
1762 1973 1844 2038 quas

481 2054 670 2120 incurrisset
686 2060 864 2140 propterea
888 2052 1048 2118 tollentes
1072 2061 1108 2118 et
1133 2043 1237 2120 etiam
1251 2056 1476 2122 absolventes.
1498 2095 1542 2104 —
1563 2055 1843 2123 Consideratione

480 2159 561 2225 dicti
587 2158 762 2225 cardinalis
777 2158 886 2243 ipsum
901 2157 1128 2238 habilitamus,
1149 2156 1391 2245 dispensamus,
1407 2167 1443 2224 et
1459 2159 1684 2245 providemus,
1706 2169 1742 2226 et
1757 2160 1844 2227 fruc·

480 2273 534 2328 tus
549 2270 727 2347 perceptos
743 2261 953 2327 remittimus,
971 2260 1011 2327 R.

525 2367 605 2432 Dat.
621 2367 720 2432 Avin.
739 2385 755 2451 5
772 2365 817 2432 id.
832 2365 912 2431 febr.
929 2372 963 2430 a⁰
980 2372 1022 2449 5⁰.
1039 2366 1110 2448 (10,
1129 2366 1211 2450 51’).

534 2495 669 2577 1149.
1493 2524 1589 2591 1347,
1607 2506 1801 2595 rofevrier.

525 2612 626 2698 Supp.
642 2604 806 2697 pauperes
820 2620 891 2676 tam
918 2609 1090 2696 presbiteri
1115 2630 1216 2693 quarn
1240 2609 1350 2675 clerici
1377 2609 1419 2676 de
1443 2610 1673 2677 remotissimis
1692 2613 1847 2699 partibus

482 2717 607 2808 mundi,
624 2716 694 2781 sive
709 2716 752 2782 de
767 2736 871 2800 regno
894 2713 1021 2780 Suecie.

524 2820 698 2885 Tilmanus
709 2819 820 2886 dictus
836 2818 1031 2901 Montabur,
1047 2823 1156 2905 presb.
1168 2819 1348 2885 Treveren.
1359 2818 1457 2901 dioc,
1469 2819 1512 2885 de
1522 2839 1597 2885 can.
1608 2828 1643 2885 et
1657 2822 1751 2905 preb.
1762 2822 1846 2887 eccl.

482 2924 513 2988 S.
529 2922 548 3000 J
552 2923 697 2989 ohannis
713 2923 872 2989 Leodien.
888 2963 931 2973 —
947 2920 1024 2987 Fiat
1040 2920 1080 2987 R.

525 3028 605 3093 Dat.
621 3028 720 3093 Avin.
736 3050 756 3113 4
773 3028 816 3094 id.
833 3027 912 3093 febr.
929 3034 962 3091 0ο
979 3034 1021 3110 5⁰.
1039 3026 1111 3112 (10,
1132 3027 1234 3110 116').

535 3156 670 3238 1150.
863 3181 865 3184 ’
1437 3186 1533 3252 1347,
1550 3168 1802 3257 15-17fdvrier.

526 3274 580 3336 8⁸¹⁰
596 3282 702 3358 pater.
720 3272 805 3337 Cum
822 3272 853 3337 S.
870 3271 909 3337 V.
928 3271 1070 3339 Matheo
1086 3273 1128 3339 ad
1148 3272 1252 3338 Latus
1268 3282 1287 3352 ¹,
1304 3293 1377 3338 can.
1403 3270 1598 3353 Morinensi,
1622 3273 1664 3339 de
1690 3274 1848 3359 parrocb.

484 3380 566 3443 eccl.
577 3378 619 3442 de
635 3377 744 3461 Braya
755 3377 887 3442 comitis
904 3377 1052 3457 Roberti,
1070 3376 1229 3442 Parisien.
1245 3376 1343 3456 dioc,
1358 3396 1406 3461 gr.
1418 3375 1534 3441 fecerit
1554 3397 1657 3462 spec,
1674 3397 1745 3442 non
1758 3380 1849 3444 obst.

486 3482 575 3566 quod
591 3503 664 3547 0011.
680 3490 714 3546 et
730 3484 821 3567 preb.
838 3481 919 3546 eccl.
940 3479 1106 3546 Morinen.
1123 3490 1157 3546 et
1174 3500 1247 3546 can.
1264 3483 1324 3546 sub
1341 3501 1416 3566 exp.
1432 3484 1525 3566 preb.
1542 3482 1624 3547 eccl.
1640 3482 1849 3547 Ambianen.

485 3591 642 3649 noscatur
657 3585 808 3649 obtinere
822 3607 831 3664 ;
848 3595 947 3669 prout
964 3585 997 3649 in
1013 3584 1257 3670 supplicatione
1272 3584 1328 3649 hic
1344 3593 1485 3650 consuta
1496 3584 1688 3650 continetur
1702 3590 1725 3666 ⁸,
1736 3596 1773 3650 et
1789 3606 1850 3671 per

485 3709 630 3753 errorem
646 3689 805 3754 omissum
820 3688 918 3753 fuerit
933 3709 940 3755 :
956 3710 1025 3753 non
1043 3691 1128 3756 obst.
1145 3687 1236 3774 quod
1252 3687 1421 3753 obtineret
1444 3689 1562 3773 capell.
1578 3687 1647 3755 ΒΒ.
1662 3689 1849 3773 Apostolo

483 3813 556 3857 rum
571 3793 613 3857 de
629 3792 895 3876 Cbampigniaco
911 3791 1079 3872 Parisien.,
1093 3800 1127 3856 et
1138 3799 1356 3876 personatum
1366 3791 1408 3857 de
1422 3790 1506 3872 Rua,
1516 3792 1719 3859 Ambianen.
1731 3792 1821 3859 dioc.
1838 3816 1847 3873 ;

481 3899 613 3983 placeat
630 3896 729 3982 igitur
746 3895 785 3962 E.
802 3896 833 3961 S.
846 3894 886 3962 V.
903 3896 936 3961 in
953 3895 1228 3961 vicecancellaria
1241 3895 1370 3959 litteras
1383 3915 1481 3980 super
1490 3895 1680 3979 hujusmodi
1690 3897 1848 3981 parrocb.

481 4004 562 4069 eccl.
579 4002 752 4068 confectas
767 3999 926 4066 mandare
942 3999 1089 4085 expediri
1103 4022 1112 4080 ;
1128 4020 1199 4065 non
1216 4000 1303 4064 obst.
1319 3998 1409 4083 quod
1429 3998 1556 4065 dictam
1571 4000 1690 4085 capell.
1707 4011 1743 4065 et
1758 4021 1847 4086 pers.

482 4128 558 4171 cum
574 4107 672 4173 dietis
685 4127 758 4171 can.
774 4113 809 4169 et
824 4107 915 4190 preb.
930 4101 1098 4169 Morinen.
1112 4103 1204 4182 eccl,
1217 4111 1252 4167 et
1263 4123 1336 4168 can.
1350 4105 1409 4168 sub
1422 4124 1498 4188 exp.
1510 4102 1601 4168 dicte
1613 4104 1696 4169 eccl.
1706 4105 1847 4169 Ambia-

481 4218 724 4275 nennoscatur
733 4209 894 4288 obtinere,
902 4210 1002 4272 etsub
1012 4206 1091 4272 data
1101 4206 1134 4270 in
1144 4205 1236 4271 dicta
1247 4205 1491 4291 supplicatione
1501 4205 1796 4273 contenta-Fiat
1806 4206 1846 4274 R.

530 4312 645 4397 [Avin.
666 4332 760 4395 15-13
778 4311 843 4377 kal.
859 4319 956 4376 mart.
973 4318 1007 4375 0Ο
1020 4309 1068 4396 5⁰]
1081 4320 1101 4375 ².
1115 4311 1187 4392 (10,
1203 4311 1285 4392 70').

535 4443 664 4524 1151.
1496 4471 1591 4536 1347,
1608 4473 1649 4536 24
1658 4453 1801 4540 sevrier.

527 4559 626 4626 Motu
641 4559 776 4646 proprio
792 4556 1005 4644 providemus
1020 4554 1169 4633 Johanni
1188 4554 1332 4640 Rogerii,
1349 4576 1422 4621 can.
1446 4564 1480 4621 et
1496 4556 1676 4621 scolastico
1692 4558 1753 4621 sub
1770 4577 1844 4642 exp.

482 4668 573 4749 preb.
584 4667 665 4731 eccl.
678 4666 753 4731 coll.
764 4659 1033 4728 S.Bartholomei
1045 4657 1225 4739 Leodien.³,
1231 4659 1274 4723 de
1284 4662 1375 4744 preb.
1386 4658 1536 4744 ejusdem
1545 4660 1627 4725 eccl.
1635 4679 1710 4725 vac.
1720 4680 1781 4745 per
1791 4661 1844 4726 ob.

512 4837 541 4897 a)
560 4837 599 4883 En
620 4853 706 4898 merge
722 4834 901 4899 :Supplieulio
918 4831 949 4879 de
965 4847 1017 4894 qua
1034 4832 1076 4879 lvio
1088 4833 1122 4894 711
1141 4833 1231 4880 naratio
1247 4833 1383 4894 registrum
1400 4834 1435 4879 eat
1452 4832 1480 4879 in
1497 4830 1562 4879 libro
1576 4831 1730 4895 precedenti,
1741 4832 1793 4893 sol.
1804 4831 1844 4879 11.

481 4910 556 4971 (von
567 4925 591 4958 n.
606 4913 689 4972 1121).

515 5062 535 5108 l.
547 5062 609 5110 Voir
621 5078 645 5112 11,
659 5065 695 5121 la,
711 5064 780 5110 1121.
793 5089 824 5095 —
837 5063 858 5107 2.
872 5060 909 5106 La
921 5059 1056 5122 suppliquo
1068 5059 1110 5106 n'a
1122 5074 1168 5121 pas
1179 5058 1211 5107 de
1222 5059 1289 5116 date,
1303 5057 1452 5122 puisqu’elle
1464 5058 1527 5105 n’est
1540 5072 1590 5118 que
1601 5057 1626 5107 le
1637 5058 1759 5110 correct-if
1769 5057 1843 5107 d'uue

480 5134 554 5194 grace
565 5135 686 5185 11000111ίο
699 5154 704 5186 :
717 5137 764 5185 elle
776 5141 815 5183 est
827 5133 915 5197 plecte
927 5136 941 5181 a
954 5133 979 5181 lu
991 5135 1056 5181 suite
1068 5133 1145 5180 d'uue
1157 5131 1229 5195 pibee
1245 5133 1280 5179 du
1298 5134 1328 5179 15
1341 5132 1390 5180 eal.
1403 5148 1408 5189 ;
1426 5132 1452 5179 10
1468 5132 1605 5195 supplique
1617 5133 1737 5179 suivante
1754 5137 1793 5180 est
1808 5130 1841 5178 du

481 5208 512 5254 13
525 5207 573 5255 0111,
585 5236 617 5243 -
628 5211 650 5256 3.
662 5209 725 5256 Voir
736 5224 761 5257 n.
774 5211 829 5256 609.
