4650 6059
577 776 638 837 484
1061 774 1170 846 1349,
1191 772 1275 835 11-12
1299 770 1461 838 decembre.

578 926 764 1009 contigerit,
780 946 839 1011 per
854 926 1044 992 sacerdotes
1059 926 1211 1011 ydoneos
1236 923 1365 1009 possint
1391 923 1502 989 facere
1524 925 1694 1003 celebrari,
1711 925 1915 993 favorabiliter

579 1037 614 1093 et
629 1029 884 1095 misericorditer
894 1030 1080 1115 ¹dignemini
1097 1030 1278 1112 indulgere,
1295 1027 1382 1092 utin
1399 1028 1516 1094 sonna.
1533 1068 1576 1077 -
1592 1026 1669 1094 Fiat
1685 1028 1728 1096 R.

623 1131 700 1197 Dat.
716 1133 816 1198 Avin.
840 1156 859 1217 4
876 1133 919 1199 id.
935 1135 1007 1199 dec.
1020 1141 1052 1198 a⁰
1069 1136 1111 1198 8⁰.
1129 1134 1200 1216 (18,
1222 1133 1309 1216 108).

632 1288 775 1372 1859·
920 1384 921 1387 Ἴ
1485 1319 1580 1384 1349,
1598 1321 1697 1365 rr·ra
1714 1304 1888 1369 dr‘cembre.

622 1405 820 1472 Beatissime
835 1414 940 1491 pater.
957 1403 1146 1469 Clementie
1161 1412 1272 1467 vestre
1287 1422 1348 1487 pro
1362 1411 1458 1488 parte
1481 1401 1690 1469 devotissimi
1704 1413 1742 1471 et
1758 1405 1918 1473 fidelissimi

579 1509 636 1574 filii
663 1510 764 1576 vestri
790 1508 965 1588 Johannis,
989 1507 1083 1572 ducis
1109 1505 1300 1586 Brabautie,
1315 1513 1505 1570 reverenter
1529 1506 1718 1592 exponitur,
1744 1510 1837 1594 quod
1860 1532 1919 1577 curn

579 1613 649 1698 ipse
665 1622 756 1679 certa
772 1632 831 1677 sua
847 1611 1020 1698 privilegia
1035 1609 1219 1696 imperialia
1234 1617 1270 1673 et
1285 1608 1408 1692 regalia
1423 1607 1630 1675 diversorum
1647 1610 1920 1696 imperatommet

577 1738 693 1802 regum
716 1716 945 1782 Romanorum
960 1715 1015 1800 pie
1030 1714 1202 1793 memorie,
1218 1732 1317 1798 super
1338 1712 1453 1777 multis
1468 1713 1637 1778 contentis
1652 1724 1689 1780 et
1703 1715 1879 1803 descriptis
1897 1717 1921 1781 iu

578 1821 635 1900 eis,
659 1820 925 1906 progenitoribus
945 1818 1021 1898 suis,
1044 1838 1161 1883 eorum
1183 1816 1360 1882 heredibus
1375 1817 1667 1883 etsuccessoribus
1689 1818 1921 1907 imperpetuum

578 1944 747 2004 concessa,
758 1925 860 1989 etiam
870 1944 931 2009 per
941 1922 1114 1989 dominum
1129 1922 1301 2002 Karolum,
1313 1942 1404 1987 nunc
1414 1922 1447 1986 in
1456 1921 1696 2007 imperatorem
1706 1922 1923 1992 Romanunm

578 2029 723 2094 electum
739 2029 947 2108 confirmata,
961 2048 1002 2093 ac
1017 2028 1129 2112 aliqua
1141 2026 1184 2092 de
1200 2046 1290 2092 novo
1306 2025 1432 2091 eisdem
1448 2024 1586 2107 indulta,
1602 2046 1622 2091 a
1637 2027 1749 2111 longis
1763 2028 1923 2096 retroactis

578 2133 784 2216 temporibus
798 2131 996 2196 habuerit:et
1010 2130 1143 2209 babeat,
1154 2130 1276 2214 illaque
1291 2128 1358 2195 dux
1369 2129 1449 2215 ipse,
1459 2128 1503 2194 ad
1512 2130 1673 2214 majorem
1684 2140 1720 2196 et
1729 2132 1923 2217 pinguiorem

578 2237 745 2299 cautelam
761 2234 898 2300 affectet
913 2242 947 2299 et
964 2234 1078 2319 cupiat
1093 2255 1152 2319 per
1168 2233 1391 2298 Sanctitatem
1414 2241 1560 2298 vestram
1577 2241 1670 2298 etex
1686 2244 1783 2300 certa
1797 2236 1922 2303 scientia

578 2339 777 2403 auctoritate
793 2338 978 2423 apostolica
994 2338 1192 2403 confirmare
1211 2360 1220 2417 ;
1237 2337 1314 2403 iude
1329 2336 1419 2405 dicte
1443 2338 1631 2418 clementie,
1646 2338 1790 2404 nomine
1804 2360 1863 2407 seu
1874 2361 1922 2426 pro
1956 2341 1959 2424 l

578 2451 671 2526 parte
687 2463 752 2525 qua
780 2463 889 2528 supra,
913 2442 1082 2507 humiliter
1104 2441 1311 2527 supplicatur
1325 2449 1361 2505 et
1376 2442 1510 2527 petitur,
1526 2438 1693 2526 quatenus
1707 2443 1830 2528 prefati
1846 2443 1922 2509 ducis
1957 2427 1959 2472 ¹

578 2544 710 2610 devotis
736 2545 1009 2630 suplicationibus
1031 2566 1070 2611 ac
1086 2545 1239 2631 precibus
1262 2553 1458 2626 annuentes,
1483 2545 1655 2631 privilegia
1681 2545 1756 2631 ipsa
1771 2556 1920 2614 eteorum

577 2648 761 2733 quodlibet,
777 2648 888 2733 quoad
903 2650 1016 2714 omnia
1032 2656 1067 2713 et
1083 2648 1211 2733 singula
1236 2656 1396 2714 contenta
1413 2648 1447 2713 in
1462 2649 1519 2730 eis,
1535 2647 1718 2733 dignemini
1736 2650 1920 2718 auctoritate

577 2751 727 2836 predicta
750 2761 784 2817 et
810 2774 852 2818 ex
877 2762 968 2819 certa
992 2753 1132 2819 scientia
1159 2753 1367 2834 confirmare,
1391 2754 1594 2838 supplentes,
1610 2753 1636 2818 si
1652 2755 1779 2840 placet,
1803 2774 1919 2822 omnem

576 2854 755 2935 defectum,
771 2855 797 2920 si
814 2876 913 2940 quem
941 2856 974 2920 in
990 2856 1037 2920 eis
1056 2864 1115 2921 aut
1138 2876 1254 2920 eorum
1278 2856 1390 2939 aliquo
1415 2857 1559 2941 repen're
1583 2856 1669 2922 forte
1692 2857 1870 2944 contigerit
1886 2854 1918 2921 de

577 2959 760 3043 apostolice
784 2959 871 3026 sedis
894 2958 1102 3045 plenitudine
1129 2958 1318 3044 potestatis,
1344 2967 1378 3023 et
1405 2979 1480 3024 cum
1504 2961 1738 3027 executoribus
1754 2968 1789 3027 et
1805 2979 1915 3028 conser-

576 3063 746 3128 vatoribus
762 3064 817 3148 qui
834 3072 868 3128 et
884 3072 983 3150 prout
1003 3062 1180 3128 necessarii
1202 3062 1324 3127 fuerint
1339 3064 1393 3127 vel
1417 3073 1524 3145 erunt,
1540 3072 1575 3130 et
1591 3085 1668 3130 cum
1684 3066 1840 3131 omnrbus
1862 3083 1913 3129 non

576 3167 785 3231 obstantibus
797 3176 830 3231 et
841 3167 993 3232 clausulis
1005 3166 1189 3252 oportunis,
1202 3175 1236 3230 et
1246 3166 1329 3232 alias
1345 3166 1457 3248 etiam,
1479 3176 1517 3232 ut
1540 3167 1573 3232 in
1589 3167 1699 3233 forma
1715 3177 1782 3235 etc.
1796 3209 1840 3219 —
1853 3165 1912 3233 Exi·

574 3270 694 3332 beatur
708 3268 930 3334 cardinalibus
947 3269 1155 3335 Montisolivi
1171 3276 1194 3349 ⁸,
1211 3278 1245 3333 et
1261 3279 1376 3334 sancte
1392 3271 1567 3336 Anastasie
1581 3283 1600 3351 ¹,
1614 3279 1649 3336 et
1663 3271 1809 3338 referant
1825 3270 1880 3337 ub.

574 3516 576 3519 Ι
630 3421 774 3503 1860.
1535 3461 1630 3524 1549,
1647 3462 1688 3506 12
1710 3444 1881 3507 decembre.

618 3537 719 3604 Motu
734 3540 869 3625 proprio
884 3542 1097 3626 providemus
1112 3541 1131 3619 J
1135 3542 1259 3607 ohanni
1275 3542 1318 3607 de
1333 3543 1461 3623 Athies,
1475 3546 1649 3630 capellano
1665 3547 1794 3631 capelle
1809 3553 1910 3618 nostre,

575 3641 617 3706 de
644 3664 718 3708 can.
746 3652 779 3708 et
804 3647 896 3728 preb.
921 3645 1060 3710 ecclesie
1089 3644 1267 3726 Morinen,
1284 3667 1358 3711 vac.
1385 3668 1444 3731 per
1468 3650 1522 3713 ob.
1538 3647 1703 3725 Johannis
1719 3650 1762 3715 de
1780 3648 1911 3717 Hesrns

576 3755 654 3810 ante
670 3747 819 3831 ejusdem
835 3746 1000 3824 Johannis
1016 3751 1069 3814 ob.
1086 3750 1292 3816 reservatis...
1313 3784 1340 3795 —
1367 3748 1442 3815 Fiat
1454 3759 1549 3827 motu
1566 3753 1700 3837 proprio
1718 3752 1760 3819 R.

619 3848 696 3914 Dat.
712 3850 811 3915 Avin.
831 3871 847 3914 2
865 3852 908 3916 id.
925 3851 997 3917 dec.
1013 3859 1046 3916 a⁰
1063 3854 1105 3916 8⁰.
1122 3855 1193 3936 (18,
1214 3853 1302 3936 109).

627 4000 762 4109 18'61.
1540 4043 1634 4106 1549,
1651 4044 1692 4087 12
1709 4027 1882 4089 decernbre.

617 4124 717 4208 Supp.
735 4122 940 4205 N(icolaus),
958 4124 988 4187 S.
1007 4122 1055 4187 M.
1072 4124 1104 4187 in
1120 4125 1176 4189 via
1192 4127 1262 4190 lata
1277 4126 1436 4191 diaconus
1452 4127 1729 4211 cardinalisquat.
1745 4149 1806 4194 suo
1821 4126 1915 4213 capel·

573 4227 651 4290 lano
667 4227 882 4291 comrneusali
896 4226 1045 4292 Waltero
1061 4228 1102 4292 de
1121 4228 1320 4295 Hemetines
1332 4247 1353 4310 ²,
1365 4230 1407 4295 de
1418 4251 1491 4295 can.
1504 4239 1537 4294 et
1548 4234 1637 4315 preb.
1651 4233 1734 4297 eccl.
1745 4232 1776 4298 S.
1790 4228 1916 4299 Dionisii

573 4326 732 4393 Leodien.
757 4350 829 4394 vac.
846 4351 905 4414 per
921 4334 974 4395 ob.
998 4331 1168 4415 quondam
1194 4331 1358 4409 Johannis
1385 4332 1549 4398 Manhani
1566 4334 1607 4398 de
1624 4333 1771 4401 Bossaco
1793 4350 1814 4417 ³,
1831 4335 1917 4422 ipsius

571 4432 711 4495 ecclesie
727 4432 877 4497 canonici
895 4434 1123 4517 capellamque
1139 4436 1288 4520 ejusdem
1304 4436 1487 4517 cardinalis
1505 4437 1559 4522 qui
1576 4446 1670 4502 extra
1692 4440 1820 4505 curiam
1841 4440 1917 4506 diem

571 4535 691 4599 clausit
716 4545 913 4616 extremum,
942 4538 967 4601 si
994 4559 1062 4602 non
1087 4538 1129 4602 sit
1156 4540 1251 4603 alteri
1279 4540 1332 4625 jus
1362 4541 1538 4623 quesitum,
1569 4561 1646 4605 cum
1677 4544 1833 4608 omnibus
1860 4560 1917 4607 uon

570 4639 779 4703 obstantibus
805 4649 839 4704 et
866 4642 1019 4706 clausulis
1045 4644 1219 4727 oportunis
1234 4665 1275 4709 ac
1287 4646 1517 4710 executoribus
1532 4645 1712 4729 dignemini
1730 4648 1898 4732 providere
1910 4665 1917 4723 ;
1957 4673 1959 4678 ’

573 4763 641 4807 non
667 4746 751 4808 obst.
777 4744 867 4828 quod
892 4745 925 4809 in
952 4747 1069 4829 majori
1095 4756 1128 4810 et
1154 4748 1186 4811 in
1212 4748 1242 4813 S.
1261 4748 1354 4814 Pauli
1383 4771 1422 4814 ac
1448 4748 1632 4813 Nivellensi
1660 4759 1694 4814 et
1721 4747 1917 4817 Cennacensi

603 4932 631 4992 a)
646 4931 683 4977 En
698 4946 782 4991 margo
797 4931 916 4979 :ufforde
927 4932 993 4994 quad
1006 4948 1052 4980 nnn
1061 4937 1116 4980 narrt
1128 4933 1189 4982 data
1202 4936 1229 4981 r'rr
1246 4936 1375 4998 oripr'rrall.
1389 4936 1462 4984 Cette
1474 4936 1611 4999 supplique
1630 4941 1669 4986 est.
1689 4938 1775 5000 places
1796 4945 1868 4988 entre
1881 4937 1919 4984 des

573 5012 642 5053 actos
653 5004 687 5051 du
702 5007 726 5052 11
742 5012 766 5052 et
779 5006 815 5052 du
829 5007 858 5052 12
870 5005 1010 5056 ddccmbro.
1024 5036 1055 5045 -
1067 5008 1096 5069 b)
1109 5007 1148 5054 On
1161 5021 1177 5054 a
1189 5006 1251 5056 birro
1266 5023 1271 5054 :
1285 5008 1320 5055 Et
1331 5026 1355 5070 q.
1366 5008 1386 5066 f.
1399 5025 1417 5054 x.
1429 5008 1464 5056 al.
1477 5009 1493 5058 I.
1507 5010 1568 5056 Fiat
1581 5009 1614 5057 R.

605 5200 625 5245 1.
638 5198 784 5248 (luillaume
795 5199 890 5247 rl’Aura
901 5206 928 5248 et
939 5199 1051 5249 Arldmar
1063 5200 1166 5249 Robcrt.
1177 5224 1210 5233 -
1221 5200 1245 5247 2.
1257 5198 1318 5247 Voir
1336 5211 1360 5248 n.
1381 5201 1452 5247 1151.
1466 5227 1496 5234 -
1510 5204 1532 5250 3.
1551 5203 1612 5251 Vor'r
1629 5219 1654 5254 n.
1672 5206 1725 5263 907,
1746 5207 1814 5264 1264,
1834 5205 1899 5253 1532.
