4650 6059
500 746 562 814 274
1006 750 1093 828 1346,
1118 749 1169 813 2-6
1191 751 1363 829 septembre.

502 921 574 965 vac.
590 921 650 985 per
667 900 871 986 ob.Nicolay
887 900 930 966 de
941 901 1082 981 Anania,
1099 901 1181 965 alias
1192 900 1235 965 de
1251 901 1395 982 Posano,
1406 902 1462 986 qui
1479 910 1573 968 extra
1591 903 1760 974 Romcur.
1776 908 1858 974 diem

500 1004 620 1070 clausit
647 1013 834 1069 extremum
851 1014 870 1084 ¹,
894 1004 1003 1069 eidem
1027 1024 1114 1089 mag.
1131 1003 1242 1085 Petro,
1270 1004 1327 1089 qui
1347 1006 1450 1071 etiam
1473 1014 1561 1071 auct.
1588 1016 1699 1074 vestra
1714 1030 1790 1077 can.
1806 1016 1860 1078 sub

501 1125 577 1191 exp.
594 1109 685 1192 preb.
701 1114 752 1171 est
768 1107 801 1171 in
818 1107 937 1173 eadem
952 1108 1035 1172 eccl.
1059 1114 1240 1189 assecutus,
1257 1115 1293 1172 et
1316 1108 1444 1174 dictam
1465 1112 1557 1195 preb.
1575 1111 1608 1175 iu
1625 1132 1705 1179 casu
1721 1135 1790 1197 quo
1805 1117 1860 1181 sibi

501 1217 535 1272 et
545 1230 613 1273 nou
630 1210 685 1275 alii
700 1210 885 1289 deberetur,
909 1209 1032 1275 virtute
1048 1231 1094 1295 gr.
1111 1218 1231 1290 vestre,
1249 1213 1452 1297 acceptavit,
1468 1212 1648 1298 dignemini
1664 1218 1858 1302 providere;

500 1333 567 1378 nou
593 1317 679 1380 obst.
702 1312 792 1399 quod
818 1314 946 1380 dictum
973 1335 1047 1379 cau.
1076 1312 1282 1400 Brugeusem
1310 1319 1370 1381 sub
1401 1337 1477 1402 exp.
1516 1320 1618 1403 preb,
1643 1340 1683 1386 ac
1710 1323 1858 1407 parroch.

500 1420 581 1484 eccl.
599 1417 630 1482 S.
643 1417 742 1483 Bricii
764 1418 961 1500 Toruacen.,
975 1439 1049 1483 cau.
1066 1427 1100 1482 et
1126 1421 1219 1504 preb.
1236 1419 1267 1484 S.
1295 1419 1384 1485 Petri
1407 1420 1450 1485 de
1477 1418 1644 1503 Comines,
1661 1426 1859 1509 capellanias

499 1520 527 1584 S.
545 1520 733 1602 Salvatoris,
757 1522 789 1587 S.
805 1521 993 1608 Walburgis
1009 1520 1196 1604 Brugensis,
1213 1522 1252 1589 B.
1270 1522 1319 1590 M.
1336 1524 1371 1589 in
1385 1524 1627 1607 Ardemburch,
1645 1527 1858 1612 hospitalium

499 1624 553 1689 SS.
576 1623 696 1702 Jacobi
711 1625 754 1690 de
769 1625 949 1707 Wastines,
977 1625 1129 1692 Nichasii
1155 1625 1345 1708 insulensis,
1363 1626 1401 1693 B.
1419 1627 1605 1693 Katherine
1620 1629 1663 1694 de
1689 1629 1856 1716 Haudion,

499 1728 717 1796 Caureracen.
740 1738 774 1795 et
790 1731 977 1797 Toruacen.
992 1730 1090 1812 dioc,
1114 1732 1264 1797 noscitur
1279 1732 1440 1797 obtinere.
1452 1773 1496 1781 —
1513 1732 1587 1798 Fiat
1605 1731 1646 1799 R.

541 1832 621 1897 Dat.
637 1832 736 1898 Aviu.
752 1856 772 1917 4
795 1854 875 1900 uon.
892 1842 977 1920 sept.
994 1842 1028 1899 a⁰
1045 1842 1087 1918 5⁰.
1105 1835 1173 1918 (ll,
1194 1837 1269 1918 166)
1286 1841 1308 1900 ⁸.

551 1968 692 2051 1057.
1472 1986 1567 2067 1346,
1587 2008 1606 2049 2
1628 1988 1819 2072 septembre.

540 2086 640 2152 Motu
669 2088 804 2173 proprio
833 2087 1047 2172 providemus
1071 2086 1218 2152 Geraldo
1247 2086 1290 2151 de
1315 2086 1529 2174 Cbampiers,
1551 2089 1628 2155 cler.
1645 2088 1853 2157 Lemovicen.

495 2190 592 2271 dioc,
609 2189 650 2254 de
667 2210 740 2255 can.
757 2200 792 2254 et
806 2190 899 2275 preb.
916 2190 948 2255 S.
976 2189 1066 2254 Petri
1095 2188 1285 2270 insulensis
1309 2189 1498 2256 Toruacen.
1524 2192 1623 2272 dioc,
1638 2214 1714 2260 vac.
1730 2215 1791 2280 per
1804 2197 1851 2261 ob.

494 2292 661 2371 Jobaunis
676 2295 718 2360 de
733 2295 875 2374 Albone,
892 2293 949 2378 qui
964 2302 1059 2359 extra
1078 2293 1175 2359 Rom.
1193 2315 1260 2359 cur.
1271 2294 1361 2359 diem
1377 2296 1494 2361 clausit
1510 2303 1708 2363 extremum.
1725 2339 1769 2348 -
1785 2297 1851 2363 Fiat

494 2408 591 2463 motu
606 2398 750 2483 proprio.
769 2397 808 2463 R.

538 2502 618 2567 Dat.
634 2501 733 2567 Avin.
750 2524 769 2585 4
785 2521 864 2567 non.
880 2509 965 2586 sept.
983 2507 1017 2565 a⁰
1034 2507 1076 2585 5⁰.
1094 2501 1160 2584 (ll,
1182 2502 1257 2585 169)

547 2638 689 2721 1058·
1478 2654 1573 2737 1346,
1587 2675 1605 2735 ,r
1622 2656 1813 2740 septembre.

538 2755 638 2822 Motu
652 2756 788 2842 proprio
802 2754 1019 2841 providemus
1033 2752 1053 2831 J
1056 2753 1182 2819 ohanni
1192 2755 1235 2820 de
1248 2752 1409 2820 Claveriis
1422 2755 1604 2836 Dalveruh‚
1613 2756 1718 2824 famil.
1731 2766 1850 2836 nostro,

492 2862 534 2926 de
551 2882 623 2926 can.
648 2869 682 2925 et
697 2862 790 2946 preb.
806 2859 888 2925 eccl.
905 2859 936 2924 S.
952 2858 1135 2924 Audomari
1151 2859 1195 2924 de
1211 2859 1242 2925 S.
1258 2859 1464 2939 Audomar0,
1482 2858 1650 2925 Morineu.
1667 2861 1766 2943 dioc,
1782 2882 1850 2927 vac.

491 2985 550 3049 per
564 2974 708 3030 mortem
722 2962 883 3029 Bemardi
895 2962 937 3027 de
949 2961 1131 3043 Cucinaco,
1148 2962 1236 3028 sedis
1262 2970 1370 3047 apost.
1388 2983 1461 3048 cap.
1475 2974 1494 3029 ².
1512 3001 1545 3012 -
1567 2963 1645 3030 Fiat
1660 2972 1757 3031 motu
1780 2986 1851 3052 pro·

490 3069 573 3133 ori0.
587 3067 627 3134 R.

534 3173 611 3237 Dat.
628 3172 726 3236 Avin.
745 3193 761 3235 2
778 3192 855 3237 uon.
872 3179 956 3255 sept.
973 3175 1007 3233 a⁰
1024 3178 1063 3253 5⁰.
1080 3171 1146 3254 (ll,
1164 3170 1251 3254 168).
1267 3169 1280 3205 '’

542 3309 688 3392 1059.
1475 3320 1570 3405 1346,
1583 3321 1604 3383 6
1621 3324 1812 3409 septembre.

532 3428 633 3512 Supp.
647 3426 684 3491 sr.
698 3426 834 3510 Egidius
848 3423 891 3488 de
909 3423 1294 3504 Flaudria,Lindinensis
1309 3423 1438 3509 epise.³,
1452 3432 1544 3507 quat.
1560 3424 1621 3489 sibi
1638 3445 1679 3490 ac
1694 3426 1852 3510 religiosis

488 3541 523 3595 et
534 3531 684 3595 honestis
694 3530 772 3593 viris
783 3527 931 3606 Johanni
948 3528 1040 3594 dicto
1057 3527 1260 3593 Puishalhuc
1276 3536 1309 3592 et
1328 3527 1449 3593 Livino
1464 3526 1557 3593 dicto
1572 3528 1662 3609 Alin,
1678 3530 1853 3595 monachis

488 3635 680 3700 monasterii
694 3634 725 3699 S.
738 3633 826 3697 Petri
850 3631 1047 3714 Gaudensis,
1065 3632 1106 3697 O.
1123 3632 1154 3697 S.
1167 3630 1400 3711 B.,d0micelle
1415 3630 1602 3716 Elysabeth
1618 3632 1661 3697 de
1676 3632 1852 3719 Adeudyc,

488 3740 555 3803 filie
578 3738 749 3823 quondam
764 3735 962 3802 Theoderici
984 3736 1153 3819 quondam
1170 3736 1227 3800 filii
1246 3734 1389 3815 Mathie,
1408 3734 1527 3819 Egidio
1542 3734 1585 3799 de
1602 3732 1805 3801 Roeselaere
1821 3745 1853 3801 et

488 3843 604 3923 Paulo,
611 3843 679 3909 filio
694 3841 864 3926 quondam
874 3838 893 3917 J
897 3840 993 3906 acobi
1006 3839 1155 3920 Martini,
1167 3839 1294 3905 clericis
1306 3838 1492 3904 Toruacen.
1505 3837 1603 3917 dioc,
1615 3858 1655 3903 ac
1666 3838 1852 3905 Goessuino

487 3947 529 4012 de
558 3947 688 4026 Monte,
713 3937 810 4010 militi
835 3943 1025 4028 Trajecteu.
1049 3943 1146 4023 dioc,
1171 3942 1255 4028 [ind.
1271 3942 1305 4006 in
1322 3949 1382 4007 art.
1399 3939 1516 4026 mort]
1536 3939 1724 4005 concedere
1740 3942 1852 4027 digne·

487 4051 568 4115 mini
585 4060 620 4115 ut
637 4052 670 4114 iu
687 4050 793 4114 forma
809 4049 843 4112 iu
860 4047 981 4113 talibus
997 4054 1169 4112 consueta.
1185 4085 1228 4093 -
1245 4044 1322 4109 Fiat
1340 4043 1379 4109 R.

532 4154 619 4217 Item
635 4174 730 4238 supp.
743 4152 831 4216 idem
848 4151 949 4236 episc.
960 4157 1052 4234 quat.
1062 4149 1123 4214 sibi
1139 4149 1173 4213 in
1189 4169 1274 4234 pers
1291 4148 1402 4213 clerici
1419 4147 1467 4211 sui
1486 4146 1588 4227 Pauli,
1605 4146 1663 4210 filii
1680 4150 1851 4230 quondam

483 4256 602 4335 Jacobi
628 4255 776 4335 Martini,
801 4255 913 4320 acoliti
938 4254 1124 4319 Toruacen.
1136 4253 1235 4333 dioc,
1256 4272 1345 4337 spec.
1361 4272 1408 4336 gr.
1424 4251 1594 4329 facientes,
1610 4249 1653 4314 de
1668 4253 1746 4316 ben.
1763 4252 1846 4318 eccl.

486 4381 514 4425 c.
532 4381 560 4424 c.
577 4361 629 4423 vel
647 4380 671 4423 s.
689 4379 717 4423 c.
735 4366 839 4444 spect.
856 4356 899 4422 ad
915 4358 990 4422 coll.
1002 4360 1077 4422 abb.
1088 4365 1122 4422 et
1135 4377 1233 4422 conv.
1245 4355 1439 4422 monasterii
1451 4355 1482 4420 S.
1494 4353 1640 4419 Bavouis
1651 4353 1849 4433 Gaudensis,

517 4547 545 4606 a)
559 4547 598 4593 On
610 4548 679 4592 avait
691 4544 797 4591 d'abord
810 4546 857 4591 mis
870 4544 920 4591 III
933 4559 986 4591 nou.
998 4544 1038 4591 En
1054 4558 1140 4604 merge
1151 4558 1185 4591 on
1197 4548 1288 4591 trouve
1306 4543 1332 4590 la
1352 4556 1486 4603 romaeque
1503 4557 1507 4588 :
1524 4542 1642 4589 (brreclo
1648 4540 1708 4602 fvit
1718 4543 1811 4605 petitio
1822 4542 1848 4588 ie

484 4620 547 4667 detto
559 4635 605 4681 per·
612 4621 723 4681 prim-eve
737 4617 910 4675 Abbativrv'lle,
924 4617 954 4664 de
961 4621 1080 4680 prerepto
1097 4617 1192 4664 dorilei
1203 4618 1288 4675 urum,
1301 4619 1325 4663 et
1336 4616 1378 4663 bic
1384 4632 1435 4679 per
1446 4631 1484 4662 nee
1494 4615 1633 4663 ehrlrouuem
1646 4613 1678 4661 de
1689 4614 1808 4663 Haterio.
1817 4643 1848 4650 —

485 4694 512 4751 b)
526 4695 600 4742 Cette
612 4693 747 4755 supplique
759 4699 797 4739 est
809 4690 905 4738 horreo.
918 4691 959 4737 Eu
970 4706 1056 4752 merge
1068 4705 1101 4737 ou
1113 4691 1145 4738 lit
1159 4706 1165 4738 z
1183 4688 1286 4737 (beruto
1306 4690 1368 4752 quio
1387 4690 1522 4753 repirtratu
1543 4691 1577 4736 est
1597 4687 1663 4734 olibi
1677 4690 1765 4751 priene
1785 4688 1849 4736 libro

483 4768 545 4813 eleni
558 4768 621 4812 secli
633 4766 678 4812 aab
689 4765 744 4811 olio
757 4763 826 4822 dudo,
833 4763 861 4824 s⁰
877 4764 917 4812 811.

517 4972 536 5015 l.
553 4969 633 5031 (brrp.
646 4966 760 5023 chronol,
776 4969 828 5015 lll.
840 4996 871 5002 -
883 4971 906 5015 2.
917 4968 977 5015 Voir
989 4983 1014 5016 n.
1027 4969 1082 5016 961.
1094 4996 1126 5004 -
1138 4971 1160 5017 3.
1174 4968 1254 5015 Gilles
1265 4966 1297 5015 de
1310 4964 1428 5026 Fhaudre,
1441 4965 1567 5027 religieux
1586 4964 1619 5013 de
1638 4963 1732 5013 l’ordre
1742 4964 1790 5013 des
1803 4964 1846 5011 Er·

481 5044 556 5090 mites
568 5042 600 5089 de
613 5043 788 5100 SrAugustiu,
802 5041 841 5092 όν.
858 5042 889 5089 de
908 5042 990 5089 Liuda
1006 5057 1037 5089 eu
1051 5043 1167 5103 Pbrygie,
1180 5055 1271 5101 exer-ca
1288 5040 1324 5087 les
1342 5040 1471 5088 fonctions
1488 5039 1612 5100 d'equue
1629 5038 1766 5086 auxiliairo
1782 5037 1846 5086 dans

481 5116 516 5163 les
526 5114 637 5163 dioceses
648 5115 679 5161 de
692 5115 810 5161 Oaurbrai
823 5119 849 5162 ot
866 5114 898 5162 de
910 5115 1027 5163 Touruai.
1040 5114 1139 5177 (Reeue
1157 5114 1258 5173 Belere'd,
1277 5119 1296 5162 t.
1309 5113 1363 5161 XX
1375 5115 1473 5176 (1903),
1487 5114 1594 5161 all-249
1607 5127 1612 5169 ;
1632 5117 1651 5161 t.
1664 5111 1732 5159 XXI
1745 5112 1844 5174 (1904),

481 5203 504 5251 p,
518 5191 586 5250 211).
