<?xml version="1.0" encoding="UTF-8"?>
<!DOCTYPE html PUBLIC "-//W3C//DTD XHTML 1.0 Transitional//EN"
    "http://www.w3.org/TR/xhtml1/DTD/xhtml1-transitional.dtd">
<html xmlns="http://www.w3.org/1999/xhtml" xml:lang="en" lang="en">
 <head>
  <title>
</title>
<meta http-equiv="Content-Type" content="text/html;charset=utf-8" />
  <meta name='ocr-system' content='tesseract 3.04.00' />
  <meta name='ocr-capabilities' content='ocr_page ocr_carea ocr_par ocr_line ocrx_word'/>
</head>
<body>
  <div class='ocr_page' id='page_1' title='image "./suppliquesdeclm00goog_0380.png"; bbox 0 0 4650 6059; ppageno 0'>
   <div class='ocr_carea' id='block_1_1' title="bbox 1034 819 1845 904">
    <p class='ocr_par' dir='ltr' id='par_1_1' title="bbox 1034 819 1845 904">
     <span class='ocr_line' id='line_1_1' title="bbox 1034 819 1845 904; baseline 0.02 -19"><span class='ocrx_word' id='word_1_1' title='bbox 1034 820 1124 902; x_wconf 67' lang='lat'>1847,</span> <span class='ocrx_word' id='word_1_2' title='bbox 1148 819 1198 887; x_wconf 69' lang='lat'>5²6</span> <span class='ocrx_word' id='word_1_3' title='bbox 1220 823 1299 890; x_wconf 74' lang='lat' dir='ltr'>aar</span> <span class='ocrx_word' id='word_1_4' title='bbox 1783 830 1845 904; x_wconf 74' lang='grc'><strong>821</strong></span> 
     </span>
    </p>
   </div>
   <div class='ocr_carea' id='block_1_2' title="bbox 480 973 1846 1482">
    <p class='ocr_par' dir='ltr' id='par_1_2' title="bbox 480 973 1846 1376">
     <span class='ocr_line' id='line_1_2' title="bbox 481 973 1846 1063; baseline 0.006 -22"><span class='ocrx_word' id='word_1_5' title='bbox 481 973 700 1056; x_wconf 79' lang='lat' dir='ltr'>commodum</span> <span class='ocrx_word' id='word_1_6' title='bbox 722 976 915 1063; x_wconf 78' lang='lat' dir='ltr'>reportavit,</span> <span class='ocrx_word' id='word_1_7' title='bbox 939 984 1055 1048; x_wconf 87' lang='lat' dir='ltr'>tamen</span> <span class='ocrx_word' id='word_1_8' title='bbox 1079 995 1140 1061; x_wconf 91' lang='lat' dir='ltr'>pro</span> <span class='ocrx_word' id='word_1_9' title='bbox 1162 975 1242 1062; x_wconf 90' lang='lat' dir='ltr'>ipsis</span> <span class='ocrx_word' id='word_1_10' title='bbox 1265 975 1528 1063; x_wconf 87' lang='lat' dir='ltr'>quamplurimos</span> <span class='ocrx_word' id='word_1_11' title='bbox 1549 978 1680 1052; x_wconf 85' lang='lat' dir='ltr'>labores</span> <span class='ocrx_word' id='word_1_12' title='bbox 1695 981 1795 1056; x_wconf 87' lang='lat' dir='ltr'>subiit</span> <span class='ocrx_word' id='word_1_13' title='bbox 1810 993 1846 1052; x_wconf 91' lang='lat' dir='ltr'>et</span> 
     </span>
     <span class='ocr_line' id='line_1_3' title="bbox 481 1078 1846 1171; baseline 0.006 -23"><span class='ocrx_word' id='word_1_14' title='bbox 481 1100 673 1168; x_wconf 55' lang='lat' dir='ltr'>arpensem</span> <span class='ocrx_word' id='word_1_15' title='bbox 703 1081 803 1160; x_wconf 80' lang='lat' dir='ltr'>offert</span> <span class='ocrx_word' id='word_1_16' title='bbox 832 1102 868 1150; x_wconf 87' lang='lat' dir='ltr'>se</span> <span class='ocrx_word' id='word_1_17' title='bbox 898 1088 1013 1153; x_wconf 89' lang='lat' dir='ltr'>autem</span> <span class='ocrx_word' id='word_1_18' title='bbox 1042 1081 1153 1161; x_wconf 89' lang='lat' dir='ltr'>dictus</span> <span class='ocrx_word' id='word_1_19' title='bbox 1182 1078 1355 1159; x_wconf 87' lang='lat' dir='ltr'>Johannes</span> <span class='ocrx_word' id='word_1_20' title='bbox 1386 1080 1521 1150; x_wconf 80' lang='lat' dir='ltr'>Motelli</span> <span class='ocrx_word' id='word_1_21' title='bbox 1552 1085 1773 1171; x_wconf 83' lang='lat' dir='ltr'>capellaniam</span> <span class='ocrx_word' id='word_1_22' title='bbox 1803 1089 1846 1156; x_wconf 86' lang='lat' dir='ltr'>de</span> 
     </span>
     <span class='ocr_line' id='line_1_4' title="bbox 480 1183 1844 1275; baseline 0.006 -21"><span class='ocrx_word' id='word_1_23' title='bbox 480 1183 642 1272; x_wconf 89' lang='lat' dir='ltr'>Buycour</span> <span class='ocrx_word' id='word_1_24' title='bbox 666 1184 855 1273; x_wconf 76' lang='lat' dir='ltr'>predictum</span> <span class='ocrx_word' id='word_1_25' title='bbox 877 1185 1059 1267; x_wconf 79' lang='lat' dir='ltr'>dimittere,</span> <span class='ocrx_word' id='word_1_26' title='bbox 1087 1206 1165 1253; x_wconf 85' lang='lat' dir='ltr'>cunr</span> <span class='ocrx_word' id='word_1_27' title='bbox 1189 1185 1277 1252; x_wconf 89' lang='lat' dir='ltr'>illius</span> <span class='ocrx_word' id='word_1_28' title='bbox 1293 1185 1324 1253; x_wconf 86' lang='lat' dir='ltr'>S.</span> <span class='ocrx_word' id='word_1_29' title='bbox 1341 1185 1457 1255; x_wconf 82' lang='lat' dir='ltr'><strong>Crucis</strong></span> <span class='ocrx_word' id='word_1_30' title='bbox 1480 1187 1578 1256; x_wconf 84' lang='lat' dir='ltr'>fuerit</span> <span class='ocrx_word' id='word_1_31' title='bbox 1600 1191 1844 1275; x_wconf 84' lang='lat' dir='ltr'>possessionem</span> 
     </span>
     <span class='ocr_line' id='line_1_5' title="bbox 480 1287 1063 1376; baseline 0.012 -20"><span class='ocrx_word' id='word_1_32' title='bbox 480 1287 662 1376; x_wconf 74' lang='lat' dir='ltr'>pacificam</span> <span class='ocrx_word' id='word_1_33' title='bbox 677 1298 859 1370; x_wconf 79' lang='lat' dir='ltr'>assecutus.</span> <span class='ocrx_word' id='word_1_34' title='bbox 874 1329 917 1371; x_wconf 89' lang='lat'>··.</span> <span class='ocrx_word' id='word_1_35' title='bbox 931 1288 1006 1358; x_wconf 90' lang='lat' dir='ltr'>Fiat</span> <span class='ocrx_word' id='word_1_36' title='bbox 1023 1289 1063 1363; x_wconf 82' lang='lat' dir='ltr'>R..</span> 
     </span>
    </p>

    <p class='ocr_par' dir='ltr' id='par_1_3' title="bbox 480 1392 1240 1482">
     <span class='ocr_line' id='line_1_6' title="bbox 480 1392 1240 1482; baseline -0.017 -9"><span class='ocrx_word' id='word_1_37' title='bbox 480 1473 484 1478; x_wconf 80' lang='grc'><em>,</em></span> <span class='ocrx_word' id='word_1_38' title='bbox 523 1392 1240 1482; x_wconf 62' lang='lat' dir='ltr'>Datavinskalaugaorrao,1⁶4).</span> 
     </span>
    </p>
   </div>
   <div class='ocr_carea' id='block_1_3' title="bbox 535 1529 1801 1632">
    <p class='ocr_par' dir='ltr' id='par_1_4' title="bbox 535 1529 1801 1632">
     <span class='ocr_line' id='line_1_7' title="bbox 535 1529 1801 1632; baseline 0.003 -19"><span class='ocrx_word' id='word_1_39' title='bbox 535 1529 679 1618; x_wconf 83' lang='grc'><strong>1230.</strong></span> <span class='ocrx_word' id='word_1_40' title='bbox 1564 1565 1659 1632; x_wconf 68' lang='lat'>1347,</span> <span class='ocrx_word' id='word_1_41' title='bbox 1676 1568 1698 1632; x_wconf 90' lang='lat'>5</span> <span class='ocrx_word' id='word_1_42' title='bbox 1713 1555 1801 1618; x_wconf 77' lang='lat' dir='ltr'>nott.</span> 
     </span>
    </p>
   </div>
   <div class='ocr_carea' id='block_1_4' title="bbox 479 1647 1908 3726">
    <p class='ocr_par' dir='ltr' id='par_1_5' title="bbox 479 1647 1908 3622">
     <span class='ocr_line' id='line_1_8' title="bbox 522 1647 1847 1740; baseline 0.003 -23"><span class='ocrx_word' id='word_1_43' title='bbox 522 1651 615 1740; x_wconf 85' lang='lat' dir='ltr'>Sign.</span> <span class='ocrx_word' id='word_1_44' title='bbox 640 1649 672 1718; x_wconf 88' lang='lat' dir='ltr'>S.</span> <span class='ocrx_word' id='word_1_45' title='bbox 689 1649 729 1718; x_wconf 90' lang='lat' dir='ltr'>V.</span> <span class='ocrx_word' id='word_1_46' title='bbox 757 1648 877 1718; x_wconf 86' lang='lat' dir='ltr'>Helias</span> <span class='ocrx_word' id='word_1_47' title='bbox 901 1649 945 1718; x_wconf 89' lang='lat' dir='ltr'>de</span> <span class='ocrx_word' id='word_1_48' title='bbox 970 1647 1141 1734; x_wconf 83' lang='lat' dir='ltr'>Buffenos,</span> <span class='ocrx_word' id='word_1_49' title='bbox 1167 1647 1258 1736; x_wconf 89' lang='lat' dir='ltr'>quod</span> <span class='ocrx_word' id='word_1_50' title='bbox 1281 1669 1388 1737; x_wconf 87' lang='lat' dir='ltr'>nuper</span> <span class='ocrx_word' id='word_1_51' title='bbox 1403 1649 1573 1720; x_wconf 83' lang='lat' dir='ltr'>Sanctitas</span> <span class='ocrx_word' id='word_1_52' title='bbox 1594 1652 1666 1740; x_wconf 89' lang='lat' dir='ltr'>ipsa</span> <span class='ocrx_word' id='word_1_53' title='bbox 1688 1654 1847 1721; x_wconf 81' lang='lat' dir='ltr'>Alexium</span> 
     </span>
     <span class='ocr_line' id='line_1_9' title="bbox 481 1750 1845 1845; baseline 0.003 -22"><span class='ocrx_word' id='word_1_54' title='bbox 481 1753 662 1839; x_wconf 82' lang='lat' dir='ltr'>Frederici,</span> <span class='ocrx_word' id='word_1_55' title='bbox 687 1763 862 1823; x_wconf 85' lang='lat' dir='ltr'>cantorem</span> <span class='ocrx_word' id='word_1_56' title='bbox 882 1755 965 1823; x_wconf 87' lang='lat' dir='ltr'>eccl.</span> <span class='ocrx_word' id='word_1_57' title='bbox 981 1754 1013 1822; x_wconf 86' lang='lat' dir='ltr'>S.</span> <span class='ocrx_word' id='word_1_58' title='bbox 1029 1750 1213 1822; x_wconf 86' lang='lat' dir='ltr'>Audomari</span> <span class='ocrx_word' id='word_1_59' title='bbox 1229 1754 1272 1821; x_wconf 90' lang='lat' dir='ltr'>de</span> <span class='ocrx_word' id='word_1_60' title='bbox 1287 1753 1318 1821; x_wconf 86' lang='lat' dir='ltr'>S.</span> <span class='ocrx_word' id='word_1_61' title='bbox 1335 1754 1540 1839; x_wconf 71' lang='lat' dir='ltr'>audomaro,</span> <span class='ocrx_word' id='word_1_62' title='bbox 1559 1755 1727 1826; x_wconf 85' lang='lat' dir='ltr'>Morinen.</span> <span class='ocrx_word' id='word_1_63' title='bbox 1747 1757 1845 1845; x_wconf 86' lang='lat' dir='ltr'>dioc,</span> 
     </span>
     <span class='ocr_line' id='line_1_10' title="bbox 480 1858 1846 1950; baseline 0.003 -22"><span class='ocrx_word' id='word_1_64' title='bbox 480 1860 601 1950; x_wconf 88' lang='lat' dir='ltr'>injure</span> <span class='ocrx_word' id='word_1_65' title='bbox 617 1859 710 1948; x_wconf 89' lang='lat' dir='ltr'>quod</span> <span class='ocrx_word' id='word_1_66' title='bbox 731 1859 834 1929; x_wconf 91' lang='lat' dir='ltr'>Petro</span> <span class='ocrx_word' id='word_1_67' title='bbox 849 1859 986 1947; x_wconf 82' lang='lat' dir='ltr'>Agapiti</span> <span class='ocrx_word' id='word_1_68' title='bbox 1004 1858 1047 1927; x_wconf 91' lang='lat' dir='ltr'>de</span> <span class='ocrx_word' id='word_1_69' title='bbox 1062 1858 1250 1946; x_wconf 90' lang='lat' dir='ltr'>Columpna</span> <span class='ocrx_word' id='word_1_70' title='bbox 1266 1859 1308 1926; x_wconf 91' lang='lat' dir='ltr'>de</span> <span class='ocrx_word' id='word_1_71' title='bbox 1325 1858 1428 1943; x_wconf 87' lang='lat' dir='ltr'>Urbe,</span> <span class='ocrx_word' id='word_1_72' title='bbox 1446 1868 1481 1927; x_wconf 88' lang='lat' dir='ltr'>et</span> <span class='ocrx_word' id='word_1_73' title='bbox 1497 1860 1669 1947; x_wconf 91' lang='lat' dir='ltr'>quondam</span> <span class='ocrx_word' id='word_1_74' title='bbox 1686 1862 1787 1934; x_wconf 90' lang='lat' dir='ltr'>Petro</span> <span class='ocrx_word' id='word_1_75' title='bbox 1803 1863 1846 1932; x_wconf 91' lang='lat' dir='ltr'>de</span> 
     </span>
     <span class='ocr_line' id='line_1_11' title="bbox 481 1963 1847 2054; baseline 0.001 -16"><span class='ocrx_word' id='word_1_76' title='bbox 481 1963 872 2049; x_wconf 68' lang='lat' dir='ltr'>Muennacremonar,</span> <span class='ocrx_word' id='word_1_77' title='bbox 890 1965 1028 2049; x_wconf 81' lang='lat' dir='ltr'>clericis,</span> <span class='ocrx_word' id='word_1_78' title='bbox 1043 1965 1078 2033; x_wconf 92' lang='lat' dir='ltr'>in</span> <span class='ocrx_word' id='word_1_79' title='bbox 1094 1984 1169 2033; x_wconf 89' lang='lat' dir='ltr'>can.</span> <span class='ocrx_word' id='word_1_80' title='bbox 1185 1972 1220 2032; x_wconf 90' lang='lat' dir='ltr'>et</span> <span class='ocrx_word' id='word_1_81' title='bbox 1235 1967 1327 2053; x_wconf 86' lang='lat' dir='ltr'><strong>preb.</strong></span> <span class='ocrx_word' id='word_1_82' title='bbox 1342 1964 1519 2050; x_wconf 85' lang='lat' dir='ltr'>diaconali,</span> <span class='ocrx_word' id='word_1_83' title='bbox 1536 1975 1571 2035; x_wconf 89' lang='lat' dir='ltr'>et</span> <span class='ocrx_word' id='word_1_84' title='bbox 1587 1968 1792 2054; x_wconf 88' lang='lat' dir='ltr'>continuam,</span> <span class='ocrx_word' id='word_1_85' title='bbox 1809 1979 1847 2041; x_wconf 92' lang='lat' dir='ltr'>ut</span> 
     </span>
     <span class='ocr_line' id='line_1_12' title="bbox 480 2068 1845 2160; baseline 0.001 -20"><span class='ocrx_word' id='word_1_86' title='bbox 480 2069 648 2153; x_wconf 82' lang='lat' dir='ltr'>asseritur,</span> <span class='ocrx_word' id='word_1_87' title='bbox 659 2069 875 2140; x_wconf 76' lang='lat' dir='ltr'>residentiam</span> <span class='ocrx_word' id='word_1_88' title='bbox 899 2070 1099 2156; x_wconf 81' lang='lat' dir='ltr'>requirente,</span> <span class='ocrx_word' id='word_1_89' title='bbox 1120 2068 1211 2138; x_wconf 89' lang='lat' dir='ltr'>dicte</span> <span class='ocrx_word' id='word_1_90' title='bbox 1234 2070 1375 2152; x_wconf 84' lang='lat' dir='ltr'>ecclesie</span> <span class='ocrx_word' id='word_1_91' title='bbox 1396 2074 1625 2159; x_wconf 84' lang='lat' dir='ltr'>competebat,</span> <span class='ocrx_word' id='word_1_92' title='bbox 1642 2074 1845 2160; x_wconf 85' lang='lat' dir='ltr'>subrogavit,</span> 
     </span>
     <span class='ocr_line' id='line_1_13' title="bbox 479 2172 1847 2266; baseline 0.006 -26"><span class='ocrx_word' id='word_1_93' title='bbox 479 2175 658 2263; x_wconf 82' lang='lat' dir='ltr'>ipsrnnque</span> <span class='ocrx_word' id='word_1_94' title='bbox 680 2175 735 2262; x_wconf 84' lang='lat' dir='ltr'>jus</span> <span class='ocrx_word' id='word_1_95' title='bbox 749 2173 894 2243; x_wconf 88' lang='lat' dir='ltr'>cuntulit</span> <span class='ocrx_word' id='word_1_96' title='bbox 909 2182 945 2242; x_wconf 90' lang='lat' dir='ltr'>et</span> <span class='ocrx_word' id='word_1_97' title='bbox 960 2172 1002 2242; x_wconf 90' lang='lat' dir='ltr'>de</span> <span class='ocrx_word' id='word_1_98' title='bbox 1017 2174 1076 2242; x_wconf 93' lang='lat' dir='ltr'>illo</span> <span class='ocrx_word' id='word_1_99' title='bbox 1091 2173 1122 2241; x_wconf 90' lang='lat' dir='ltr'>ei</span> <span class='ocrx_word' id='word_1_100' title='bbox 1137 2173 1284 2262; x_wconf 90' lang='lat' dir='ltr'>providit</span> <span class='ocrx_word' id='word_1_101' title='bbox 1300 2192 1321 2258; x_wconf 88' lang='lat'>¹,</span> <span class='ocrx_word' id='word_1_102' title='bbox 1342 2184 1442 2263; x_wconf 90' lang='lat' dir='ltr'>prout</span> <span class='ocrx_word' id='word_1_103' title='bbox 1457 2176 1492 2244; x_wconf 91' lang='lat' dir='ltr'>in</span> <span class='ocrx_word' id='word_1_104' title='bbox 1507 2174 1627 2245; x_wconf 86' lang='lat' dir='ltr'>litteris</span> <span class='ocrx_word' id='word_1_105' title='bbox 1652 2179 1847 2266; x_wconf 85' lang='lat' dir='ltr'>apostolicis</span> 
     </span>
     <span class='ocr_line' id='line_1_14' title="bbox 481 2278 1843 2370; baseline 0.003 -23"><span class='ocrx_word' id='word_1_106' title='bbox 481 2279 557 2347; x_wconf 88' lang='lat' dir='ltr'>inde</span> <span class='ocrx_word' id='word_1_107' title='bbox 580 2279 746 2348; x_wconf 82' lang='lat' dir='ltr'>coniectis</span> <span class='ocrx_word' id='word_1_108' title='bbox 770 2278 902 2368; x_wconf 81' lang='lat' dir='ltr'>plenius</span> <span class='ocrx_word' id='word_1_109' title='bbox 926 2278 1117 2348; x_wconf 84' lang='lat' dir='ltr'>continetur</span> <span class='ocrx_word' id='word_1_110' title='bbox 1132 2301 1141 2361; x_wconf 92' lang='lat'>;</span> <span class='ocrx_word' id='word_1_111' title='bbox 1159 2278 1317 2366; x_wconf 88' lang='lat' dir='ltr'>quodque</span> <span class='ocrx_word' id='word_1_112' title='bbox 1332 2280 1405 2368; x_wconf 84' lang='lat' dir='ltr'>ipsa</span> <span class='ocrx_word' id='word_1_113' title='bbox 1420 2279 1587 2349; x_wconf 79' lang='lat' dir='ltr'>Sanctitas</span> <span class='ocrx_word' id='word_1_114' title='bbox 1601 2281 1719 2365; x_wconf 92' lang='lat' dir='ltr'>voluit,</span> <span class='ocrx_word' id='word_1_115' title='bbox 1742 2285 1843 2370; x_wconf 90' lang='lat' dir='ltr'>quod,</span> 
     </span>
     <span class='ocr_line' id='line_1_15' title="bbox 480 2385 1844 2476; baseline 0.001 -22"><span class='ocrx_word' id='word_1_116' title='bbox 480 2386 728 2476; x_wconf 81' lang='lat' dir='ltr'>quamprimum</span> <span class='ocrx_word' id='word_1_117' title='bbox 752 2385 842 2458; x_wconf 88' lang='lat' dir='ltr'>idem</span> <span class='ocrx_word' id='word_1_118' title='bbox 865 2386 1004 2465; x_wconf 82' lang='lat' dir='ltr'>Alexius</span> <span class='ocrx_word' id='word_1_119' title='bbox 1029 2386 1139 2465; x_wconf 88' lang='lat' dir='ltr'>dictos</span> <span class='ocrx_word' id='word_1_120' title='bbox 1164 2404 1239 2465; x_wconf 76' lang='lat' dir='ltr'>can,</span> <span class='ocrx_word' id='word_1_121' title='bbox 1255 2395 1290 2452; x_wconf 93' lang='lat' dir='ltr'>et</span> <span class='ocrx_word' id='word_1_122' title='bbox 1306 2389 1400 2476; x_wconf 85' lang='lat' dir='ltr'>preb.</span> <span class='ocrx_word' id='word_1_123' title='bbox 1416 2386 1502 2462; x_wconf 86' lang='lat' dir='ltr'>foret</span> <span class='ocrx_word' id='word_1_124' title='bbox 1516 2387 1631 2475; x_wconf 89' lang='lat' dir='ltr'>vigore</span> <span class='ocrx_word' id='word_1_125' title='bbox 1657 2388 1844 2470; x_wconf 81' lang='lat' dir='ltr'>litterarum</span> 
     </span>
     <span class='ocr_line' id='line_1_16' title="bbox 480 2489 1843 2582; baseline 0.002 -23"><span class='ocrx_word' id='word_1_126' title='bbox 480 2489 671 2580; x_wconf 87' lang='lat' dir='ltr'>hujusmodi</span> <span class='ocrx_word' id='word_1_127' title='bbox 686 2490 829 2582; x_wconf 81' lang='lat' dir='ltr'>pacifice</span> <span class='ocrx_word' id='word_1_128' title='bbox 843 2499 1024 2574; x_wconf 87' lang='lat' dir='ltr'>assecutus,</span> <span class='ocrx_word' id='word_1_129' title='bbox 1037 2511 1111 2558; x_wconf 89' lang='lat' dir='ltr'>can.</span> <span class='ocrx_word' id='word_1_130' title='bbox 1128 2497 1162 2558; x_wconf 90' lang='lat' dir='ltr'>et</span> <span class='ocrx_word' id='word_1_131' title='bbox 1178 2511 1318 2580; x_wconf 85' lang='lat' dir='ltr'>parvam</span> <span class='ocrx_word' id='word_1_132' title='bbox 1333 2493 1436 2578; x_wconf 75' lang='lat' dir='ltr'>preb,</span> <span class='ocrx_word' id='word_1_133' title='bbox 1452 2511 1536 2582; x_wconf 91' lang='lat' dir='ltr'>quos</span> <span class='ocrx_word' id='word_1_134' title='bbox 1551 2492 1641 2559; x_wconf 90' lang='lat' dir='ltr'>idem</span> <span class='ocrx_word' id='word_1_135' title='bbox 1656 2494 1794 2564; x_wconf 84' lang='lat' dir='ltr'>Alexius</span> <span class='ocrx_word' id='word_1_136' title='bbox 1808 2494 1843 2563; x_wconf 90' lang='lat' dir='ltr'>in</span> 
     </span>
     <span class='ocr_line' id='line_1_17' title="bbox 479 2593 1844 2687; baseline 0.002 -23"><span class='ocrx_word' id='word_1_137' title='bbox 479 2593 600 2666; x_wconf 82' lang='lat' dir='ltr'>eadem</span> <span class='ocrx_word' id='word_1_138' title='bbox 623 2596 706 2674; x_wconf 74' lang='lat' dir='ltr'>eccl,</span> <span class='ocrx_word' id='word_1_139' title='bbox 729 2595 871 2680; x_wconf 87' lang='lat' dir='ltr'>obtinet,</span> <span class='ocrx_word' id='word_1_140' title='bbox 886 2595 1055 2673; x_wconf 83' lang='lat' dir='ltr'>dimittere</span> <span class='ocrx_word' id='word_1_141' title='bbox 1070 2601 1251 2664; x_wconf 84' lang='lat' dir='ltr'>teneretur.</span> <span class='ocrx_word' id='word_1_142' title='bbox 1269 2595 1354 2662; x_wconf 90' lang='lat' dir='ltr'>Cum</span> <span class='ocrx_word' id='word_1_143' title='bbox 1370 2603 1485 2674; x_wconf 86' lang='lat' dir='ltr'>autem</span> <span class='ocrx_word' id='word_1_144' title='bbox 1500 2596 1581 2664; x_wconf 90' lang='lat' dir='ltr'>dicti</span> <span class='ocrx_word' id='word_1_145' title='bbox 1598 2618 1673 2666; x_wconf 89' lang='lat' dir='ltr'>can.</span> <span class='ocrx_word' id='word_1_146' title='bbox 1689 2605 1724 2665; x_wconf 90' lang='lat' dir='ltr'>et</span> <span class='ocrx_word' id='word_1_147' title='bbox 1739 2620 1844 2687; x_wconf 86' lang='lat' dir='ltr'>parva</span> 
     </span>
     <span class='ocr_line' id='line_1_18' title="bbox 481 2699 1908 2792; baseline 0.002 -25"><span class='ocrx_word' id='word_1_148' title='bbox 481 2699 650 2790; x_wconf 88' lang='lat' dir='ltr'>prebenda</span> <span class='ocrx_word' id='word_1_149' title='bbox 673 2708 852 2792; x_wconf 89' lang='lat' dir='ltr'>propterea</span> <span class='ocrx_word' id='word_1_150' title='bbox 879 2720 1000 2788; x_wconf 84' lang='lat' dir='ltr'>vacare</span> <span class='ocrx_word' id='word_1_151' title='bbox 1023 2705 1207 2791; x_wconf 90' lang='lat' dir='ltr'>sperentur,</span> <span class='ocrx_word' id='word_1_152' title='bbox 1233 2720 1328 2790; x_wconf 77' lang='lat' dir='ltr'>supp,</span> <span class='ocrx_word' id='word_1_153' title='bbox 1355 2699 1444 2769; x_wconf 86' lang='lat' dir='ltr'>idern</span> <span class='ocrx_word' id='word_1_154' title='bbox 1466 2700 1586 2768; x_wconf 88' lang='lat' dir='ltr'>Helias</span> <span class='ocrx_word' id='word_1_155' title='bbox 1608 2701 1650 2768; x_wconf 90' lang='lat' dir='ltr'>de</span> <span class='ocrx_word' id='word_1_156' title='bbox 1673 2700 1842 2788; x_wconf 86' lang='lat' dir='ltr'>Buffenos,</span> <span class='ocrx_word' id='word_1_157' title='bbox 1906 2749 1908 2752; x_wconf 77' lang='lat'>.</span> 
     </span>
     <span class='ocr_line' id='line_1_19' title="bbox 481 2801 1842 2893; baseline 0.002 -22"><span class='ocrx_word' id='word_1_158' title='bbox 481 2811 572 2891; x_wconf 85' lang='lat' dir='ltr'>quat.</span> <span class='ocrx_word' id='word_1_159' title='bbox 599 2803 662 2880; x_wconf 81' lang='lat' dir='ltr'>sibi</span> <span class='ocrx_word' id='word_1_160' title='bbox 686 2804 721 2893; x_wconf 85' lang='lat' dir='ltr'>in</span> <span class='ocrx_word' id='word_1_161' title='bbox 750 2824 962 2893; x_wconf 86' lang='lat' dir='ltr'>personam...</span> <span class='ocrx_word' id='word_1_162' title='bbox 993 2803 1094 2872; x_wconf 87' lang='lat' dir='ltr'>Helie</span> <span class='ocrx_word' id='word_1_163' title='bbox 1123 2804 1166 2871; x_wconf 91' lang='lat' dir='ltr'>de</span> <span class='ocrx_word' id='word_1_164' title='bbox 1197 2801 1390 2886; x_wconf 84' lang='lat' dir='ltr'>Lasconter,</span> <span class='ocrx_word' id='word_1_165' title='bbox 1416 2804 1459 2871; x_wconf 92' lang='lat' dir='ltr'>de</span> <span class='ocrx_word' id='word_1_166' title='bbox 1492 2806 1572 2872; x_wconf 89' lang='lat' dir='ltr'>villa</span> <span class='ocrx_word' id='word_1_167' title='bbox 1603 2805 1698 2874; x_wconf 90' lang='lat' dir='ltr'>Podii</span> <span class='ocrx_word' id='word_1_168' title='bbox 1729 2806 1842 2874; x_wconf 86' lang='lat' dir='ltr'>Sancti</span> 
     </span>
     <span class='ocr_line' id='line_1_20' title="bbox 483 2906 1843 2998; baseline 0.004 -24"><span class='ocrx_word' id='word_1_169' title='bbox 483 2906 673 2992; x_wconf 80' lang='lat' dir='ltr'>Frontonis,</span> <span class='ocrx_word' id='word_1_170' title='bbox 689 2907 945 2998; x_wconf 82' lang='lat' dir='ltr'>Petragoricen,</span> <span class='ocrx_word' id='word_1_171' title='bbox 958 2907 1080 2992; x_wconf 82' lang='lat' dir='ltr'>clerici,</span> <span class='ocrx_word' id='word_1_172' title='bbox 1092 2908 1272 2998; x_wconf 86' lang='lat' dir='ltr'>specialem</span> <span class='ocrx_word' id='word_1_173' title='bbox 1294 2908 1438 2998; x_wconf 83' lang='lat' dir='ltr'>gratiam</span> <span class='ocrx_word' id='word_1_174' title='bbox 1459 2908 1629 2993; x_wconf 87' lang='lat' dir='ltr'>facientes,</span> <span class='ocrx_word' id='word_1_175' title='bbox 1645 2910 1754 2979; x_wconf 88' lang='lat' dir='ltr'>dictos</span> <span class='ocrx_word' id='word_1_176' title='bbox 1770 2932 1843 2982; x_wconf 90' lang='lat' dir='ltr'>can.</span> 
     </span>
     <span class='ocr_line' id='line_1_21' title="bbox 481 3001 1844 3110; baseline 0 -26"><span class='ocrx_word' id='word_1_177' title='bbox 481 3020 514 3092; x_wconf 77' lang='lat' dir='ltr'>et</span> <span class='ocrx_word' id='word_1_178' title='bbox 525 3001 667 3102; x_wconf 74' lang='lat' dir='ltr'>parram</span> <span class='ocrx_word' id='word_1_179' title='bbox 678 3015 781 3103; x_wconf 75' lang='lat' dir='ltr'>preb,</span> <span class='ocrx_word' id='word_1_180' title='bbox 793 3032 871 3092; x_wconf 80' lang='lat' dir='ltr'>cunr</span> <span class='ocrx_word' id='word_1_181' title='bbox 886 3034 954 3096; x_wconf 90' lang='lat' dir='ltr'>eos,</span> <span class='ocrx_word' id='word_1_182' title='bbox 970 3013 1133 3110; x_wconf 86' lang='lat' dir='ltr'>premisso</span> <span class='ocrx_word' id='word_1_183' title='bbox 1144 3012 1200 3088; x_wconf 84' lang='lat' dir='ltr'>vel</span> <span class='ocrx_word' id='word_1_184' title='bbox 1215 3012 1284 3082; x_wconf 90' lang='lat' dir='ltr'>aliu</span> <span class='ocrx_word' id='word_1_185' title='bbox 1299 3013 1418 3109; x_wconf 86' lang='lat' dir='ltr'>quovis</span> <span class='ocrx_word' id='word_1_186' title='bbox 1429 3013 1542 3098; x_wconf 87' lang='lat' dir='ltr'>modo,</span> <span class='ocrx_word' id='word_1_187' title='bbox 1555 3023 1769 3103; x_wconf 85' lang='lat' dir='ltr'>preterquam</span> <span class='ocrx_word' id='word_1_188' title='bbox 1785 3038 1844 3105; x_wconf 92' lang='lat' dir='ltr'>per</span> 
     </span>
     <span class='ocr_line' id='line_1_22' title="bbox 483 3116 1843 3207; baseline 0.004 -25"><span class='ocrx_word' id='word_1_189' title='bbox 483 3117 582 3204; x_wconf 87' lang='lat' dir='ltr'>ipsius</span> <span class='ocrx_word' id='word_1_190' title='bbox 597 3116 709 3183; x_wconf 84' lang='lat' dir='ltr'>Alexii</span> <span class='ocrx_word' id='word_1_191' title='bbox 725 3120 789 3199; x_wconf 72' lang='lat' dir='ltr'>ob,</span> <span class='ocrx_word' id='word_1_192' title='bbox 805 3138 925 3185; x_wconf 89' lang='lat' dir='ltr'>vacare</span> <span class='ocrx_word' id='word_1_193' title='bbox 941 3116 1129 3203; x_wconf 88' lang='lat' dir='ltr'>contigerit,</span> <span class='ocrx_word' id='word_1_194' title='bbox 1146 3116 1366 3184; x_wconf 84' lang='lat' dir='ltr'>conferendos</span> <span class='ocrx_word' id='word_1_195' title='bbox 1390 3117 1482 3186; x_wconf 89' lang='lat' dir='ltr'>dicto</span> <span class='ocrx_word' id='word_1_196' title='bbox 1505 3119 1636 3202; x_wconf 87' lang='lat' dir='ltr'>clerico,</span> <span class='ocrx_word' id='word_1_197' title='bbox 1660 3120 1843 3207; x_wconf 87' lang='lat' dir='ltr'>dignemini</span> 
     </span>
     <span class='ocr_line' id='line_1_23' title="bbox 483 3219 1843 3312; baseline 0.005 -27"><span class='ocrx_word' id='word_1_198' title='bbox 483 3242 650 3288; x_wconf 89' lang='lat' dir='ltr'>reservare</span> <span class='ocrx_word' id='word_1_199' title='bbox 666 3245 674 3303; x_wconf 89' lang='lat'>;</span> <span class='ocrx_word' id='word_1_200' title='bbox 698 3242 766 3288; x_wconf 93' lang='lat' dir='ltr'>non</span> <span class='ocrx_word' id='word_1_201' title='bbox 790 3225 875 3288; x_wconf 89' lang='lat' dir='ltr'>obst.</span> <span class='ocrx_word' id='word_1_202' title='bbox 899 3223 990 3308; x_wconf 92' lang='lat' dir='ltr'>quod</span> <span class='ocrx_word' id='word_1_203' title='bbox 1006 3226 1081 3288; x_wconf 90' lang='lat' dir='ltr'>ben.</span> <span class='ocrx_word' id='word_1_204' title='bbox 1098 3219 1180 3296; x_wconf 77' lang='lat' dir='ltr'>eccl.</span> <span class='ocrx_word' id='word_1_205' title='bbox 1198 3242 1226 3294; x_wconf 81' lang='lat' dir='ltr'>c,</span> <span class='ocrx_word' id='word_1_206' title='bbox 1243 3243 1271 3289; x_wconf 89' lang='lat' dir='ltr'>c.</span> <span class='ocrx_word' id='word_1_207' title='bbox 1288 3222 1342 3296; x_wconf 88' lang='lat' dir='ltr'>vel</span> <span class='ocrx_word' id='word_1_208' title='bbox 1358 3243 1384 3298; x_wconf 87' lang='lat' dir='ltr'>s,</span> <span class='ocrx_word' id='word_1_209' title='bbox 1401 3243 1439 3305; x_wconf 83' lang='lat' dir='ltr'>c.,</span> <span class='ocrx_word' id='word_1_210' title='bbox 1455 3231 1611 3312; x_wconf 89' lang='lat' dir='ltr'>spectans</span> <span class='ocrx_word' id='word_1_211' title='bbox 1626 3225 1669 3292; x_wconf 92' lang='lat' dir='ltr'>ad</span> <span class='ocrx_word' id='word_1_212' title='bbox 1685 3225 1761 3294; x_wconf 86' lang='lat' dir='ltr'>coll.</span> <span class='ocrx_word' id='word_1_213' title='bbox 1778 3234 1843 3296; x_wconf 90' lang='lat' dir='ltr'>etc.</span> 
     </span>
     <span class='ocr_line' id='line_1_24' title="bbox 484 3323 1843 3413; baseline 0.004 -20"><span class='ocrx_word' id='word_1_214' title='bbox 484 3327 652 3393; x_wconf 84' lang='lat' dir='ltr'>abbatisse</span> <span class='ocrx_word' id='word_1_215' title='bbox 678 3334 713 3391; x_wconf 90' lang='lat' dir='ltr'>et</span> <span class='ocrx_word' id='word_1_216' title='bbox 740 3346 837 3394; x_wconf 90' lang='lat' dir='ltr'>conv.</span> <span class='ocrx_word' id='word_1_217' title='bbox 864 3326 1058 3393; x_wconf 88' lang='lat' dir='ltr'>monasterii</span> <span class='ocrx_word' id='word_1_218' title='bbox 1086 3323 1355 3411; x_wconf 82' lang='lat' dir='ltr'>Fontisgayferii,</span> <span class='ocrx_word' id='word_1_219' title='bbox 1377 3325 1418 3393; x_wconf 93' lang='grc' dir='ltr'>Ο.</span> <span class='ocrx_word' id='word_1_220' title='bbox 1435 3326 1466 3393; x_wconf 83' lang='lat' dir='ltr'>S.</span> <span class='ocrx_word' id='word_1_221' title='bbox 1484 3327 1533 3409; x_wconf 75' lang='lat' dir='ltr'>B,</span> <span class='ocrx_word' id='word_1_222' title='bbox 1556 3328 1718 3406; x_wconf 87' lang='lat' dir='ltr'>Sarlaten.</span> <span class='ocrx_word' id='word_1_223' title='bbox 1745 3329 1843 3413; x_wconf 76' lang='lat' dir='ltr'>dioc,</span> 
     </span>
     <span class='ocr_line' id='line_1_25' title="bbox 484 3430 1843 3522; baseline 0.005 -26"><span class='ocrx_word' id='word_1_224' title='bbox 484 3440 555 3516; x_wconf 77' lang='lat' dir='ltr'>etc,</span> <span class='ocrx_word' id='word_1_225' title='bbox 582 3432 618 3497; x_wconf 89' lang='lat' dir='ltr'>in</span> <span class='ocrx_word' id='word_1_226' title='bbox 647 3432 817 3498; x_wconf 87' lang='lat' dir='ltr'>communi</span> <span class='ocrx_word' id='word_1_227' title='bbox 840 3452 1025 3518; x_wconf 89' lang='lat' dir='ltr'>pauperum</span> <span class='ocrx_word' id='word_1_228' title='bbox 1049 3430 1166 3514; x_wconf 89' lang='lat' dir='ltr'>forma,</span> <span class='ocrx_word' id='word_1_229' title='bbox 1183 3431 1332 3497; x_wconf 90' lang='lat' dir='ltr'>noscitur</span> <span class='ocrx_word' id='word_1_230' title='bbox 1348 3440 1526 3518; x_wconf 87' lang='lat' dir='ltr'>expectare</span> <span class='ocrx_word' id='word_1_231' title='bbox 1541 3457 1549 3514; x_wconf 91' lang='lat'>;</span> <span class='ocrx_word' id='word_1_232' title='bbox 1567 3454 1669 3522; x_wconf 87' lang='lat' dir='ltr'>quunr</span> <span class='ocrx_word' id='word_1_233' title='bbox 1686 3445 1843 3521; x_wconf 83' lang='lat' dir='ltr'>expecta-</span> 
     </span>
     <span class='ocr_line' id='line_1_26' title="bbox 483 3534 1599 3622; baseline 0.004 -22"><span class='ocrx_word' id='word_1_234' title='bbox 483 3535 620 3617; x_wconf 88' lang='lat' dir='ltr'>tionem,</span> <span class='ocrx_word' id='word_1_235' title='bbox 636 3555 738 3620; x_wconf 89' lang='lat' dir='ltr'>quam</span> <span class='ocrx_word' id='word_1_236' title='bbox 754 3542 767 3572; x_wconf 85' lang='lat'>⁸</span> <span class='ocrx_word' id='word_1_237' title='bbox 782 3544 949 3622; x_wconf 83' lang='lat' dir='ltr'>expectat,</span> <span class='ocrx_word' id='word_1_238' title='bbox 966 3535 995 3601; x_wconf 91' lang='lat' dir='ltr'>ei</span> <span class='ocrx_word' id='word_1_239' title='bbox 1012 3534 1195 3620; x_wconf 86' lang='lat' dir='ltr'>dignemini</span> <span class='ocrx_word' id='word_1_240' title='bbox 1211 3553 1389 3608; x_wconf 82' lang='lat' dir='ltr'>reservare.</span> <span class='ocrx_word' id='word_1_241' title='bbox 1406 3575 1449 3588; x_wconf 93' lang='lat'><em>-</em></span> <span class='ocrx_word' id='word_1_242' title='bbox 1465 3535 1542 3605; x_wconf 87' lang='lat' dir='ltr'>Fiat</span> <span class='ocrx_word' id='word_1_243' title='bbox 1559 3536 1599 3604; x_wconf 89' lang='lat' dir='ltr'>R.</span> 
     </span>
    </p>

    <p class='ocr_par' dir='ltr' id='par_1_6' title="bbox 524 3640 1224 3726">
     <span class='ocr_line' id='line_1_27' title="bbox 524 3640 1224 3726; baseline -0.001 -20"><span class='ocrx_word' id='word_1_244' title='bbox 524 3640 603 3706; x_wconf 81' lang='lat' dir='ltr'>Dat.</span> <span class='ocrx_word' id='word_1_245' title='bbox 620 3640 720 3706; x_wconf 82' lang='lat' dir='ltr'>Avln.</span> <span class='ocrx_word' id='word_1_246' title='bbox 736 3659 816 3706; x_wconf 92' lang='lat' dir='ltr'>non.</span> <span class='ocrx_word' id='word_1_247' title='bbox 831 3660 905 3726; x_wconf 90' lang='lat' dir='ltr'>aug.</span> <span class='ocrx_word' id='word_1_248' title='bbox 922 3646 956 3705; x_wconf 87' lang='lat' dir='ltr'>a⁰</span> <span class='ocrx_word' id='word_1_249' title='bbox 973 3644 1015 3705; x_wconf 87' lang='lat'>6⁰.</span> <span class='ocrx_word' id='word_1_250' title='bbox 1031 3640 1224 3724; x_wconf 75' lang='lat'>(29,172&#39;).</span> 
     </span>
    </p>
   </div>
   <div class='ocr_carea' id='block_1_5' title="bbox 522 3779 1841 3988">
    <p class='ocr_par' dir='ltr' id='par_1_7' title="bbox 522 3779 1841 3988">
     <span class='ocr_line' id='line_1_28' title="bbox 530 3779 1798 3879; baseline -0.009 -8"><span class='ocrx_word' id='word_1_251' title='bbox 530 3779 826 3879; x_wconf 79' lang='lat'><strong>1231-1233.</strong></span> <span class='ocrx_word' id='word_1_252' title='bbox 1556 3809 1651 3876; x_wconf 67' lang='lat'>1347,</span> <span class='ocrx_word' id='word_1_253' title='bbox 1674 3794 1798 3865; x_wconf 67' lang='lat' dir='ltr'>saort.</span> 
     </span>
     <span class='ocr_line' id='line_1_29' title="bbox 522 3896 1841 3988; baseline -0.004 -21"><span class='ocrx_word' id='word_1_254' title='bbox 522 3900 626 3988; x_wconf 83' lang='lat' dir='ltr'>Supp.</span> <span class='ocrx_word' id='word_1_255' title='bbox 640 3897 758 3975; x_wconf 86' lang='lat' dir='ltr'>Petrus</span> <span class='ocrx_word' id='word_1_256' title='bbox 782 3899 824 3966; x_wconf 87' lang='lat' dir='ltr'>de</span> <span class='ocrx_word' id='word_1_257' title='bbox 849 3896 1026 3978; x_wconf 84' lang='lat' dir='ltr'>Gandavo,</span> <span class='ocrx_word' id='word_1_258' title='bbox 1042 3899 1183 3983; x_wconf 82' lang='lat' dir='ltr'>presb„²</span> <span class='ocrx_word' id='word_1_259' title='bbox 1205 3903 1295 3982; x_wconf 90' lang='lat' dir='ltr'>quat.</span> <span class='ocrx_word' id='word_1_260' title='bbox 1313 3896 1373 3966; x_wconf 88' lang='lat' dir='ltr'>sibi</span> <span class='ocrx_word' id='word_1_261' title='bbox 1401 3896 1442 3967; x_wconf 79' lang='lat' dir='ltr'>de</span> <span class='ocrx_word' id='word_1_262' title='bbox 1470 3899 1545 3964; x_wconf 87' lang='lat' dir='ltr'>ben.</span> <span class='ocrx_word' id='word_1_263' title='bbox 1562 3898 1679 3964; x_wconf 73' lang='lat' dir='ltr'>eccles</span> <span class='ocrx_word' id='word_1_264' title='bbox 1697 3918 1725 3975; x_wconf 79' lang='lat' dir='ltr'>c,</span> <span class='ocrx_word' id='word_1_265' title='bbox 1743 3919 1770 3964; x_wconf 90' lang='lat' dir='ltr'>c.</span> <span class='ocrx_word' id='word_1_266' title='bbox 1788 3900 1841 3973; x_wconf 83' lang='lat' dir='ltr'>vel</span> 
     </span>
    </p>
   </div>
   <div class='ocr_carea' id='block_1_6' title="bbox 480 3999 1842 5025">
    <p class='ocr_par' dir='ltr' id='par_1_8' title="bbox 480 3999 1842 5025">
     <span class='ocr_line' id='line_1_30' title="bbox 484 3999 1841 4085; baseline -0.001 -17"><span class='ocrx_word' id='word_1_267' title='bbox 484 4023 506 4069; x_wconf 94' lang='lat' dir='ltr'>s.</span> <span class='ocrx_word' id='word_1_268' title='bbox 520 4026 559 4085; x_wconf 88' lang='lat' dir='ltr'>c.,</span> <span class='ocrx_word' id='word_1_269' title='bbox 577 4003 683 4069; x_wconf 86' lang='lat' dir='ltr'>etianr</span> <span class='ocrx_word' id='word_1_270' title='bbox 700 4002 726 4067; x_wconf 90' lang='lat' dir='ltr'>si</span> <span class='ocrx_word' id='word_1_271' title='bbox 742 4002 865 4068; x_wconf 88' lang='lat' dir='ltr'>vicaria</span> <span class='ocrx_word' id='word_1_272' title='bbox 881 4001 934 4066; x_wconf 91' lang='lat' dir='ltr'>vel</span> <span class='ocrx_word' id='word_1_273' title='bbox 951 4000 1099 4066; x_wconf 84' lang='lat' dir='ltr'>ossiciurn</span> <span class='ocrx_word' id='word_1_274' title='bbox 1116 4000 1236 4065; x_wconf 83' lang='lat' dir='ltr'>vicarie</span> <span class='ocrx_word' id='word_1_275' title='bbox 1253 4000 1387 4084; x_wconf 86' lang='lat' dir='ltr'>majoris</span> <span class='ocrx_word' id='word_1_276' title='bbox 1410 4000 1520 4065; x_wconf 90' lang='lat' dir='ltr'>altaris</span> <span class='ocrx_word' id='word_1_277' title='bbox 1547 4000 1628 4068; x_wconf 88' lang='lat' dir='ltr'>eccl.</span> <span class='ocrx_word' id='word_1_278' title='bbox 1644 3999 1841 4082; x_wconf 81' lang='lat' dir='ltr'>Tornacen,</span> 
     </span>
     <span class='ocr_line' id='line_1_31' title="bbox 483 4103 1841 4189; baseline -0.001 -16"><span class='ocrx_word' id='word_1_279' title='bbox 483 4127 536 4173; x_wconf 85' lang='lat' dir='ltr'>seu</span> <span class='ocrx_word' id='word_1_280' title='bbox 552 4105 704 4173; x_wconf 90' lang='lat' dir='ltr'>officium</span> <span class='ocrx_word' id='word_1_281' title='bbox 720 4106 942 4171; x_wconf 80' lang='lat' dir='ltr'>matricularia</span> <span class='ocrx_word' id='word_1_282' title='bbox 959 4106 1011 4170; x_wconf 90' lang='lat' dir='ltr'>vel</span> <span class='ocrx_word' id='word_1_283' title='bbox 1029 4103 1180 4170; x_wconf 89' lang='lat' dir='ltr'>custodie</span> <span class='ocrx_word' id='word_1_284' title='bbox 1197 4104 1319 4182; x_wconf 81' lang='lat' dir='ltr'>existat</span> <span class='ocrx_word' id='word_1_285' title='bbox 1333 4127 1342 4186; x_wconf 75' lang='lat'><em>3</em></span> <span class='ocrx_word' id='word_1_286' title='bbox 1365 4103 1457 4189; x_wconf 89' lang='lat' dir='ltr'>cujus</span> <span class='ocrx_word' id='word_1_287' title='bbox 1473 4103 1639 4185; x_wconf 87' lang='lat' dir='ltr'>fructus...,</span> <span class='ocrx_word' id='word_1_288' title='bbox 1656 4105 1681 4169; x_wconf 90' lang='lat' dir='ltr'>si</span> <span class='ocrx_word' id='word_1_289' title='bbox 1699 4125 1727 4170; x_wconf 89' lang='lat' dir='ltr'>c.</span> <span class='ocrx_word' id='word_1_290' title='bbox 1744 4125 1772 4172; x_wconf 88' lang='lat' dir='ltr'>c.</span> <span class='ocrx_word' id='word_1_291' title='bbox 1791 4126 1841 4186; x_wconf 89' lang='lat'>90,</span> 
     </span>
     <span class='ocr_line' id='line_1_32' title="bbox 483 4207 1842 4294; baseline -0.001 -18"><span class='ocrx_word' id='word_1_292' title='bbox 483 4211 604 4276; x_wconf 90' lang='lat' dir='ltr'>sivero</span> <span class='ocrx_word' id='word_1_293' title='bbox 620 4231 646 4276; x_wconf 89' lang='lat' dir='ltr'>s.</span> <span class='ocrx_word' id='word_1_294' title='bbox 663 4230 692 4275; x_wconf 92' lang='lat' dir='ltr'>c.</span> <span class='ocrx_word' id='word_1_295' title='bbox 708 4208 805 4274; x_wconf 85' lang='lat' dir='ltr'>fuerit</span> <span class='ocrx_word' id='word_1_296' title='bbox 817 4227 857 4293; x_wconf 91' lang='lat'>70</span> <span class='ocrx_word' id='word_1_297' title='bbox 867 4209 938 4274; x_wconf 89' lang='lat' dir='ltr'>libr.</span> <span class='ocrx_word' id='word_1_298' title='bbox 948 4207 1072 4273; x_wconf 79' lang='lat' dir='ltr'>&#39;l&#39;uron</span> <span class='ocrx_word' id='word_1_299' title='bbox 1089 4229 1232 4294; x_wconf 74' lang='lat' dir='ltr'>parvor,</span> <span class='ocrx_word' id='word_1_300' title='bbox 1243 4230 1308 4274; x_wconf 92' lang='lat' dir='ltr'>sec.</span> <span class='ocrx_word' id='word_1_301' title='bbox 1319 4208 1527 4273; x_wconf 88' lang='lat' dir='ltr'>taxationem</span> <span class='ocrx_word' id='word_1_302' title='bbox 1540 4207 1681 4292; x_wconf 88' lang='lat' dir='ltr'>decime,</span> <span class='ocrx_word' id='word_1_303' title='bbox 1694 4211 1842 4275; x_wconf 91' lang='lat' dir='ltr'>valorem</span> 
     </span>
     <span class='ocr_line' id='line_1_33' title="bbox 482 4312 1842 4400; baseline 0.001 -21"><span class='ocrx_word' id='word_1_304' title='bbox 482 4335 629 4381; x_wconf 90' lang='lat' dir='ltr'>annuum</span> <span class='ocrx_word' id='word_1_305' title='bbox 646 4333 713 4379; x_wconf 92' lang='lat' dir='ltr'>non</span> <span class='ocrx_word' id='word_1_306' title='bbox 741 4312 916 4393; x_wconf 90' lang='lat' dir='ltr'>excedant,</span> <span class='ocrx_word' id='word_1_307' title='bbox 940 4320 1115 4398; x_wconf 85' lang='lat' dir='ltr'>spectante</span> <span class='ocrx_word' id='word_1_308' title='bbox 1144 4313 1187 4377; x_wconf 91' lang='lat' dir='ltr'>ad</span> <span class='ocrx_word' id='word_1_309' title='bbox 1204 4314 1300 4378; x_wconf 91' lang='lat' dir='ltr'>coll...</span> <span class='ocrx_word' id='word_1_310' title='bbox 1318 4314 1429 4398; x_wconf 77' lang='lat' dir='ltr'>episc,</span> <span class='ocrx_word' id='word_1_311' title='bbox 1453 4312 1571 4378; x_wconf 86' lang='lat' dir='ltr'>decani</span> <span class='ocrx_word' id='word_1_312' title='bbox 1588 4321 1623 4377; x_wconf 91' lang='lat' dir='ltr'>et</span> <span class='ocrx_word' id='word_1_313' title='bbox 1639 4314 1786 4400; x_wconf 89' lang='lat' dir='ltr'>capituli,</span> <span class='ocrx_word' id='word_1_314' title='bbox 1803 4336 1842 4381; x_wconf 88' lang='lat' dir='ltr'>ac</span> 
     </span>
     <span class='ocr_line' id='line_1_34' title="bbox 481 4416 1840 4506; baseline -0.001 -22"><span class='ocrx_word' id='word_1_315' title='bbox 481 4426 719 4506; x_wconf 90' lang='lat' dir='ltr'>perpetuorum</span> <span class='ocrx_word' id='word_1_316' title='bbox 735 4416 935 4483; x_wconf 88' lang='lat' dir='ltr'>vicariorum</span> <span class='ocrx_word' id='word_1_317' title='bbox 952 4416 1085 4501; x_wconf 86' lang='lat' dir='ltr'>majoris</span> <span class='ocrx_word' id='word_1_318' title='bbox 1101 4418 1214 4483; x_wconf 89' lang='lat' dir='ltr'>altaris</span> <span class='ocrx_word' id='word_1_319' title='bbox 1237 4418 1318 4483; x_wconf 87' lang='lat' dir='ltr'>eccl.</span> <span class='ocrx_word' id='word_1_320' title='bbox 1335 4416 1364 4481; x_wconf 88' lang='lat' dir='ltr'>T</span> <span class='ocrx_word' id='word_1_321' title='bbox 1366 4438 1531 4499; x_wconf 72' lang='lat' dir='ltr'>ornacen,</span> <span class='ocrx_word' id='word_1_322' title='bbox 1549 4419 1772 4484; x_wconf 88' lang='lat' dir='ltr'>communiter</span> <span class='ocrx_word' id='word_1_323' title='bbox 1787 4421 1840 4483; x_wconf 90' lang='lat' dir='ltr'>vel</span> 
     </span>
     <span class='ocr_line' id='line_1_35' title="bbox 480 4521 1842 4609; baseline 0 -20"><span class='ocrx_word' id='word_1_324' title='bbox 480 4522 620 4603; x_wconf 84' lang='lat' dir='ltr'>divisim,</span> <span class='ocrx_word' id='word_1_325' title='bbox 649 4522 751 4587; x_wconf 88' lang='lat' dir='ltr'>etiarn</span> <span class='ocrx_word' id='word_1_326' title='bbox 779 4521 805 4587; x_wconf 90' lang='lat' dir='ltr'>si</span> <span class='ocrx_word' id='word_1_327' title='bbox 829 4521 863 4586; x_wconf 93' lang='lat' dir='ltr'>in</span> <span class='ocrx_word' id='word_1_328' title='bbox 888 4521 970 4587; x_wconf 87' lang='lat' dir='ltr'>eccl.</span> <span class='ocrx_word' id='word_1_329' title='bbox 997 4521 1182 4586; x_wconf 87' lang='lat' dir='ltr'>cathedrali</span> <span class='ocrx_word' id='word_1_330' title='bbox 1210 4522 1341 4602; x_wconf 87' lang='lat' dir='ltr'>existat,</span> <span class='ocrx_word' id='word_1_331' title='bbox 1366 4531 1400 4587; x_wconf 91' lang='lat' dir='ltr'>et</span> <span class='ocrx_word' id='word_1_332' title='bbox 1424 4522 1526 4588; x_wconf 89' lang='lat' dir='ltr'>etiam</span> <span class='ocrx_word' id='word_1_333' title='bbox 1550 4524 1577 4588; x_wconf 87' lang='lat' dir='ltr'>si</span> <span class='ocrx_word' id='word_1_334' title='bbox 1600 4524 1673 4609; x_wconf 88' lang='lat' dir='ltr'>quis</span> <span class='ocrx_word' id='word_1_335' title='bbox 1696 4522 1738 4589; x_wconf 90' lang='lat' dir='ltr'>ad</span> <span class='ocrx_word' id='word_1_336' title='bbox 1761 4524 1842 4589; x_wconf 88' lang='lat' dir='ltr'>illud</span> 
     </span>
     <span class='ocr_line' id='line_1_36' title="bbox 482 4625 1840 4713; baseline -0.001 -20"><span class='ocrx_word' id='word_1_337' title='bbox 482 4626 691 4695; x_wconf 88' lang='lat' dir='ltr'>consueverit</span> <span class='ocrx_word' id='word_1_338' title='bbox 717 4646 777 4712; x_wconf 93' lang='lat' dir='ltr'>per</span> <span class='ocrx_word' id='word_1_339' title='bbox 802 4626 1002 4692; x_wconf 85' lang='lat' dir='ltr'>electionem</span> <span class='ocrx_word' id='word_1_340' title='bbox 1028 4627 1160 4706; x_wconf 90' lang='lat' dir='ltr'>assumi,</span> <span class='ocrx_word' id='word_1_341' title='bbox 1177 4626 1270 4692; x_wconf 92' lang='lat' dir='ltr'>dicto</span> <span class='ocrx_word' id='word_1_342' title='bbox 1287 4625 1387 4692; x_wconf 86' lang='lat' dir='ltr'>Petro</span> <span class='ocrx_word' id='word_1_343' title='bbox 1403 4626 1585 4711; x_wconf 89' lang='lat' dir='ltr'>dignemini</span> <span class='ocrx_word' id='word_1_344' title='bbox 1610 4628 1815 4713; x_wconf 87' lang='lat' dir='ltr'>providere...</span> <span class='ocrx_word' id='word_1_345' title='bbox 1832 4652 1840 4709; x_wconf 89' lang='lat'>;</span> 
     </span>
     <span class='ocr_line' id='line_1_37' title="bbox 481 4730 1841 4816; baseline 0.002 -22"><span class='ocrx_word' id='word_1_346' title='bbox 481 4749 543 4797; x_wconf 91' lang='lat' dir='ltr'>non</span> <span class='ocrx_word' id='word_1_347' title='bbox 571 4732 731 4796; x_wconf 90' lang='lat' dir='ltr'>obstante</span> <span class='ocrx_word' id='word_1_348' title='bbox 757 4736 887 4793; x_wconf 88' lang='lat' dir='ltr'>statuto</span> <span class='ocrx_word' id='word_1_349' title='bbox 913 4748 971 4793; x_wconf 89' lang='lat' dir='ltr'>seu</span> <span class='ocrx_word' id='word_1_350' title='bbox 996 4731 1237 4796; x_wconf 86' lang='lat' dir='ltr'>consuetudine</span> <span class='ocrx_word' id='word_1_351' title='bbox 1257 4730 1359 4816; x_wconf 90' lang='lat' dir='ltr'>ipsius</span> <span class='ocrx_word' id='word_1_352' title='bbox 1375 4731 1525 4810; x_wconf 91' lang='lat' dir='ltr'>ecclesie,</span> <span class='ocrx_word' id='word_1_353' title='bbox 1542 4732 1568 4796; x_wconf 93' lang='lat' dir='ltr'>si</span> <span class='ocrx_word' id='word_1_354' title='bbox 1584 4731 1706 4811; x_wconf 86' lang='lat' dir='ltr'>forsan,</span> <span class='ocrx_word' id='word_1_355' title='bbox 1724 4733 1841 4816; x_wconf 86' lang='lat' dir='ltr'>quibus</span> 
     </span>
     <span class='ocr_line' id='line_1_38' title="bbox 484 4832 1842 4925; baseline 0.001 -24"><span class='ocrx_word' id='word_1_356' title='bbox 484 4834 589 4901; x_wconf 84' lang='lat' dir='ltr'>caveri</span> <span class='ocrx_word' id='word_1_357' title='bbox 614 4832 737 4900; x_wconf 90' lang='lat' dir='ltr'>dicitur</span> <span class='ocrx_word' id='word_1_358' title='bbox 762 4832 853 4917; x_wconf 94' lang='lat' dir='ltr'>quod</span> <span class='ocrx_word' id='word_1_359' title='bbox 877 4833 1000 4900; x_wconf 87' lang='lat' dir='ltr'>vicaria</span> <span class='ocrx_word' id='word_1_360' title='bbox 1030 4835 1166 4925; x_wconf 87' lang='lat' dir='ltr'>majoris</span> <span class='ocrx_word' id='word_1_361' title='bbox 1190 4835 1303 4900; x_wconf 88' lang='lat' dir='ltr'>altaris</span> <span class='ocrx_word' id='word_1_362' title='bbox 1329 4834 1518 4921; x_wconf 85' lang='lat' dir='ltr'>hujusmodi</span> <span class='ocrx_word' id='word_1_363' title='bbox 1549 4856 1617 4900; x_wconf 91' lang='lat' dir='ltr'>non</span> <span class='ocrx_word' id='word_1_364' title='bbox 1649 4836 1752 4922; x_wconf 88' lang='lat' dir='ltr'>possit</span> <span class='ocrx_word' id='word_1_365' title='bbox 1783 4856 1842 4922; x_wconf 91' lang='lat' dir='ltr'>per</span> 
     </span>
     <span class='ocr_line' id='line_1_39' title="bbox 487 4937 1841 5025; baseline 0.002 -22"><span class='ocrx_word' id='word_1_366' title='bbox 487 4940 629 5025; x_wconf 80' lang='lat' dir='ltr'>aliquem</span> <span class='ocrx_word' id='word_1_367' title='bbox 654 4937 866 5005; x_wconf 87' lang='lat' dir='ltr'>obtinentem</span> <span class='ocrx_word' id='word_1_368' title='bbox 893 4937 983 5006; x_wconf 89' lang='lat' dir='ltr'>aliud</span> <span class='ocrx_word' id='word_1_369' title='bbox 1007 4939 1084 5005; x_wconf 90' lang='lat' dir='ltr'>ben.</span> <span class='ocrx_word' id='word_1_370' title='bbox 1113 4939 1280 5020; x_wconf 86' lang='lat' dir='ltr'>obtineri;</span> <span class='ocrx_word' id='word_1_371' title='bbox 1308 4960 1366 5005; x_wconf 85' lang='lat' dir='ltr'>seu</span> <span class='ocrx_word' id='word_1_372' title='bbox 1393 4939 1483 5024; x_wconf 93' lang='lat' dir='ltr'>quod</span> <span class='ocrx_word' id='word_1_373' title='bbox 1508 4939 1597 5006; x_wconf 92' lang='lat' dir='ltr'>idern</span> <span class='ocrx_word' id='word_1_374' title='bbox 1620 4938 1738 5005; x_wconf 89' lang='lat' dir='ltr'>Petrus</span> <span class='ocrx_word' id='word_1_375' title='bbox 1764 4942 1841 5007; x_wconf 91' lang='lat' dir='ltr'>ben.</span> 
     </span>
    </p>
   </div>
   <div class='ocr_carea' id='block_1_7' title="bbox 513 5092 711 5153">
    <p class='ocr_par' dir='ltr' id='par_1_9' title="bbox 513 5092 711 5153">
     <span class='ocr_line' id='line_1_40' title="bbox 513 5092 711 5153; baseline 0 -14"><span class='ocrx_word' id='word_1_376' title='bbox 513 5094 540 5153; x_wconf 85' lang='lat' dir='ltr'>a)</span> <span class='ocrx_word' id='word_1_377' title='bbox 556 5092 613 5142; x_wconf 76' lang='lat' dir='ltr'>(bd.</span> <span class='ocrx_word' id='word_1_378' title='bbox 625 5106 711 5153; x_wconf 92' lang='lat' dir='ltr'>quem.</span> 
     </span>
    </p>
   </div>
   <div class='ocr_carea' id='block_1_8' title="bbox 496 5207 1843 5348">
    <p class='ocr_par' dir='ltr' id='par_1_10' title="bbox 496 5207 1843 5348">
     <span class='ocr_line' id='line_1_41' title="bbox 517 5207 1843 5275; baseline 0.005 -19"><span class='ocrx_word' id='word_1_379' title='bbox 517 5211 537 5258; x_wconf 89' lang='lat'>1.</span> <span class='ocrx_word' id='word_1_380' title='bbox 548 5209 609 5257; x_wconf 72' lang='lat' dir='ltr'>Voir</span> <span class='ocrx_word' id='word_1_381' title='bbox 620 5224 646 5258; x_wconf 87' lang='lat' dir='ltr'>n.</span> <span class='ocrx_word' id='word_1_382' title='bbox 660 5209 724 5256; x_wconf 79' lang='grc'><strong>12111</strong></span> <span class='ocrx_word' id='word_1_383' title='bbox 735 5223 741 5266; x_wconf 91' lang='grc'>;</span> <span class='ocrx_word' id='word_1_384' title='bbox 753 5207 837 5267; x_wconf 84' lang='lat' dir='ltr'>Vidal,</span> <span class='ocrx_word' id='word_1_385' title='bbox 851 5222 875 5256; x_wconf 88' lang='lat' dir='ltr'>n.</span> <span class='ocrx_word' id='word_1_386' title='bbox 888 5209 958 5257; x_wconf 73' lang='lat'>7470.</span> <span class='ocrx_word' id='word_1_387' title='bbox 970 5236 1002 5243; x_wconf 92' lang='lat'>—</span> <span class='ocrx_word' id='word_1_388' title='bbox 1018 5211 1041 5257; x_wconf 90' lang='grc'>2.</span> <span class='ocrx_word' id='word_1_389' title='bbox 1054 5208 1116 5257; x_wconf 80' lang='lat' dir='ltr'>Voir</span> <span class='ocrx_word' id='word_1_390' title='bbox 1124 5224 1149 5258; x_wconf 92' lang='lat' dir='ltr'>n.</span> <span class='ocrx_word' id='word_1_391' title='bbox 1162 5210 1208 5257; x_wconf 76' lang='lat' dir='ltr'>lul</span> <span class='ocrx_word' id='word_1_392' title='bbox 1222 5226 1227 5270; x_wconf 90' lang='grc'><strong>;</strong></span> <span class='ocrx_word' id='word_1_393' title='bbox 1240 5210 1324 5258; x_wconf 84' lang='lat' dir='ltr'>Pierre</span> <span class='ocrx_word' id='word_1_394' title='bbox 1335 5209 1367 5257; x_wconf 87' lang='lat' dir='ltr'>de</span> <span class='ocrx_word' id='word_1_395' title='bbox 1379 5210 1455 5258; x_wconf 81' lang='lat' dir='ltr'>(land</span> <span class='ocrx_word' id='word_1_396' title='bbox 1467 5210 1507 5258; x_wconf 81' lang='lat' dir='ltr'>lul·</span> <span class='ocrx_word' id='word_1_397' title='bbox 1519 5209 1657 5262; x_wconf 73' lang='lat' dir='ltr'>collectum</span> <span class='ocrx_word' id='word_1_398' title='bbox 1668 5210 1800 5275; x_wconf 75' lang='lat' dir='ltr'>pontificari</span> <span class='ocrx_word' id='word_1_399' title='bbox 1811 5225 1843 5262; x_wconf 84' lang='lat' dir='ltr'>en</span> 
     </span>
     <span class='ocr_line' id='line_1_42' title="bbox 496 5278 1595 5348; baseline 0.005 -18"><span class='ocrx_word' id='word_1_400' title='bbox 496 5278 654 5332; x_wconf 67' lang='lat' dir='ltr'>Scadinavia</span> <span class='ocrx_word' id='word_1_401' title='bbox 667 5280 908 5345; x_wconf 64' lang='lat' dir='ltr'>(Dmlomdbrreq,</span> <span class='ocrx_word' id='word_1_402' title='bbox 921 5281 981 5341; x_wconf 86' lang='lat' dir='ltr'>Vll,</span> <span class='ocrx_word' id='word_1_403' title='bbox 995 5283 1100 5331; x_wconf 71' lang='lat' dir='ltr'>alt-217</span> <span class='ocrx_word' id='word_1_404' title='bbox 1113 5283 1422 5348; x_wconf 60' lang='lat' dir='ltr'>3210tapoalr&#39;f.aniua,</span> <span class='ocrx_word' id='word_1_405' title='bbox 1435 5284 1455 5345; x_wconf 92' lang='lat'>1,</span> <span class='ocrx_word' id='word_1_406' title='bbox 1469 5284 1595 5346; x_wconf 78' lang='lat' dir='ltr'>lul-162).</span> 
     </span>
    </p>
   </div>
   <div class='ocr_carea' id='block_1_9' title="bbox 0 0 2332 6052">
    <p class='ocr_par' dir='ltr' id='par_1_11' title="bbox 0 0 2332 6052">
     <span class='ocr_line' id='line_1_43' title="bbox 0 0 2332 6052; baseline 0 0"><span class='ocrx_word' id='word_1_407' title='bbox 0 0 2332 6052; x_wconf 95' lang='lat' dir='ltr'> </span> 
     </span>
    </p>
   </div>
  </div>
 </body>
</html>
