4650 6059
393 771 431 833 58
899 768 987 846 1343,
1011 767 1096 830 28-81
1117 766 1246 847 janvier.

443 922 550 1004 275.
1401 953 1419 996 1
1420 952 1463 1016 34
1464 952 1497 1015 3,
1514 934 1558 997 28
1566 931 1710 1014 y'czrruier.

434 1040 536 1125 Supp.
553 1038 714 1105 Nicolaus
731 1038 880 1118 Martini,
897 1045 987 1122 quat.
1004 1036 1108 1121 [fratri
1125 1056 1185 1101 suo
1200 1055 1363 1120 gennano
1379 1034 1516 1119 Pontio]
1540 1034 1689 1117 Martini,
1713 1037 1752 1102 de

391 1160 463 1205 can.
474 1148 508 1203 et
524 1142 615 1224 preb.
632 1140 713 1205 eccl.
732 1138 981 1221 Melbodiensis,
992 1140 1316 1219 Cameracendioc,
1328 1159 1401 1204 vac.
1411 1138 1502 1225 apud
1520 1139 1636 1204 sedem
1646 1150 1752 1225 apost.

391 1264 449 1328 per
474 1246 527 1307 ob.
553 1242 728 1326 Wyllermi
755 1244 797 1309 de
822 1245 991 1323 Stochem,
1012 1244 1102 1309 dicte
1129 1243 1216 1308 sedis
1243 1263 1329 1329 cap,
1353 1242 1409 1327 qui
1437 1250 1532 1308 extra
1558 1263 1626 1308 cur.
1656 1244 1752 1311 Rom.

390 1347 479 1412 diem
496 1346 612 1411 clausit
628 1354 816 1412 extremum
827 1363 847 1428 ¹,
863 1347 1045 1433 dignemini
1058 1346 1244 1432 providere.
1267 1345 1348 1411 Non
1364 1348 1450 1412 obst.
1467 1346 1558 1430 quod
1572 1346 1606 1410 in
1624 1349 1706 1413 eccl.
1723 1349 1752 1415 S.

390 1450 530 1514 Serratii
547 1450 589 1515 de
605 1449 772 1534 Trajecto,
789 1450 946 1517 Leodien.
962 1451 1060 1529 dioc,
1077 1470 1149 1515 can.
1176 1452 1236 1514 sub
1262 1470 1337 1535 exp.
1361 1451 1464 1535 preb,
1492 1450 1642 1515 noscitur
1669 1453 1752 1517 obti-

390 1574 468 1617 nere
484 1577 492 1633 ;
510 1575 574 1637 que
591 1554 725 1637 quidem
742 1555 934 1641 expectatio
946 1554 1006 1618 sibi
1023 1562 1074 1618 est
1085 1553 1207 1618 nullius
1221 1553 1344 1618 valoris
1354 1561 1491 1638 propter
1502 1554 1752 1620 multitudinem

387 1658 641 1743 impetrantium
672 1678 749 1723 eum
781 1658 1032 1745 precedentium
1059 1680 1067 1736 ;
1099 1663 1133 1721 et
1164 1678 1267 1741 quam
1306 1657 1578 1742 expectationem
1616 1668 1753 1744 paratus

389 1770 440 1826 est
455 1762 633 1843 dimittere,
649 1763 675 1827 si
693 1762 724 1827 S.
752 1763 792 1829 V.
819 1762 992 1849 placuerit,
1015 1762 1096 1827 dum
1111 1761 1357 1847 possessionem
1383 1761 1560 1846 pacificam
1587 1762 1752 1829 dictorum

389 1886 460 1931 can.
477 1874 511 1930 et
525 1869 618 1951 preb.
635 1867 717 1932 eccl.
735 1865 975 1933 Melbodiensis
990 1866 1089 1931 fuerit
1098 1865 1241 1951 pacifice
1251 1872 1433 1930 assecutus.
1446 1905 1489 1914 -
1499 1863 1577 1929 Fiat
1591 1863 1754 1950 R.—[Et

390 1969 493 2033 nichil
509 1969 660 2034 dimittat
676 1968 717 2034 R.
727 1970 754 2053 ⁸]

434 2074 510 2138 Dat.
526 2076 624 2140 Avin.
643 2094 659 2158 5
677 2074 742 2140 kal.
760 2075 840 2142 febr.
856 2084 889 2141 a⁰
909 2083 948 2142 1⁰.
966 2077 1017 2161 (2,
1036 2096 1052 2160 5
1069 2076 1111 2160 ').

443 2204 551 2286 276·
1398 2237 1416 2280 1
1417 2236 1460 2300 34
1461 2235 1494 2298 3,
1512 2216 1554 2280 28
1562 2212 1710 2297 jcmvier.

433 2322 487 2386 Ad
503 2321 782 2407 supplicationem
798 2324 899 2409 episc.
921 2322 1107 2388 Tullensis²
1123 2322 1318 2408 providetur
1344 2320 1418 2385 Ade
1447 2320 1490 2384 de
1515 2317 1652 2385 Urchiis
1674 2339 1686 2376 ³
1711 2320 1753 2386 de

391 2425 544 2509 parroch.
560 2425 642 2490 eccl.
658 2425 700 2490 de
718 2425 878 2512 Dompno
891 2425 1054 2510 Remigio,
1070 2426 1161 2492 dicte
1176 2425 1307 2489 Tullen.
1323 2424 1420 2504 dioc,
1437 2423 1529 2504 cujus
1541 2422 1699 2490 fructus...
1713 2429 1752 2508 36

390 2529 446 2592 lib.
463 2526 541 2592 Tur.
557 2548 658 2613 parv,
676 2549 739 2593 sec.
755 2537 822 2595 tax.
838 2530 978 2610 decime,
994 2530 1143 2595 valorem
1159 2549 1227 2595 non
1245 2527 1421 2608 excedunt,
1434 2547 1506 2591 vac.
1523 2527 1557 2591 in
1574 2527 1668 2592 curia
1694 2547 1755 2612 pro

391 2652 432 2695 eo
444 2631 533 2714 quod
549 2629 660 2696 Guido
672 2631 762 2696 Petri
778 2633 821 2697 de
833 2633 1061 2718 Siccocampo,
1078 2633 1215 2698 ultimus
1240 2640 1350 2697 rector
1377 2630 1488 2717 ipsius,
1516 2638 1603 2695 auct.
1627 2631 1754 2696 littera·

390 2753 462 2798 rum
478 2731 528 2796 fel.
546 2753 610 2797 rec.
622 2733 710 2798 dom.
727 2733 902 2800 Benedicti
917 2756 1004 2821 pape
1020 2734 1100 2817 Xll,
1117 2757 1189 2802 can.
1206 2747 1240 2801 et
1256 2738 1345 2822 preb.
1362 2735 1442 2801 eccl.
1459 2733 1586 2799 Eduen.
1603 2745 1655 2801 est
1680 2755 1754 2821 pos

389 2837 570 2902 sessionem
586 2838 765 2922 pacificam
782 2847 973 2919 assecutus;
988 2860 1056 2905 non
1073 2843 1158 2905 obst.
1176 2840 1266 2924 quod
1283 2860 1356 2905 can.
1372 2847 1407 2904 et
1422 2841 1503 2924 preb
1527 2838 1570 2903 de
1596 2836 1753 2925 Briceyo,

390 2942 482 3026 cujus
496 2942 653 3023 redditus,
669 2964 732 3009 sec.
748 2953 816 3010 tax.
831 2943 971 3025 decime,
992 2965 1030 3010 10
1045 2945 1115 3010 libr.
1131 2945 1207 3011 Tur.
1232 2965 1321 3029 paru.
1347 2945 1495 3009 valorem
1517 2963 1669 3008 annuum
1684 2963 1752 3009 non

389 3047 564 3127 excedunt,
596 3055 631 3112 et
647 3049 764 3134 capell.
789 3049 962 3134 hospitalis
992 3049 1034 3114 de
1060 3049 1209 3129 Wavrin,
1234 3070 1275 3114 ex
1300 3048 1480 3115 collatione
1504 3046 1606 3132 episc.
1624 3045 1753 3112 Torna-

389 3170 472 3231 6611,
489 3150 637 3216 noscitur
652 3152 811 3216 obtinere.
828 3151 963 3217 —Fiat
981 3152 1018 3217 R.

433 3253 509 3317 Dat.
525 3254 626 3318 Avin.
645 3274 661 3338 5
679 3254 742 3319 kal.
759 3254 838 3321 febr.
853 3262 886 3319 a⁰
906 3262 942 3319 1⁰.
960 3256 1010 3339 (2,
1029 3257 1088 3339 7').

439 3382 548 3461 277.
1402 3418 1417 3461 1
1418 3416 1461 3480 34
1462 3416 1495 3480 3,
1513 3417 1553 3480 29
1563 3395 1708 3477 jauvr'er.

431 3498 531 3583 Supp.
542 3498 739 3564 Guillelnrus
756 3498 938 3585 Ribayroli,
955 3503 1030 3567 cler.
1041 3501 1254 3568 Lemovicen.
1265 3501 1360 3580 dioc,
1371 3509 1458 3585 quat.
1470 3500 1531 3565 sibi
1548 3500 1749 3584 [custodiam

387 3623 444 3668 seu
460 3603 514 3668 oss.
531 3604 724 3668 clericature
749 3605 830 3670 ecel.
847 3606 876 3669 S.
893 3604 1052 3691 Stephani
1071 3605 1262 3685 lnsulensis,
1279 3605 1463 3671 Tornacen.
1479 3604 1574 3685 dioc,
1594 3625 1655 3690 per
1677 3625 1748 3691 pre-

386 3707 531 3793 positum
547 3709 628 3773 eccl.
644 3707 672 3771 S.
690 3707 778 3772 Petri
795 3708 837 3773 de
854 3708 975 3789 Insula,
1003 3710 1150 3794 ejusdem
1175 3709 1272 3788 dioc,
1296 3709 1338 3774 ad
1362 3708 1466 3773 vitam
1491 3728 1585 3772 suam
1610 3707 1747 3789 factam]

384 3810 566 3892 dignemini
584 3811 789 3877 conlinnare.
804 3853 848 3861 -
864 3810 940 3877 Fiat
957 3811 994 3877 R.

429 3914 504 3978 Dat.
520 3915 620 3980 Avin.
637 3938 656 3999 4
672 3915 735 3980 kal.
752 3915 830 3981 febr.
847 3923 880 3981 a⁰
899 3923 935 3980 1⁰.
953 3917 1004 3998 (2,
1025 3922 1087 3996 ιο).

435 4042 545 4122 278.
1396 4074 1490 4142 1333,
1504 4077 1547 4140 31
1559 4056 1704 4138 Jorrvier.

427 4160 528 4245 Supp.
555 4161 701 4246 P(etrus)
728 4162 838 4227 dictus
862 4160 993 4242 Chasle,
1018 4161 1164 4247 phisicus
1189 4161 1333 4241 Andree,
1349 4160 1401 4226 tit.
1422 4160 1453 4225 S.
1472 4160 1622 4225 Susanne
1637 4162 1744 4247 presb.

384 4260 495 4340 card.⁴,
508 4272 598 4345 quat.
615 4264 723 4328 eidem
739 4263 922 4348 dignemini
940 4263 1134 4343 concedere,
1151 4271 1189 4327 ut
1212 4263 1388 4330 residendo
1404 4266 1437 4328 in
1454 4265 1564 4329 studio
1588 4265 1742 4350 generali,

384 4365 437 4428 vel
448 4364 480 4427 in
492 4386 559 4431 uno
568 4367 806 4432 beneficiorum
818 4387 984 4432 suorum...
997 4367 1101 4452 possit
1117 4388 1235 4431 omnes
1245 4367 1369 4434 fructus
1379 4370 1525 4454 ipsorum
1537 4369 1741 4454 percipere..;

384 4489 451 4533 non
468 4472 553 4534 obst.
574 4471 780 4553 juramentis,
802 4471 990 4556 privilegiis,
1008 4471 1150 4550 statutis,
1168 4472 1463 4537 consuetudinibus
1480 4472 1741 4556 quibuscunque,

383 4592 521 4656 perque
538 4573 571 4636 in
587 4573 712 4638 eisdem
739 4576 949 4659 personalem
975 4573 1190 4639 residentiam
1215 4576 1323 4641 facere
1348 4585 1512 4641 teneatur.
1531 4616 1575 4624 —
1600 4574 1677 4640 Fiat
1700 4574 1742 4639 ad

382 4677 562 4742 biennium.
581 4677 620 4743 R.

427 4780 504 4845 Dat.
519 4782 620 4847 Avin.
638 4803 655 4846 2
672 4782 737 4847 kal.
754 4783 834 4848 febr.
850 4791 883 4848 a⁰
902 4791 941 4850 1⁰.
959 4785 1009 4867 (2,
1027 4790 1088 4867 ol).

413 4966 441 5027 a)
453 4967 585 5016 Addition.
598 4968 638 5015 En
650 4983 736 5030 merge
751 4985 756 5016 :
768 4974 879 5018 correcta
887 4986 937 5034 per
948 4970 1075 5019 ἆυυιὶνιιιηι
1087 4976 1204 5020 rivorum.

416 5118 436 5165 l.
449 5117 511 5164 Voir
522 5132 547 5236 ιζ.
559 5120 614 5166 202.
626 5145 658 5152 —
669 5122 692 5167 2.
709 5119 818 5167 Thomas
829 5121 860 5167 ‹le
873 5120 1045 5172 Bourlemont.
1060 5122 1314 5183 1330-1353OEubel,
1328 5122 1347 5180 Ι,
1366 5123 1434 5183 531).
1452 5150 1483 5156 -
1502 5125 1524 5170 3.
1544 5123 1646 5183 Kirsch,
1667 5122 1741 5178 Koll,

384 5192 437 5238 172.
450 5218 480 5224 —-
493 5193 516 5239 4.
542 5190 626 5240 1’(11111.
641 5194 693 5240 124.
