4650 6059
1039 766 1127 840 rara,
1148 766 1199 830 or
1217 765 1293 847 jun.
1790 772 1845 836 ao

475 919 653 1003 Agathen.
669 918 766 999 dioc..
779 938 852 984 vac.
877 917 920 983 ad
931 936 1067 1003 presens
1093 937 1153 1002 per
1168 926 1313 983 mortem
1336 919 1512 1003 Amyelhti
1530 919 1718 1008 Figuieyra‚
1735 922 1846 988 ultimi

477 1023 626 1088 rectoris
642 1022 712 1088 sive
728 1022 846 1108 prioris
862 1021 1021 1106 ejusdem,
1038 1021 1094 1104 qui
1121 1029 1216 1088 extra
1233 1020 1331 1087 Rom.
1348 1022 1473 1089 curiam
1499 1024 1589 1090 diem
1606 1025 1725 1091 clausit
1740 1035 1847 1093 extre-

477 1148 589 1207 mum,
607 1148 671 1211 que
687 1125 743 1191 diu
769 1134 849 1191 ante
875 1133 1020 1191 mortem
1044 1125 1192 1210 ejusdem
1217 1147 1276 1211 per
1300 1126 1332 1191 S.
1348 1125 1388 1193 V.
1405 1128 1577 1194 collationi
1602 1138 1709 1215 apost.
1736 1131 1847 1196 extitit

477 1240 698 1312 reservata...
722 1237 818 1295 motu
842 1228 979 1315 proprio
1004 1227 1187 1313 dignemini
1215 1228 1415 1314 providere;
1440 1251 1507 1296 non
1525 1234 1610 1297 obst.
1636 1234 1726 1317 quod
1742 1234 1848 1300 archi-

479 1335 703 1401 diaconatum
719 1334 1020 1420 Antwerpiensem,
1036 1341 1071 1398 et
1087 1353 1160 1399 can.
1172 1353 1211 1399 ac
1227 1337 1319 1419 preb.
1335 1335 1369 1398 in
1386 1334 1614 1417 Cameracen.,
1624 1358 1757 1403 necnon
1774 1358 1847 1405 can.

480 1448 517 1505 et
542 1442 689 1526 prebet
719 1437 1021 1504 subthesaurariam
1046 1438 1081 1502 in
1108 1435 1313 1504 Noviomen.
1339 1439 1497 1519 ecclesiis
1513 1440 1660 1506 noscitur
1688 1442 1847 1522 obtinere,

482 1565 601 1611 secum
616 1565 659 1609 ex
674 1543 815 1609 uberiori
833 1543 924 1609 dono
947 1542 1065 1627 gratie,
1082 1542 1173 1627 quod
1199 1542 1325 1608 dictam
1341 1544 1423 1609 eccl.
1441 1563 1517 1609 curn
1533 1544 1625 1610 dicto
1641 1544 1847 1612 archidiaco-

480 1658 567 1715 natu
584 1649 736 1715 obtinere
751 1648 875 1728 valeat,
891 1646 1133 1733 dispensantes.
1150 1687 1190 1696 -
1209 1643 1285 1712 Fiat
1302 1655 1336 1713 et
1352 1646 1594 1734 dispensamus.
1611 1646 1651 1714 R.

528 1752 609 1818 Dat.
624 1752 726 1818 Avin.
744 1754 761 1817 8
776 1751 914 1837 idjunii
931 1757 963 1816 a⁰
980 1756 1022 1835 7⁰.
1040 1749 1115 1833 (30,
1133 1749 1170 1816 P.
1187 1748 1232 1831 ΙΙ,
1248 1752 1315 1836 30).

539 1889 680 1973 1357.
1561 1904 1655 1985 1348,
1677 1903 1697 1965 ό
1713 1900 1802 1983 juin.

528 2009 618 2094 Sign.
635 2008 667 2073 S.
684 2006 724 2073 V.
740 2006 967 2073 Theodericus
982 2006 1024 2071 de
1040 2004 1225 2072 Bardewiic
1243 2016 1262 2085 ¹,
1273 1993 1356 2084 cler.
1373 2004 1532 2071 Leodien.
1550 2003 1647 2088 dioc,
1664 2005 1755 2091 quod
1770 2006 1841 2092 ipse

485 2112 714 2179 Theodericus
740 2132 832 2198 perp.
860 2111 1021 2196 capellan.
1038 2109 1151 2175 altaris
1167 2107 1203 2173 B.
1221 2107 1271 2174 M.
1287 2107 1327 2174 V.
1343 2108 1377 2173 iu
1405 2111 1488 2175 eccl.
1515 2109 1558 2175 de
1582 2110 1843 2195 Steenberghen,

486 2217 635 2302 ejusdem
651 2216 748 2296 dioc„
762 2224 796 2280 et
807 2213 972 2280 Martinus
984 2213 1131 2278 Venture
1146 2210 1348 2279 deTuderto
1364 2233 1436 2278 can.
1448 2221 1482 2278 et
1492 2216 1584 2299 preb.
1594 2213 1846 2291 eccl.S.Johan-

487 2322 537 2386 nis
553 2320 725 2401 Leodien.,
748 2339 919 2406 persuum
935 2325 1185 2403 procuratorem
1201 2316 1315 2382 animo
1336 2317 1548 2402 permutandi
1574 2317 1763 2403 hujusmodi
1789 2339 1846 2384 sua

485 2423 649 2490 beneficia
665 2423 698 2487 in
715 2424 870 2488 manibus
897 2421 936 2488 R.
964 2421 1001 2488 P.
1028 2422 1118 2488 dom.
1135 2420 1307 2506 Stephani,
1333 2420 1433 2507 episc.
1461 2421 1492 2487 S.
1517 2420 1633 2487 Poncii
1650 2419 1845 2487 Thomeria·

485 2550 567 2608 rum,
599 2528 769 2593 camerarii
796 2528 908 2607 restri,
929 2526 1138 2611 resignarunt
1160 2533 1196 2590 et
1225 2524 1316 2608 quod
1331 2525 1402 2611 ipse
1425 2526 1602 2612 episcopus
1631 2532 1720 2590 auct.
1735 2533 1846 2591 vestra

485 2631 673 2719 hujusmodi
698 2632 943 2717 resignaciones
964 2631 1091 2716 recepit
1114 2639 1150 2697 et
1176 2632 1320 2698 admisit.
1352 2630 1463 2715 Quare
1493 2631 1600 2716 suppl.
1631 2638 1723 2713 quat.
1753 2629 1845 2695 dicto

486 2735 696 2802 Theoderico
725 2736 767 2802 de
800 2735 898 2801 dictis
929 2755 1003 2800 can.
1034 2741 1069 2799 et
1099 2737 1191 2820 preb.
1221 2743 1255 2801 et
1285 2733 1328 2801 de
1359 2735 1522 2820 capellan.
1554 2733 1667 2798 altaris
1704 2732 1843 2818 predicti

487 2843 531 2907 sic
546 2862 621 2909 rac.
638 2840 768 2927 prefato
797 2838 946 2905 Martino
972 2837 1154 2923 dignemini
1183 2839 1411 2925 providere...;
1436 2859 1504 2904 non
1529 2840 1615 2903 obst.
1640 2840 1715 2901 ben.
1739 2836 1845 2901 eccle-

487 2946 626 3012 siasticis
641 2945 743 3031 ipsius
768 2942 967 3008 Theoderici
993 2962 1061 3007 non
1087 2943 1218 3023 curatis,
1235 2963 1376 3027 quorum
1399 2942 1500 3008 annui
1527 2940 1674 3007 redditus
1697 2943 1845 3007 valorem

488 3050 603 3117 decem
635 3048 848 3115 marcharum
879 3046 1008 3131 argenti
1038 3046 1221 3112 secundum
1251 3046 1462 3113 taxacionem
1493 3046 1623 3112 decime
1653 3065 1721 3110 non
1749 3065 1845 3111 exce-

490 3152 579 3233 dunt,
607 3166 642 3219 et
670 3152 759 3236 quod
787 3151 895 3216 eidem
924 3149 1074 3215 Martino
1101 3151 1142 3215 de
1168 3150 1336 3230 fructibus,
1357 3150 1539 3216 redditibus
1566 3159 1601 3215 et
1630 3150 1846 3234 proventibus

490 3259 649 3325 dictorum
675 3277 749 3322 can.
777 3265 811 3321 et
836 3259 927 3341 preb.
955 3254 1093 3318 minime
1120 3255 1393 3340 respondebatur,
1418 3275 1479 3340 pro
1501 3276 1543 3320 eo
1568 3256 1657 3339 quod
1680 3275 1739 3340 per
1763 3254 1846 3319 duos

493 3361 527 3426 de
552 3384 625 3428 can.
651 3362 730 3426 eccl.
756 3361 787 3426 S.
813 3358 976 3436 Johannis
1003 3357 1152 3443 predicte
1177 3358 1360 3423 secundum
1387 3366 1551 3424 statutum
1582 3381 1639 3424 seu
1670 3369 1845 3426 consuetu·

495 3465 597 3530 dinem
614 3465 763 3550 ejusdem
779 3463 821 3528 de
838 3473 946 3528 morte
972 3461 1106 3527 Colardi
1124 3463 1166 3528 de
1182 3461 1373 3546 Lemborgh
1383 3474 1403 3543 ²,
1420 3484 1479 3549 per
1495 3466 1587 3547 qu'us
1603 3473 1747 3530 mortem
1763 3464 1843 3529 dicti

498 3588 558 3635 can.
575 3578 609 3634 et
625 3571 718 3655 preb.
735 3575 950 3632 vacaverunt.
969 3565 1130 3650 ldernque
1159 3564 1326 3632 Martinus
1353 3588 1410 3632 eos
1437 3569 1483 3632 sic
1500 3577 1660 3634 vacantes
1683 3570 1844 3634 canonice

498 3672 626 3760 adeptus
642 3682 677 3737 et
693 3672 734 3737 ad
750 3672 903 3736 eamdem
920 3673 1011 3756 preb.
1028 3670 1060 3734 in
1076 3670 1166 3735 dicta
1182 3671 1263 3735 eccl.
1291 3671 1324 3734 in
1352 3672 1551 3737 canonicum
1578 3681 1731 3758 receptus
1754 3673 1844 3757 paci·

501 3774 549 3842 fice
564 3778 636 3854 suit,
653 3776 791 3839 minime
808 3775 906 3840 fidern
923 3774 1012 3854 fecit,
1023 3775 1102 3839 licet
1118 3775 1159 3839 de
1173 3775 1273 3860 ipsius
1284 3774 1418 3841 Colardi
1430 3787 1537 3842 morte
1549 3777 1631 3841 ahias
1648 3778 1844 3855 constiterit,

501 3887 526 3943 et
545 3891 697 3946 constare
722 3880 826 3965 possit
857 3878 1070 3957 sufficienter,
1106 3878 1323 3944 decernentes
1351 3879 1420 3944 iore
1445 3880 1537 3945 dicto
1564 3879 1773 3945 Theoderico
1804 3880 1846 3944 de
1928 3943 1933 3964 ·.

502 3980 654 4065 hictibus,
665 3983 847 4049 redditibus
863 3991 898 4046 et
908 3983 1126 4068 proventibus
1142 3983 1368 4068 predictorum
1385 3983 1601 4049 canonicatus
1617 3994 1651 4048 et
1667 3984 1846 4069 prebende,

503 4093 611 4155 statuto
628 4088 816 4174 hujusmodi
833 4109 900 4153 non
918 4090 1072 4153 obstante
1089 4088 1321 4173 respondendi.
1337 4126 1368 4136 -
1392 4088 1465 4154 Fiat
1482 4110 1549 4153 non
1566 4092 1650 4154 obst.
1662 4088 1751 4153 dicta
1768 4109 1845 4154 con-

463 4203 464 4230 *
503 4193 672 4259 suetudine.
692 4191 731 4256 R.

535 4295 607 4363 Dat.
624 4296 725 4361 Avin.
743 4299 760 4360 8
778 4296 820 4361 id.
834 4296 917 4380 junii
934 4305 966 4360 a⁰
979 4306 1019 4379 7⁰.
1038 4301 1108 4375 (15.
1128 4302 1210 4379 ὅγ’).

546 4434 679 4520 1358.
1575 4451 1667 4533 1348,
1687 4469 1704 4531 7
1714 4448 1803 4530 jorn.

538 4549 629 4638 Supp.
646 4552 835 4637 Stephanus
852 4550 1018 4615 Balistarii
1030 4562 1049 4630 ³,
1067 4559 1158 4635 quat.
1179 4550 1341 4637 [Johanni
1359 4552 1442 4633 Yde,
1459 4557 1566 4639 presb.
1578 4553 1738 4620 Leodien.
1749 4555 1846 4636 dioc..

510 4646 539 4713 de
551 4656 726 4737 presbitero
740 4654 872 4740 genito]
899 4664 933 4718 et
961 4656 1079 4734 soluta,
1103 4656 1158 4738 qui
1184 4676 1224 4719 ex
1252 4656 1501 4741 dispensatione
1527 4656 1613 4722 sedis
1641 4667 1748 4742 apost.
1773 4680 1846 4724 can.

512 4762 536 4813 et
555 4763 636 4840 preb.
665 4780 705 4823 ac
732 4757 879 4823 officium
907 4758 1076 4823 scolastrie
1103 4759 1185 4823 eccl.
1211 4757 1339 4824 Montis
1367 4761 1397 4824 S.
1422 4760 1602 4839 Gertrudis,
1630 4760 1719 4825 dicte
1747 4761 1845 4840 dioc,

514 4862 703 4927 ascendentes
718 4863 854 4943 singulis
879 4863 975 4927 annis
992 4863 1161 4927 communi
1190 4863 1404 4928 estimatione
1421 4865 1452 4928 in
1471 4865 1624 4929 universo
1652 4886 1690 4948 45
1719 4864 1750 4929 fl.
1775 4865 1844 4929 auri

523 4982 740 5002 X·—

542 5051 617 5103 hvon
632 5074 655 5107 n.
675 5061 744 5117 1240,
765 5062 842 5116 124&
865 5060 962 5116 liirsch,
982 5061 1106 5117 nomnen,
1121 5061 1139 5116 1,
1155 5062 1252 5107 121-
1270 5064 1291 5107 2.
1313 5060 1352 5106 l'n
1371 5061 1474 5108 Nicolas
1491 5062 1522 5108 dc
1537 5062 1675 5118 [turbam-g
1688 5062 1726 5107 int
1742 5060 1802 5107 cure
1814 5062 1846 5108 dc

522 5116 748 5194 st‘rlfflsshaptirrteh
763 5130 839 5192 LRgo
851 5133 882 5178 do
896 5134 959 5179 1330
970 5135 983 5180 ir
1000 5135 1060 5179 lasa
1080 5133 1167 5193 (laun.
1185 5132 1215 5179 de
1233 5132 1258 5178 lu
1276 5133 1328 5181 Stra.
1341 5131 1408 5180 d'uri
1421 5139 1442 5178 rt
1455 5133 1538 5183 d'lrint.
1551 5133 1582 5180 de
1596 5133 1675 5199 luipo,
1690 5134 1761 5182 XIV.
1776 5135 1844 5195 titi).

522 5212 543 5222 “
555 5195 572 5243 3.
582 5199 667 5253 Porticr
683 5207 719 5253 du
732 5221 797 5270 pape
811 5209 878 5267 (roir
891 5221 916 5254 n.
931 5209 998 5268 fus.)
