4650 6059
1012 788 1102 861 1342,
1126 788 1180 852 bs
1202 790 1329 855 octobre.
1809 801 1852 864 47

479 940 582 1023 dign,
598 961 687 1025 pers,
703 941 758 1004 vel
775 939 831 1004 off.
848 940 930 1004 eccl.
948 938 1175 1018 Cameracen,
1192 939 1373 1024 dignemini
1384 942 1568 1026 providere,
1579 965 1647 1010 non
1661 950 1745 1012 obst.
1759 951 1849 1032 quod

480 1052 606 1109 canet
634 1047 728 1129 preb.
756 1044 838 1109 eccl.
856 1041 1039 1107 Pictavien.
1056 1051 1090 1107 et
1111 1042 1459 1128 archipresbiteratum
1479 1045 1522 1110 de
1546 1046 1648 1134 Faya,
1666 1050 1851 1118 Pictavien.

481 1148 580 1222 dioc.
596 1167 638 1212 ac
670 1168 744 1212 can.
769 1155 804 1212 et
834 1149 926 1231 preb.
957 1146 1039 1211 eccl.
1070 1146 1112 1211 de
1143 1145 1308 1227 Rorneno,
1335 1147 1544 1215 Condomen.
1575 1152 1671 1233 dioc,
1703 1156 1851 1221 noscitur

482 1251 647 1316 obtinere.
662 1291 707 1300 -
724 1238 800 1315 Fiat
817 1250 857 1316 R.

526 1354 606 1419 Dat.
625 1353 726 1419 Avin.
746 1358 763 1418 6
779 1375 859 1419 non.
876 1354 943 1419 ocl.
959 1361 992 1418 a⁰
1011 1361 1051 1417 1⁰.
1069 1352 1112 1437 (I,
1131 1359 1221 1437 226).

531 1492 650 1573 224.
1520 1527 1614 1590 1342,
1631 1531 1650 1572 2
1667 1513 1805 1576 octobre.

525 1610 631 1695 Supp.
656 1608 831 1686 lohannes
854 1606 896 1671 de
924 1606 1104 1686 Faverolis,
1129 1628 1215 1692 mag.
1244 1608 1276 1672 in
1308 1617 1379 1688 art,
1405 1630 1478 1674 can.
1505 1612 1586 1676 eccl.
1615 1613 1646 1677 S.
1675 1613 1850 1698 Gaugerici

485 1713 727 1792 Cameracen.¹,
742 1732 804 1798 pro
827 1711 970 1794 negotiis
993 1709 1141 1795 ejusdem
1163 1712 1303 1776 ecclesie
1319 1712 1361 1776 ad
1377 1712 1416 1778 V.
1433 1714 1464 1777 S.
1480 1715 1682 1799 presentiam
1705 1717 1848 1784 destina-

484 1831 547 1893 tus,
563 1826 656 1900 quat.
672 1816 703 1880 ei
720 1816 762 1880 de
779 1835 852 1880 can.
869 1814 902 1878 in
919 1815 1001 1879 eccl.
1019 1814 1057 1879 B.
1075 1813 1124 1880 M.
1139 1816 1425 1900 Antverpiensisl,
1443 1817 1657 1885 Cameracen.
1673 1821 1770 1899 dioc,
1789 1826 1848 1887 sub

485 1943 558 2007 exp.
574 1923 669 2007 preb.
685 1920 869 2004 dignemini
886 1918 1071 2004 providere,
1088 1940 1164 1984 cum
1181 1919 1259 1985 data
1275 1921 1473 2005 provisionis
1487 1943 1547 2006 per
1563 1924 1593 1987 S.
1611 1922 1650 1988 V.
1667 1924 1754 1989 facte
1765 1946 1849 1991 nun-

486 2026 538 2089 tiis
552 2024 780 2089 universitatis
796 2021 999 2102 Parisiensis,
1016 2043 1092 2087 cum
1109 2022 1199 2087 idem
1214 2022 1234 2100 J
1238 2023 1387 2088 ohannes
1403 2026 1525 2090 rexerit
1552 2026 1584 2090 in
1612 2026 1703 2093 dicta
1718 2029 1850 2095 univer-

488 2129 582 2193 sitate
598 2128 748 2212 quinque
763 2126 868 2206 annis,
885 2134 919 2191 et
934 2126 977 2192 de
992 2147 1093 2206 novo,
1109 2135 1188 2191 ante
1204 2128 1466 2213 assumptionem
1482 2138 1629 2194 vestram
1656 2129 1698 2195 ad
1714 2141 1849 2216 aposto-

489 2234 570 2297 latus
584 2232 719 2317 apicem
731 2239 765 2295 et
781 2229 947 2295 dictorum
962 2231 1161 2295 nunciorum
1178 2229 1448 2312 destinationem,
1459 2232 1501 2297 de
1518 2231 1660 2299 Parisios
1668 2245 1848 2303 recesserat

490 2356 623 2420 regens;
640 2355 710 2400 non
727 2336 812 2399 obst.
830 2332 919 2416 quod
935 2333 968 2397 in
984 2332 1075 2398 dicta
1090 2334 1172 2398 eccl.
1189 2333 1220 2398 S.
1244 2333 1418 2419 Gaugerici
1446 2356 1518 2401 can.
1535 2345 1569 2402 et
1596 2340 1698 2422 preb,
1714 2359 1847 2404 necnon

490 2440 601 2525 capell.
617 2459 712 2525 perp.
728 2438 841 2503 altaris
857 2436 895 2501 B.
913 2435 961 2502 M.
978 2436 1020 2502 de
1036 2436 1158 2502 Thuno
1180 2437 1211 2501 S.
1230 2436 1378 2517 Martini,
1396 2438 1610 2505 Cameracen.
1626 2440 1724 2523 dioc,
1741 2444 1847 2509 nosci-

490 2555 536 2607 tur
550 2543 716 2608 obtinere.
733 2540 869 2606 -Fiat
886 2540 926 2606 R.

527 2647 605 2712 Dat.
621 2647 724 2710 Avin.
742 2651 760 2710 6
777 2666 857 2709 non.
873 2653 939 2710 oct.
955 2651 989 2709 a⁰
1008 2652 1047 2709 1⁰.
1065 2643 1109 2727 (l,
1128 2665 1144 2708 2
1150 2646 1218 2728 33).

531 2783 644 2868 225.
1516 2817 1611 2879 1342,
1625 2819 1646 2882 3
1664 2802 1802 2864 octobre.

526 2897 581 2962 sm
598 2896 711 2961 Pater.
729 2896 815 2961 Cum
831 2918 937 2982 nuper
952 2898 984 2962 S.
1001 2897 1040 2961 V.
1058 2896 1249 2962 Guidonem
1264 2898 1307 2962 de
1323 2897 1542 2964 Venthodoro
1557 2910 1568 2935 ²
1593 2903 1673 2966 eccl.
1691 2902 1845 2967 Camera-

489 3022 552 3066 cen.
568 3000 750 3087 prefecerit
765 3001 798 3064 in
815 3001 1009 3087 episcopum
1025 3010 1060 3065 et
1075 3010 1254 3086 pastorem,
1271 3012 1305 3066 et
1329 3004 1525 3087 prepositus,
1545 3003 1690 3069 decanus
1715 3014 1748 3068 et
1773 3026 1845 3090 cap.

433 3157 434 3162 ,
490 3106 629 3187 curulem
647 3104 730 3169 eccl.
747 3113 894 3169 asserant
911 3126 945 3169 se
962 3126 1002 3168 ex
1027 3106 1201 3189 privilegio
1226 3127 1283 3169 seu
1309 3106 1549 3169 consuetudine
1569 3115 1626 3170 aut
1651 3115 1777 3172 statuto
1804 3108 1846 3172 ad

489 3211 712 3294 receptionem
729 3209 808 3272 novi
829 3209 974 3293 episcopi
1003 3230 1060 3272 seu
1085 3209 1184 3272 electi
1213 3209 1426 3273 Carireracen.
1452 3230 1518 3273 non
1543 3211 1659 3288 teneri,
1677 3211 1737 3274 nisi
1762 3212 1845 3295 epis-

433 3336 434 3345 *
489 3333 582 3397 copus
598 3312 654 3374 rel
680 3311 808 3374 electus
831 3312 1017 3394 hujusmodi
1035 3312 1179 3375 doceant
1196 3334 1230 3375 se
1247 3313 1335 3396 prius
1357 3313 1546 3396 imperatori
1564 3334 1620 3376 seu
1637 3313 1704 3397 regi
1725 3314 1845 3379 Roma·

433 3429 434 3464 ὲ
488 3436 597 3480 nonnn
616 3415 734 3478 iecisse
751 3414 944 3499 homagium
961 3437 999 3479 ac
1017 3416 1186 3479 fidelitatis
1199 3417 1423 3498 juramentum
1442 3417 1623 3499 prestitisse
1640 3418 1759 3500 ;idque
1776 3419 1843 3482 fieri

487 3529 624 3603 nequeat
642 3539 705 3603 pro
721 3538 762 3581 eo
779 3517 868 3600 quod
884 3517 926 3581 ad
951 3539 1086 3602 presens
1102 3518 1143 3581 de
1168 3519 1240 3600 jure
1269 3518 1457 3581 Romanum
1484 3528 1581 3583 vacat
1610 3521 1794 3604 imperium,
1812 3530 1845 3583 et

486 3625 546 3704 cius
561 3621 765 3706 gribernatio
781 3629 814 3684 et
832 3620 1074 3697 administratio
1090 3629 1140 3684 est
1158 3622 1189 3683 iu
1209 3630 1317 3684 vestre
1334 3622 1485 3684 manibus
1502 3623 1714 3700 Sanctitatis;
1732 3624 1845 3706 digne-

486 3728 557 3789 mini
585 3725 698 3788 eidem
732 3723 875 3787 Guidoni
902 3746 960 3809 per
992 3734 1117 3789 vestras
1148 3726 1275 3788 litteras
1306 3725 1485 3808 indulgere,
1518 3735 1553 3788 ut
1581 3726 1622 3789 ad
1654 3727 1844 3808 homagium

485 3830 682 3907 laciendum,
711 3829 937 3912 juramentum
965 3829 1179 3913 prestandum
1212 3829 1361 3912 predicta
1386 3850 1452 3891 non
1480 3839 1642 3905 teneatur,
1675 3851 1846 3911 quousque

484 3954 534 3996 rex
553 3933 786 3996 Romanorum
803 3942 860 3995 aut
877 3931 1056 4016 imperator
1072 3932 1240 4014 legitimus
1257 3932 1376 3994 luerint
1394 3953 1452 4015 per
1471 3932 1656 3996 Romanam
1671 3933 1845 3995 ecclesiam

482 4037 668 4122 approbati,
686 4056 725 4099 ac
741 4035 920 4099 decernere
947 4045 1034 4099 auct.
1051 4045 1157 4119 apost.
1175 4044 1208 4098 et
1234 4036 1275 4099 de
1301 4036 1507 4119 plenitudine
1535 4035 1720 4118 potestatis,
1738 4035 1844 4118 ipsum

483 4141 626 4203 electum
644 4159 684 4202 ac
701 4139 841 4203 vicarios
857 4149 890 4202 et
907 4149 1138 4222 procuratores
1156 4160 1242 4217 suos,
1260 4147 1396 4215 statuto,
1419 4138 1591 4222 privilegio
1608 4147 1641 4201 et
1670 4148 1847 4203 consuetu-

482 4245 555 4306 dine
580 4242 780 4326 supradictis
799 4264 1008 4325 nequaquam
1034 4243 1253 4320 obstantibus,
1271 4263 1329 4326 per
1355 4243 1443 4326 ipsos
1471 4241 1652 4325 capitulum
1669 4250 1703 4304 et
1730 4263 1846 4306 omnes

484 4346 632 4409 subditos
654 4344 1132 4429 ipsiusCanieracen.ecclesie
1145 4347 1281 4429 perinde
1306 4346 1346 4409 ad
1366 4345 1610 4430 possessionem
1635 4346 1846 4429 episcopatus

484 4450 526 4511 sui
550 4449 780 4528 Cameracen,
797 4459 831 4513 et
847 4450 1099 4535 perceptionem
1116 4450 1278 4532 integram
1305 4449 1479 4525 fructuum,
1505 4449 1692 4512 reddituum
1719 4459 1751 4512 et
1772 4470 1847 4532 pro-

485 4568 644 4616 ventuum
662 4573 777 4617 mense
794 4554 991 4638 episcopalis
1008 4554 1222 4617 Cameracen.
1240 4553 1378 4637 pacifice
1399 4562 1432 4616 et
1449 4553 1551 4616 libere
1575 4573 1706 4615 exnunc
1727 4552 1846 4615 admit-

485 4658 601 4721 tendos
630 4657 710 4735 fore,
727 4677 766 4721 ac
790 4658 814 4720 si
840 4657 929 4721 idem
946 4658 1072 4722 electus
1088 4659 1154 4739 regi
1174 4658 1224 4720 vel
1243 4657 1432 4740 imperatori
1453 4657 1678 4719 Romanorum
1697 4655 1846 4737 legitimo

485 4760 613 4825 lecisset
644 4760 838 4843 homagium
864 4771 898 4825 et
920 4762 1145 4845 juramentum
1172 4760 1360 4844 hujusmodi
1386 4760 1593 4843 prestitisset,
1619 4780 1658 4822 ac
1685 4759 1726 4821 de
1758 4758 1846 4822 lacto

486 4864 637 4948 homagio
669 4873 704 4927 et
731 4865 922 4947 juramento
954 4866 1140 4950 hujusmodi
1168 4866 1307 4949 prestito
1344 4864 1473 4927 fecisset
1500 4864 1633 4947 pretatis
1666 4863 1850 4945 preposito,

515 5053 851 5110 njhdnmfflmmffls

491 5170 581 5179 su.-
585 5172 735 5179 —.---—

518 5238 1007 5299 hwfflffldwl-zhmmwd
