4650 6059
485 797 543 861 410
928 885 930 888 ι
1028 793 1117 868 1849,
1140 793 1190 857 5-7
1212 811 1300 859 mars.

538 943 679 1027 1520.
1548 976 1647 1042 1349,
1663 976 1685 1039 5
1702 980 1796 1024 moro.

527 1062 650 1148 Supp...
667 1059 828 1144 P(etrus),
856 1059 944 1126 card.
969 1060 1194 1139 Attrebaten.,
1220 1067 1311 1143 quat.
1338 1061 1515 1146 capellano
1541 1070 1578 1127 et
1604 1060 1760 1128 familiari
1784 1082 1826 1128 suo

485 1166 646 1231 continuo
675 1163 893 1231 commensali
920 1162 1101 1229 Guillelmo
1126 1162 1170 1228 de
1194 1161 1379 1229 Brillicuria
1405 1164 1448 1231 de
1471 1185 1545 1233 ean.
1573 1175 1608 1232 et
1639 1168 1735 1253 preb.
1765 1167 1826 1233 eocl.

485 1270 516 1335 S.
534 1268 690 1334 Rumoldi
710 1266 949 1348 Maeliniensis,
967 1266 1183 1332 Cameracen.
1200 1266 1297 1347 dioc„
1313 1288 1389 1334 vac.
1407 1269 1452 1335 ad
1466 1290 1603 1356 presens
1617 1290 1680 1356 per
1694 1280 1827 1337 contrac-

484 1384 556 1439 tum
571 1372 855 1438 matrimonium...
881 1391 943 1458 per
966 1370 1161 1449 Johannem
1178 1369 1298 1450 Calini‚
1315 1370 1483 1455 clericum,
1499 1371 1650 1457 ejusdem
1666 1373 1750 1439 eccl.
1771 1393 1826 1439 can.

483 1476 727 1561 prebendatum
756 1475 938 1560 dignemini
965 1474 1162 1561 providere;
1191 1496 1260 1541 non
1278 1478 1364 1542 obst.
1377 1477 1468 1561 quod
1490 1497 1566 1560 can..
1589 1486 1625 1543 et
1647 1479 1742 1564 preb.
1764 1478 1826 1548 eccl.

484 1580 515 1646 S.
543 1580 688 1664 Quiriaci
704 1580 746 1645 de
769 1578 917 1645 Pruvino
941 1586 975 1643 et
990 1580 1128 1664 paroch.
1144 1580 1226 1644 eccl.
1243 1578 1285 1644 de
1302 1577 1450 1660 Huretis,
1466 1579 1635 1647 Senonen.
1658 1580 1756 1662 dioc,
1770 1600 1826 1646 nos

483 1684 569 1749 citur
581 1683 764 1749 obtinere...
782 1722 823 1733 —
841 1682 918 1748 Fiat
935 1681 975 1748 R.

528 1789 606 1854 Dat.
622 1789 722 1854 Avin.
742 1809 759 1872 3
776 1808 855 1853 non.
871 1795 970 1852 mart.
987 1794 1021 1851 a⁰
1038 1794 1081 1871 7⁰.
1098 1786 1168 1871 (17,
1190 1787 1276 1870 188).

536 1941 665 2024 1521.
1375 2025 1378 2032 ,
1533 1953 1669 2038 1349,6
1701 1976 1793 2021 mars.
1869 2003 1871 2008 -

528 2058 652 2144 Supp...
671 2056 820 2123 Michael
834 2056 877 2123 de
894 2053 992 2122 Mota
1003 2065 1022 2137 ¹,
1038 2055 1092 2121 lic.
1108 2054 1142 2120 in
1159 2062 1243 2121 art...
1259 2063 1294 2120 et
1317 2055 1455 2122 studens
1476 2056 1511 2122 in
1534 2056 1608 2141 J'ure
1638 2078 1723 2140 can,
1741 2056 1825 2124 Mori·

482 2182 560 2227 nen.
577 2160 674 2242 dioc„
691 2168 781 2246 quat.
806 2159 848 2225 de
873 2179 947 2225 can.
975 2167 1010 2223 et
1032 2160 1125 2245 preb.
1153 2159 1235 2224 eccl.
1260 2157 1291 2224 S.
1325 2156 1416 2224 Petri
1441 2160 1601 2243 Ariensis,
1627 2161 1719 2228 dicte
1747 2161 1825 2241 dioc..

482 2286 557 2331 vac.
574 2265 617 2332 ad
631 2285 768 2352 presens
790 2285 849 2351 per
876 2266 929 2330 ob.
956 2264 1126 2347 quondam
1150 2262 1225 2329 Ade
1252 2262 1294 2328 de
1322 2262 1522 2346 Camberon,
1538 2264 1595 2350 qui
1623 2276 1720 2333 extra
1747 2265 1825 2333 Rom

484 2370 610 2435 curiam
640 2368 729 2436 diem
760 2367 881 2434 clausit
907 2376 1104 2447 extremum,
1130 2375 1211 2433 ante
1237 2367 1308 2452 ejus
1339 2369 1393 2434 ob.
1419 2368 1630 2435 reservatis...
1662 2367 1824 2456 dignemini
1867 2447 1871 2456 ¹

483 2474 659 2560 providere
674 2495 683 2553 ;
700 2493 768 2538 non
785 2475 871 2538 obst.
888 2471 978 2556 quod
990 2471 1079 2537 idem
1093 2469 1243 2538 Michael
1265 2472 1403 2558 paroch.
1415 2472 1498 2538 eccl.
1510 2472 1553 2538 de
1566 2471 1823 2560 Etthenlinghen

480 2579 577 2663 juxta
595 2576 721 2662 Brugis,
736 2576 1034 2657 Tornacen.dioc.‚
1050 2584 1086 2641 et
1111 2575 1294 2661 quamdam
1321 2576 1486 2661 capellan.
1511 2575 1544 2641 in
1570 2578 1655 2643 eccl.
1678 2575 1823 2645 Moriuen.

482 2681 631 2747 noscitur
646 2680 830 2747 obtinere...
848 2719 888 2729 —
906 2678 982 2745 Fiat
999 2678 1040 2746 R.

527 2785 606 2851 Dat.
622 2785 724 2851 Avin.
741 2805 758 2849 2
775 2805 855 2850 non.
872 2791 970 2849 mart.
986 2790 1019 2849 a⁰
1035 2789 1078 2867 7⁰.
1095 2784 1166 2866 (17,
1187 2784 1274 2867 190).

537 2938 673 3022 1522.
1546 2973 1643 3038 1349,
1661 2972 1682 3039 7
1696 2975 1790 3021 naurs.

528 3056 644 3143 [Motu
658 3054 811 3143 proprio]
831 3075 1041 3121 reservamus
1056 3074 1130 3122 can.
1146 3064 1182 3120 et
1196 3058 1288 3141 preb.
1305 3055 1446 3121 ecclesie
1471 3053 1675 3124 Moriuensis
1686 3078 1765 3143 quos
1777 3058 1820 3123 ob·

481 3161 567 3225 tinet
582 3160 602 3237 J
605 3161 756 3226 ohannes
780 3158 914 3245 Rogerii
930 3169 941 3194 ²
956 3158 1178 3224 conferendos
1201 3159 1384 3227 Laurentio
1407 3160 1449 3225 de
1472 3160 1707 3243 Abbatisvilla,
1731 3160 1821 3248 capel·

481 3266 558 3330 lano
574 3266 701 3350 capelle
718 3271 841 3344 nostre,
858 3284 936 3328 cum
950 3283 1011 3349 per
1038 3262 1288 3329 assecucionem
1316 3284 1391 3330 can.
1407 3272 1442 3330 et
1457 3267 1550 3350 preb.
1577 3285 1618 3331 ac
1632 3263 1822 3352 precentorie

482 3368 622 3434 ecclesie
638 3365 884 3447 Aniciensis,de
901 3366 1019 3450 quibus
1034 3366 1144 3432 eidem
1159 3365 1179 3444 J
1183 3366 1310 3433 ohanni
1326 3367 1603 3454 providimus,vel
1619 3369 1703 3436 alias
1717 3376 1821 3457 preter·
1865 3411 1871 3440 .,

483 3492 583 3556 quam
598 3491 657 3556 per
673 3470 773 3555 ipsius
789 3468 952 3547 Johannis
968 3472 1021 3535 ob.
1038 3473 1238 3536 vacabunt...
1254 3511 1297 3521 -
1314 3470 1390 3537 Fiat
1404 3479 1500 3538 motu
1515 3473 1662 3559 proprio.
1680 3472 1721 3539 R.
1867 3465 1871 3478 ²

527 3574 606 3639 Dat.
623 3574 723 3638 Avin.
739 3594 819 3640 non.
835 3583 933 3640 mart.
950 3582 984 3640 a⁰
1001 3581 1043 3659 7⁰.
1061 3575 1130 3658 (17,
1152 3577 1253 3659 1811).
1861 3539 1871 3632 1

534 3728 832 3815 1523-1524.
1546 3761 1642 3827 1349,
1660 3761 1682 3828 7
1696 3764 1792 3809 mars,

523 3850 645 3935 Supp...
665 3848 886 3933 Raymundus
912 3847 955 3913 de
982 3847 1013 3913 S.
1042 3845 1223 3927 Michaele,
1247 3847 1359 3930 legum
1385 3846 1504 3912 doctor
1528 3855 1564 3912 et
1591 3848 1680 3933 regis
1701 3846 1825 3915 Francie
1864 3869 1871 3934 1

479 3955 694 4035 consiliarius
710 3962 747 4019 ut
763 3952 1083 4033 archidiaconatum,
1101 3971 1175 4017 can.
1191 3959 1226 4016 et
1252 3953 1345 4035 preb.
1361 3951 1502 4017 ecclesie
1527 3953 1744 4021 Attrebaten.
1768 3971 1826 4018 vae
1867 3937 1871 4014 ἷ

479 4057 512 4121 in
531 4056 629 4122 Rom.
655 4057 745 4122 curia
768 4076 828 4140 per
854 4057 908 4121 ob.
932 4055 1055 4138 bon(e)
1082 4052 1277 4137 mem(orie)
1299 4051 1473 4120 Gaucelmi
1489 4053 1667 4138 Johannis,
1693 4053 1825 4145 episcopi

479 4163 656 4241 Albanen.,
673 4162 753 4225 olim
780 4161 812 4226 S.
829 4160 870 4225 R.
887 4159 927 4225 E.
955 4159 1129 4226 cardinalis
1143 4169 1164 4238 ³,
1181 4158 1242 4224 sibi
1267 4156 1408 4223 conferri
1433 4157 1640 4243 dignemini;
1663 4182 1734 4227 non
1757 4164 1827 4227 obst.
1868 4179 1871 4222 :

482 4264 571 4348 quod
588 4265 620 4328 in
638 4266 719 4329 eccl.
737 4263 908 4347 Urgellen.
925 4284 998 4330 can.
1021 4271 1056 4328 et
1070 4267 1162 4350 preb.
1188 4272 1223 4329 et
1250 4264 1415 4347 capellam
1440 4262 1470 4329 S.
1488 4261 1629 4329 Martini
1644 4266 1733 4332 Aule
1754 4282 1829 4332 nove
1867 4239 1871 4312 1

480 4368 570 4452 regie
586 4367 721 4432 Tholos
739 4368 810 4432 siue
826 4387 904 4432 cura
919 4375 954 4432 et
969 4388 1044 4434 can.
1068 4376 1102 4433 et
1117 4372 1210 4455 preb.
1234 4367 1374 4433 ecclesie
1397 4366 1436 4433 B.
1454 4366 1503 4433 M.
1519 4367 1561 4434 de
1577 4368 1732 4438 Cassello
1756 4369 1828 4437 obti·

481 4491 560 4535 nere
577 4471 706 4536 dicatur
722 4479 756 4536 et
773 4471 855 4536 eccl.
871 4479 1021 4537 curatam
1036 4472 1078 4537 de
1094 4470 1304 4555 Landingen,
1322 4469 1489 4537 Moriuen.
1512 4470 1612 4553 dioc,
1630 4474 1684 4539 cui
1701 4484 1752 4541 est
1765 4472 1830 4540 resi·

480 4594 584 4658 gnare
599 4581 767 4659 paratus...

527 4731 631 4794 1524.
649 4727 736 4793 ltem
753 4749 847 4814 supp.
865 4728 955 4813 quod
977 4730 1011 4793 in
1038 4749 1118 4795 casu
1143 4731 1261 4815 inquo
1286 4730 1317 4798 S.
1343 4730 1380 4796 V.
1405 4731 1588 4818 providerit
1613 4733 1726 4800 eidem
1753 4733 1830 4818 Ray·

479 4831 606 4896 mundo
635 4831 677 4897 de
707 4831 866 4916 predictis
898 4831 1170 4898 archidiaconatu
1199 4837 1254 4899 vel
1286 4834 1603 4921 archipresbiteratu
1627 4839 1640 4921 (
1661 4870 1688 4890 =
1707 4836 1830 4923 Regalis

479 4936 613 5012 montis,
629 4936 760 5001 Albien.
778 4936 893 5020 dioc),
910 4943 948 5001 ut
964 4935 1144 5003 Guillelmo
1162 4937 1339 5023 Raynaldi,
1355 4940 1540 5026 presbitero
1555 4940 1645 5009 dioc.
1661 4943 1695 5008 S.
1714 4940 1830 5029 Papuli,

517 5222 536 5269 l.
550 5221 611 5266 Voir
622 5234 646 5266 n.
659 5221 712 5274 310,
727 5223 797 5270 1510.
810 5249 841 5259 -
852 5224 875 5271 2.
887 5222 950 5268 voh
961 5235 986 5270 n.
999 5223 1053 5281 609,
1066 5225 1120 5283 976,
1134 5225 1205 5272 1151.
1217 5252 1249 5261 -
1261 5224 1283 5272 3.
1296 5224 1358 5273 Voir
1369 5238 1395 5274 n.
1407 5227 1478 5275 1512.
