4650 6059
1038 778 1127 850 Ι1351,
1152 777 1201 839 2-5
1224 779 1304 840 aout.
1791 781 1852 843 583

538 932 625 998 Item
643 934 858 998 collationem
875 933 997 998 factam
1015 929 1153 1015 Syrnoni
1171 927 1318 1006 Cauuel,
1340 928 1532 1013 presbitero,
1549 928 1591 992 de
1616 930 1761 994 secunda
1776 952 1851 1015 por-

491 1037 586 1100 tione
603 1037 737 1121 paroch.
754 1037 894 1100 ecclesie
910 1036 952 1100 de
971 1033 1202 1110 Hondescota,
1221 1030 1388 1097 Morinen.
1404 1031 1501 1110 diue,
1519 1052 1590 1096 vac.
1607 1052 1666 1115 per
1682 1033 1820 1099 obitum.

538 1139 625 1204 Item
642 1140 857 1204 collationem
874 1140 995 1205 factam
1014 1137 1191 1203 Francisco
1208 1134 1369 1199 Baclreler
1395 1135 1437 1199 de
1461 1155 1535 1199 can.
1551 1145 1585 1199 et
1602 1139 1693 1219 preb.
1710 1138 1850 1203 ecclesie

492 1242 706 1323 Nivellensis,
723 1243 880 1308 Leodien.
897 1244 994 1323 dioc„
1011 1262 1084 1307 vac.
1101 1260 1160 1326 per
1176 1242 1230 1303 ob.
1246 1239 1385 1304 Antonii
1403 1238 1483 1304 dicti
1501 1238 1645 1304 Badee...
1657 1241 1727 1323 (21,
1745 1248 1847 1318 101').

537 1385 648 1447 2247.
665 1381 751 1447 ltem
767 1381 982 1447 collationem
998 1379 1125 1444 factam
1152 1375 1298 1441 Nicolao
1319 1375 1411 1441 dicto
1427 1375 1573 1457 Terrien,
1590 1378 1783 1463 presbitero,
1807 1379 1848 1443 de

490 1506 568 1550 can.
584 1494 619 1549 et
634 1489 725 1570 preb.
752 1486 783 1551 S.
801 1485 888 1550 Petri
913 1483 1068 1572 briensis,
1098 1479 1265 1546 Morinen.
1292 1478 1387 1558 dioe,
1410 1501 1481 1545 vac.
1508 1501 1567 1565 per
1590 1481 1847 1565 resignationem

491 1609 592 1652 causa
607 1589 863 1674 permutationis
879 1588 965 1653 inter
981 1588 1088 1673 ipsum
1104 1593 1139 1649 et
1154 1582 1346 1660 Johannem
1362 1584 1490 1649 dietum
1507 1583 1583 1649 Hac
1603 1595 1621 1665 ¹,
1638 1606 1714 1650 cum
1738 1589 1847 1672 capel-

490 1692 580 1756 lania
598 1692 628 1757 S.
646 1692 734 1756 Petri
750 1694 784 1756 in
801 1695 882 1758 eccl.
899 1693 930 1757 S.
949 1689 1102 1757 Marcelli
1115 1688 1211 1773 juxta
1228 1686 1382 1753 Parisius

536 1794 624 1860 Item
640 1795 855 1861 collationem
872 1797 998 1863 factam
1015 1793 1161 1859 Nicolao
1177 1791 1218 1857 de
1243 1790 1340 1857 Barla
1364 1792 1406 1857 de
1431 1813 1503 1858 can.
1528 1801 1563 1857 et
1589 1796 1680 1878 preb.
1705 1794 1737 1860 S.
1761 1794 1847 1859 Piati

489 1899 703 1978 Sieliniensis,
720 1898 905 1965 Tomacen.
921 1899 1019 1978 dioc„
1041 1917 1100 1983 per
1115 1894 1374 1979 resignationem
1402 1917 1442 1960 ex
1470 1917 1568 1962 causa
1594 1897 1848 1987 permutationis

491 2003 702 2088 interipsum
719 2011 754 2068 et
769 2002 962 2081 Johannem
980 2001 1057 2067 Hac
1074 2002 1143 2083 (21,
1164 2001 1240 2083 102)

536 2142 649 2205 2248.
667 2139 754 2205 Item
770 2141 986 2206 collationem
1003 2139 1129 2205 factam
1145 2137 1315 2203 Willelmo
1330 2137 1423 2205 dieto
1439 2138 1481 2204 de
1496 2138 1660 2205 Geldonia
1681 2141 1723 2206 de
1739 2150 1848 2207 custo-

488 2244 544 2309 dia
561 2244 700 2309 ecclesie
718 2243 751 2309 N
754 2243 931 2325 ivellensis,
948 2243 1107 2309 Leodien.
1124 2240 1222 2323 dioe,
1238 2262 1311 2307 vac.
1335 2263 1395 2328 per
1420 2242 1680 2327 resignationem
1707 2244 1847 2311 Bartho-

487 2348 592 2413 lomei
609 2347 827 2415 Salomonis...

532 2488 621 2551 ltem
637 2486 854 2552 collationem
870 2487 992 2553 factam
1010 2485 1160 2551 Henrieo
1176 2485 1218 2550 de
1243 2484 1348 2569 Hoyo
1375 2484 1417 2549 de
1444 2505 1516 2550 can.
1541 2494 1575 2551 et
1599 2490 1689 2572 preb.
1707 2490 1846 2553 ecclesie

484 2591 517 2655 S.
537 2590 632 2654 Pauli
650 2590 809 2657 Leodien.
826 2612 897 2657 vac.
922 2611 982 2678 per
1008 2589 1269 2674 resignationem
1294 2610 1335 2653 ex
1359 2609 1457 2654 causa
1485 2592 1738 2675 permutationis
1761 2592 1846 2655 inter

482 2695 597 2779 ipsum
613 2702 647 2758 et
664 2693 880 2761 Godefridum
896 2694 938 2761 de
955 2693 1091 2759 Nivella
1107 2704 1118 2728 ²
1133 2714 1210 2759 curn
1226 2692 1411 2776 capellania
1437 2692 1492 2759 SS.
1508 2693 1685 2759 duodecim
1712 2703 1846 2780 aposto-

482 2799 597 2863 lorum
614 2798 676 2862 sita
693 2798 725 2862 in
743 2799 860 2864 eadem
877 2800 909 2865 S.
926 2798 1018 2864 Pauli
1036 2798 1188 2864 ecclesia.
1204 2839 1247 2846 -
1264 2796 1339 2861 Fiat
1358 2796 1397 2861 R.

531 2900 610 2966 Dat.
627 2902 726 2966 Avin.
745 2923 762 2965 2
779 2902 845 2968 kal.
862 2924 935 2987 aug.
953 2911 986 2967 a⁰
1006 2910 1067 2967 10⁰.
1083 2903 1154 2985 (21,
1175 2903 1275 2985 102').

539 3037 688 3122 2249.
1566 3070 1660 3133 1351,
1678 3074 1695 3115 2
1713 3058 1802 3118 nont.
1859 3034 1861 3037 ⁵

530 3158 633 3241 Supp.
652 3155 811 3239 Rogerius
827 3155 869 3220 de
898 3156 1069 3220 Belloforti
1097 3162 1188 3239 quat.
1219 3153 1435 3240 [carnbrerio]
1465 3174 1525 3218 suo
1550 3153 1721 3220 Bernardo
1748 3155 1845 3241 May-
1912 3142 1913 3145 Ἴ

482 3260 595 3338 nardi,
613 3261 733 3324 clerico
749 3259 961 3325 Xanctouen.
977 3259 1073 3338 dioc„
1090 3279 1164 3323 cau.
1182 3267 1216 3323 et
1231 3262 1322 3343 preb.
1340 3258 1479 3324 ecclesie
1496 3259 1526 3323 S.
1544 3256 1658 3323 Crucis
1668 3260 1712 3323 du
1723 3260 1845 3343 Lieige,

480 3364 647 3429 Leodien.
663 3364 759 3442 diue„
773 3385 844 3429 vac.
855 3386 914 3450 per
927 3373 1069 3429 mortem
1086 3362 1252 3439 Johannis
1263 3362 1343 3427 dicti
1357 3361 1529 3427 Haufania
1540 3364 1621 3446 ³,qui
1633 3373 1727 3428 extra
1744 3364 1839 3428 Rom.

481 3470 615 3534 curiam
631 3469 718 3532 diem
737 3468 854 3532 clausit
870 3476 1065 3546 extremum,
1083 3466 1233 3531 conferre
1251 3465 1443 3549 dignemini.
1460 3507 1502 3515 —
1519 3466 1594 3532 Fiat
1612 3466 1651 3532 R.

528 3572 608 3635 Dat.
625 3572 724 3636 Acin.
742 3596 760 3655 4
779 3593 857 3637 nou.
874 3592 947 3655 aug.
964 3580 997 3636 a⁰
1017 3579 1078 3636 10⁰.
1096 3572 1109 3654 (
1114 3573 1168 3650 21,
1191 3574 1278 3657 11¹3).

540 3708 688 3789 2250.
1566 3742 1584 3784 r
1585 3742 1660 3804 351,
1678 3745 1695 3804 4
1713 3730 1800 3787 aoril.

531 3829 634 3912 Supp.
658 3826 829 3903 Jolrannes
854 3826 971 3889 Clerici
999 3826 1041 3890 de
1068 3825 1285 3909 Guignicnrte
1301 3837 1320 3904 ⁴,
1349 3823 1545 3888 Lauduuen.
1572 3826 1669 3903 dioc„
1698 3826 1728 3887 in
1756 3828 1844 3890 cruia

482 3941 598 3995 vestra
616 3929 770 3994 Romana
787 3938 991 4014 procurator,
1008 3938 1099 4012 quat.
1123 3929 1164 3994 de
1181 3930 1316 4014 paroch.
1334 3929 1415 3992 eccl.
1431 3928 1472 3991 de
1490 3927 1613 4013 Helpa,
1631 3928 1843 3995 Cameraceu.

481 4035 584 4111 dioc,
601 4053 674 4097 rac.
692 4053 749 4117 per
765 4035 817 4096 ob.
835 4032 941 4096 ultimi
959 4033 1106 4111 rectoris,
1123 4034 1178 4116 qui
1197 4033 1229 4095 in
1248 4053 1337 4096 anno
1355 4031 1392 4096 L.
1403 4032 1553 4116 proxime
1566 4033 1725 4116 preterito
1742 4034 1773 4096 iu
1792 4035 1842 4098 iti-

481 4159 566 4202 nere
593 4136 746 4201 Romano
773 4156 907 4220 peregre
933 4136 1144 4220 proficiscens
1180 4137 1268 4200 diem
1301 4136 1417 4200 clausit
1448 4147 1644 4216 extremum,
1661 4137 1841 4220 dignemini

482 4240 674 4327 providere.
691 4282 733 4288 -
750 4239 824 4304 Fiat
843 4239 881 4303 R.
1506 4236 1507 4239 ’

531 4345 610 4408 Dat.
626 4345 725 4408 Aviu.
744 4365 760 4407 2
778 4365 856 4408 non.
874 4365 947 4427 aug.
964 4352 996 4407 a⁰
1018 4352 1076 4408 10⁰.
1095 4347 1166 4427 (21,
1184 4346 1251 4428 97).

539 4481 839 4565 225l·2254.
1566 4516 1658 4578 1551,
1672 4519 1695 4579 5
1712 4501 1799 4561 uinta

530 4604 632 4688 Supp.
649 4602 820 4679 Jobanues
837 4599 975 4663 slrtaudi
993 4608 1012 4678 ³,
1029 4601 1197 4682 equitator
1222 4600 1346 4664 domini
1373 4600 1456 4682 regis
1475 4599 1623 4676 Francie
1641 4609 1729 4684 quat.
1746 4601 1841 4685 [cou-

482 4706 670 4787 sauguineo
686 4726 745 4769 suo
764 4704 921 4767 Eustacio
939 4702 1088 4780 Comitis,
1116 4702 1317 4788 presbitero]
1351 4701 1516 4768 Morinen.
1541 4703 1637 4782 dioe,
1665 4706 1706 4769 de
1731 4706 1841 4788 aliquo

482 4817 562 4876 ben.
580 4812 661 4876 eccl.
679 4832 706 4875 c.
724 4832 752 4874 c.
770 4810 821 4872 rel
839 4829 862 4872 s.
880 4830 918 4882 c.‚
936 4816 1110 4891 spectante
1134 4808 1178 4871 ad
1197 4807 1411 4871 collationem
1438 4817 1502 4872 etc.
1530 4809 1687 4892 episcopi,
1710 4810 1840 4883 decani,

481 4924 518 4980 et
536 4913 673 4998 capituli
691 4914 960 4995 singulorumque
978 4912 1217 4976 canonicorum
1234 4911 1372 4974 ecclesie
1391 4909 1567 4990 Morineu„
1585 4913 1685 4975 etiam
1715 4914 1738 4976 si
1759 4914 1840 4976 iul'ra

521 5151 544 5195 l.
559 5145 656 5199 llnllar.
670 5162 695 5194 u.
707 5149 777 5194 9137.
791 5175 822 5179 u
840 5150 861 5193 ι).
877 5149 935 5193 l'oir
948 5161 971 5194 u.
984 5150 1054 5195 tuuf.
1068 5174 1098 5180 —
1116 5149 1137 5193 :t
1156 5149 1196 5192 Au
1215 5159 1239 5192 n.
1253 5147 1314 5192 2266
1334 5147 1352 5191 il
1364 5156 1401 5193 ost
1413 5145 1504 5208 appclc‘·
1517 5147 1548 5193 ‹le
1564 5146 1687 5193 Irus-nu.
1700 5175 1730 5181 -
1743 5149 1765 5193 l.
1787 5148 1845 5192 l'oir·

480 5241 508 5273 n.
525 5225 598 5269 1370.
611 5248 643 5256 -
656 5225 678 5267 ὑ.
698 5222 757 5267 l'oir·
769 5234 794 5268 n.
810 5224 880 5268 1215.
