<?xml version="1.0" encoding="UTF-8"?>
<!DOCTYPE html PUBLIC "-//W3C//DTD XHTML 1.0 Transitional//EN"
    "http://www.w3.org/TR/xhtml1/DTD/xhtml1-transitional.dtd">
<html xmlns="http://www.w3.org/1999/xhtml" xml:lang="en" lang="en">
 <head>
  <title>
</title>
<meta http-equiv="Content-Type" content="text/html;charset=utf-8" />
  <meta name='ocr-system' content='tesseract 3.04.00' />
  <meta name='ocr-capabilities' content='ocr_page ocr_carea ocr_par ocr_line ocrx_word'/>
</head>
<body>
  <div class='ocr_page' id='page_1' title='image "./suppliquesdeclm00goog_0366.png"; bbox 0 0 4650 6059; ppageno 0'>
   <div class='ocr_carea' id='block_1_1' title="bbox 1013 756 1848 829">
    <p class='ocr_par' dir='ltr' id='par_1_1' title="bbox 1013 756 1848 829">
     <span class='ocr_line' id='line_1_1' title="bbox 1013 756 1848 829; baseline 0 -6"><span class='ocrx_word' id='word_1_1' title='bbox 1013 757 1100 829; x_wconf 81' lang='lat'><strong>1347.</strong></span> <span class='ocrx_word' id='word_1_2' title='bbox 1123 758 1212 823; x_wconf 86' lang='lat'><strong>19-21</strong></span> <span class='ocrx_word' id='word_1_3' title='bbox 1235 756 1321 825; x_wconf 79' lang='lat' dir='ltr'>avril.</span> <span class='ocrx_word' id='word_1_4' title='bbox 1796 757 1848 823; x_wconf 79' lang='lat'>811</span> 
     </span>
    </p>
   </div>
   <div class='ocr_carea' id='block_1_2' title="bbox 479 904 1849 1304">
    <p class='ocr_par' dir='ltr' id='par_1_2' title="bbox 479 904 1848 994">
     <span class='ocr_line' id='line_1_2' title="bbox 479 904 1848 994; baseline 0.001 -22"><span class='ocrx_word' id='word_1_5' title='bbox 479 909 512 973; x_wconf 88' lang='lat' dir='ltr'>S.</span> <span class='ocrx_word' id='word_1_6' title='bbox 530 907 778 994; x_wconf 89' lang='lat' dir='ltr'>Christopbori,</span> <span class='ocrx_word' id='word_1_7' title='bbox 793 906 1004 973; x_wconf 87' lang='lat' dir='ltr'>Suessionen.</span> <span class='ocrx_word' id='word_1_8' title='bbox 1025 904 1122 987; x_wconf 76' lang='lat' dir='ltr'>dioc,</span> <span class='ocrx_word' id='word_1_9' title='bbox 1137 906 1230 971; x_wconf 87' lang='lat' dir='ltr'>dicta</span> <span class='ocrx_word' id='word_1_10' title='bbox 1253 927 1313 971; x_wconf 90' lang='lat' dir='ltr'>sua</span> <span class='ocrx_word' id='word_1_11' title='bbox 1335 905 1499 972; x_wconf 89' lang='lat' dir='ltr'>beneficia</span> <span class='ocrx_word' id='word_1_12' title='bbox 1523 906 1556 970; x_wconf 94' lang='lat' dir='ltr'>in</span> <span class='ocrx_word' id='word_1_13' title='bbox 1580 927 1669 971; x_wconf 87' lang='lat' dir='ltr'>man.</span> <span class='ocrx_word' id='word_1_14' title='bbox 1695 906 1734 970; x_wconf 91' lang='lat' dir='ltr'>R.</span> <span class='ocrx_word' id='word_1_15' title='bbox 1752 906 1788 971; x_wconf 93' lang='lat' dir='ltr'>P.</span> <span class='ocrx_word' id='word_1_16' title='bbox 1805 907 1848 973; x_wconf 87' lang='lat' dir='ltr'>D.</span> 
     </span>
    </p>

    <p class='ocr_par' dir='ltr' id='par_1_3' title="bbox 479 1009 1849 1099">
     <span class='ocr_line' id='line_1_3' title="bbox 479 1009 1849 1099; baseline -0.002 -22"><span class='ocrx_word' id='word_1_17' title='bbox 479 1011 658 1099; x_wconf 87' lang='lat' dir='ltr'>Stephani,</span> <span class='ocrx_word' id='word_1_18' title='bbox 668 1011 701 1077; x_wconf 89' lang='lat' dir='ltr'>S.</span> <span class='ocrx_word' id='word_1_19' title='bbox 714 1010 828 1077; x_wconf 91' lang='lat' dir='ltr'>Pontii</span> <span class='ocrx_word' id='word_1_20' title='bbox 837 1009 1093 1078; x_wconf 90' lang='lat' dir='ltr'>Thomeriarum</span> <span class='ocrx_word' id='word_1_21' title='bbox 1104 1010 1217 1096; x_wconf 75' lang='lat' dir='ltr'>episc,</span> <span class='ocrx_word' id='word_1_22' title='bbox 1227 1031 1327 1077; x_wconf 89' lang='lat' dir='ltr'>causa</span> <span class='ocrx_word' id='word_1_23' title='bbox 1337 1010 1595 1096; x_wconf 85' lang='lat' dir='ltr'>permutationis</span> <span class='ocrx_word' id='word_1_24' title='bbox 1604 1010 1759 1076; x_wconf 83' lang='lat' dir='ltr'>duxerint</span> <span class='ocrx_word' id='word_1_25' title='bbox 1771 1011 1849 1075; x_wconf 84' lang='lat' dir='ltr'>resi·</span> 
     </span>
    </p>

    <p class='ocr_par' dir='ltr' id='par_1_4' title="bbox 479 1112 1848 1304">
     <span class='ocr_line' id='line_1_4' title="bbox 479 1112 1848 1202; baseline -0.001 -20"><span class='ocrx_word' id='word_1_26' title='bbox 479 1115 631 1201; x_wconf 86' lang='lat' dir='ltr'>gnanda,</span> <span class='ocrx_word' id='word_1_27' title='bbox 650 1136 746 1202; x_wconf 89' lang='lat' dir='ltr'><strong>supp.</strong></span> <span class='ocrx_word' id='word_1_28' title='bbox 757 1123 849 1199; x_wconf 90' lang='lat' dir='ltr'>quat.</span> <span class='ocrx_word' id='word_1_29' title='bbox 868 1114 1150 1202; x_wconf 89' lang='lat' dir='ltr'>[permutationes</span> <span class='ocrx_word' id='word_1_30' title='bbox 1160 1112 1429 1200; x_wconf 64' lang='lat' dir='ltr'>continuentur}</span> <span class='ocrx_word' id='word_1_31' title='bbox 1441 1154 1485 1163; x_wconf 91' lang='lat'>-</span> <span class='ocrx_word' id='word_1_32' title='bbox 1497 1112 1574 1179; x_wconf 91' lang='lat' dir='ltr'>Fiat</span> <span class='ocrx_word' id='word_1_33' title='bbox 1583 1134 1644 1199; x_wconf 88' lang='lat' dir='ltr'>pro</span> <span class='ocrx_word' id='word_1_34' title='bbox 1656 1123 1797 1199; x_wconf 90' lang='lat' dir='ltr'>utroque</span> <span class='ocrx_word' id='word_1_35' title='bbox 1808 1114 1848 1180; x_wconf 89' lang='lat' dir='ltr'>R.</span> 
     </span>
     <span class='ocr_line' id='line_1_5' title="bbox 526 1218 1271 1304; baseline -0.003 -19"><span class='ocrx_word' id='word_1_36' title='bbox 526 1219 606 1285; x_wconf 82' lang='lat' dir='ltr'>Dat.</span> <span class='ocrx_word' id='word_1_37' title='bbox 617 1219 720 1285; x_wconf 86' lang='lat' dir='ltr'>Avin.</span> <span class='ocrx_word' id='word_1_38' title='bbox 741 1223 778 1284; x_wconf 92' lang='lat'>16</span> <span class='ocrx_word' id='word_1_39' title='bbox 794 1218 861 1285; x_wconf 88' lang='lat' dir='ltr'>kal.</span> <span class='ocrx_word' id='word_1_40' title='bbox 878 1218 956 1285; x_wconf 91' lang='lat' dir='ltr'>maii</span> <span class='ocrx_word' id='word_1_41' title='bbox 980 1226 1014 1285; x_wconf 86' lang='lat' dir='ltr'>a⁰</span> <span class='ocrx_word' id='word_1_42' title='bbox 1030 1225 1073 1304; x_wconf 89' lang='lat'>5⁰.</span> <span class='ocrx_word' id='word_1_43' title='bbox 1090 1218 1162 1303; x_wconf 89' lang='lat'>(10,</span> <span class='ocrx_word' id='word_1_44' title='bbox 1184 1220 1271 1304; x_wconf 87' lang='lat'>135).</span> 
     </span>
    </p>
   </div>
   <div class='ocr_carea' id='block_1_3' title="bbox 484 1356 1848 1973">
    <p class='ocr_par' dir='ltr' id='par_1_5' title="bbox 537 1356 1804 1452">
     <span class='ocr_line' id='line_1_6' title="bbox 537 1356 1804 1452; baseline -0.002 -16"><span class='ocrx_word' id='word_1_45' title='bbox 537 1356 671 1438; x_wconf 84' lang='grc'><strong>1187.</strong></span> <span class='ocrx_word' id='word_1_46' title='bbox 1525 1385 1620 1452; x_wconf 71' lang='lat'><em>1347,</em></span> <span class='ocrx_word' id='word_1_47' title='bbox 1649 1388 1686 1452; x_wconf 81' lang='lat'>19</span> <span class='ocrx_word' id='word_1_48' title='bbox 1708 1370 1804 1433; x_wconf 75' lang='lat' dir='ltr'>aurel.</span> 
     </span>
    </p>

    <p class='ocr_par' dir='ltr' id='par_1_6' title="bbox 484 1469 1848 1872">
     <span class='ocr_line' id='line_1_7' title="bbox 527 1469 1848 1560; baseline -0.003 -21"><span class='ocrx_word' id='word_1_49' title='bbox 527 1474 631 1560; x_wconf 86' lang='lat' dir='ltr'>Supp.</span> <span class='ocrx_word' id='word_1_50' title='bbox 647 1472 826 1553; x_wconf 87' lang='lat' dir='ltr'>Amaldus,</span> <span class='ocrx_word' id='word_1_51' title='bbox 842 1473 1034 1540; x_wconf 87' lang='lat' dir='ltr'>vicecomes</span> <span class='ocrx_word' id='word_1_52' title='bbox 1049 1472 1221 1538; x_wconf 89' lang='lat' dir='ltr'>Villemur.</span> <span class='ocrx_word' id='word_1_53' title='bbox 1236 1479 1271 1537; x_wconf 88' lang='lat' dir='ltr'>et</span> <span class='ocrx_word' id='word_1_54' title='bbox 1286 1470 1377 1538; x_wconf 90' lang='lat' dir='ltr'>dom.</span> <span class='ocrx_word' id='word_1_55' title='bbox 1388 1469 1564 1553; x_wconf 84' lang='lat' dir='ltr'>Calvineti,</span> <span class='ocrx_word' id='word_1_56' title='bbox 1581 1479 1671 1555; x_wconf 88' lang='lat' dir='ltr'>quat.</span> <span class='ocrx_word' id='word_1_57' title='bbox 1686 1470 1721 1557; x_wconf 86' lang='lat' dir='ltr'>[J</span> <span class='ocrx_word' id='word_1_58' title='bbox 1724 1471 1848 1537; x_wconf 89' lang='lat' dir='ltr'>ohanni</span> 
     </span>
     <span class='ocr_line' id='line_1_8' title="bbox 484 1574 1848 1661; baseline -0.003 -17"><span class='ocrx_word' id='word_1_59' title='bbox 484 1579 525 1644; x_wconf 92' lang='lat' dir='ltr'>de</span> <span class='ocrx_word' id='word_1_60' title='bbox 542 1577 677 1658; x_wconf 91' lang='lat' dir='ltr'>Manso,</span> <span class='ocrx_word' id='word_1_61' title='bbox 695 1598 770 1643; x_wconf 86' lang='lat' dir='ltr'>can.</span> <span class='ocrx_word' id='word_1_62' title='bbox 786 1578 868 1643; x_wconf 91' lang='lat' dir='ltr'>eccl.</span> <span class='ocrx_word' id='word_1_63' title='bbox 898 1577 930 1643; x_wconf 91' lang='lat' dir='ltr'>S.</span> <span class='ocrx_word' id='word_1_64' title='bbox 945 1576 1140 1658; x_wconf 83' lang='lat' dir='ltr'>Audomari,</span> <span class='ocrx_word' id='word_1_65' title='bbox 1166 1574 1336 1643; x_wconf 87' lang='lat' dir='ltr'>Morinen.</span> <span class='ocrx_word' id='word_1_66' title='bbox 1360 1575 1458 1656; x_wconf 75' lang='lat' dir='ltr'>dioc,</span> <span class='ocrx_word' id='word_1_67' title='bbox 1486 1575 1734 1660; x_wconf 88' lang='lat' dir='ltr'>consanguineo</span> <span class='ocrx_word' id='word_1_68' title='bbox 1758 1574 1848 1661; x_wconf 89' lang='lat' dir='ltr'>suo],</span> 
     </span>
     <span class='ocr_line' id='line_1_9' title="bbox 485 1678 1848 1768; baseline -0.001 -21"><span class='ocrx_word' id='word_1_69' title='bbox 485 1681 669 1768; x_wconf 86' lang='lat' dir='ltr'>dignemini</span> <span class='ocrx_word' id='word_1_70' title='bbox 686 1681 860 1766; x_wconf 85' lang='lat' dir='ltr'>indulgere</span> <span class='ocrx_word' id='word_1_71' title='bbox 876 1681 968 1765; x_wconf 93' lang='lat' dir='ltr'>quod</span> <span class='ocrx_word' id='word_1_72' title='bbox 984 1682 1054 1766; x_wconf 92' lang='lat' dir='ltr'>ipse</span> <span class='ocrx_word' id='word_1_73' title='bbox 1069 1702 1174 1765; x_wconf 90' lang='lat' dir='ltr'>usque</span> <span class='ocrx_word' id='word_1_74' title='bbox 1190 1681 1234 1747; x_wconf 92' lang='lat' dir='ltr'>ad</span> <span class='ocrx_word' id='word_1_75' title='bbox 1256 1680 1439 1747; x_wconf 89' lang='lat' dir='ltr'>triennium</span> <span class='ocrx_word' id='word_1_76' title='bbox 1464 1678 1649 1746; x_wconf 86' lang='lat' dir='ltr'>insistendo</span> <span class='ocrx_word' id='word_1_77' title='bbox 1665 1679 1848 1746; x_wconf 83' lang='lat' dir='ltr'>scolasticis</span> 
     </span>
     <span class='ocr_line' id='line_1_10' title="bbox 486 1783 1560 1872; baseline 0 -21"><span class='ocrx_word' id='word_1_78' title='bbox 486 1786 700 1872; x_wconf 88' lang='lat' dir='ltr'>disciplinis...</span> <span class='ocrx_word' id='word_1_79' title='bbox 716 1784 842 1852; x_wconf 75' lang='lat' dir='ltr'>tructus</span> <span class='ocrx_word' id='word_1_80' title='bbox 856 1784 1028 1871; x_wconf 87' lang='lat' dir='ltr'>percipere</span> <span class='ocrx_word' id='word_1_81' title='bbox 1043 1785 1166 1851; x_wconf 87' lang='lat' dir='ltr'>valeat.</span> <span class='ocrx_word' id='word_1_82' title='bbox 1181 1826 1226 1835; x_wconf 92' lang='lat'><em>-</em></span> <span class='ocrx_word' id='word_1_83' title='bbox 1241 1784 1319 1851; x_wconf 91' lang='lat' dir='ltr'>Fiat</span> <span class='ocrx_word' id='word_1_84' title='bbox 1334 1784 1368 1850; x_wconf 90' lang='lat' dir='ltr'>in</span> <span class='ocrx_word' id='word_1_85' title='bbox 1384 1784 1502 1851; x_wconf 82' lang='lat' dir='ltr'>forma.</span> <span class='ocrx_word' id='word_1_86' title='bbox 1519 1783 1560 1851; x_wconf 91' lang='lat' dir='ltr'>R.</span> 
     </span>
    </p>

    <p class='ocr_par' dir='ltr' id='par_1_7' title="bbox 525 1886 1287 1973">
     <span class='ocr_line' id='line_1_11' title="bbox 525 1886 1287 1973; baseline 0 -19"><span class='ocrx_word' id='word_1_87' title='bbox 525 1888 607 1954; x_wconf 87' lang='lat' dir='ltr'>Dat.</span> <span class='ocrx_word' id='word_1_88' title='bbox 623 1888 726 1953; x_wconf 88' lang='lat' dir='ltr'>Avin.</span> <span class='ocrx_word' id='word_1_89' title='bbox 747 1907 784 1972; x_wconf 86' lang='lat'>13</span> <span class='ocrx_word' id='word_1_90' title='bbox 801 1886 868 1953; x_wconf 92' lang='lat' dir='ltr'>kal.</span> <span class='ocrx_word' id='word_1_91' title='bbox 885 1886 964 1953; x_wconf 89' lang='lat' dir='ltr'>maii</span> <span class='ocrx_word' id='word_1_92' title='bbox 980 1895 1014 1953; x_wconf 90' lang='lat' dir='ltr'>a⁰</span> <span class='ocrx_word' id='word_1_93' title='bbox 1031 1895 1072 1972; x_wconf 86' lang='lat'>5⁰.</span> <span class='ocrx_word' id='word_1_94' title='bbox 1090 1887 1163 1972; x_wconf 87' lang='lat'>(10,</span> <span class='ocrx_word' id='word_1_95' title='bbox 1184 1887 1287 1973; x_wconf 62' lang='lat'><strong>147⁹).</strong></span> 
     </span>
    </p>
   </div>
   <div class='ocr_carea' id='block_1_4' title="bbox 494 2025 1851 3367">
    <p class='ocr_par' dir='ltr' id='par_1_8' title="bbox 537 2025 1805 2123">
     <span class='ocr_line' id='line_1_12' title="bbox 537 2025 1805 2123; baseline -0.001 -17"><span class='ocrx_word' id='word_1_96' title='bbox 537 2025 677 2108; x_wconf 82' lang='grc'><strong>1188.</strong></span> <span class='ocrx_word' id='word_1_97' title='bbox 1540 2056 1634 2123; x_wconf 72' lang='lat'><em>1347,</em></span> <span class='ocrx_word' id='word_1_98' title='bbox 1652 2061 1691 2104; x_wconf 83' lang='lat'>21</span> <span class='ocrx_word' id='word_1_99' title='bbox 1709 2042 1805 2105; x_wconf 82' lang='lat' dir='ltr'>avril.</span> 
     </span>
    </p>

    <p class='ocr_par' dir='ltr' id='par_1_9' title="bbox 494 2141 1851 3245">
     <span class='ocr_line' id='line_1_13' title="bbox 527 2141 1849 2230; baseline -0.001 -21"><span class='ocrx_word' id='word_1_100' title='bbox 527 2144 631 2230; x_wconf 86' lang='lat' dir='ltr'>Supp.</span> <span class='ocrx_word' id='word_1_101' title='bbox 648 2141 810 2229; x_wconf 89' lang='lat' dir='ltr'>G[uido],</span> <span class='ocrx_word' id='word_1_102' title='bbox 827 2141 1080 2208; x_wconf 89' lang='lat' dir='ltr'>Lemovicensis</span> <span class='ocrx_word' id='word_1_103' title='bbox 1096 2143 1199 2228; x_wconf 90' lang='lat' dir='ltr'>episc.</span> <span class='ocrx_word' id='word_1_104' title='bbox 1216 2153 1235 2223; x_wconf 91' lang='lat'>¹,</span> <span class='ocrx_word' id='word_1_105' title='bbox 1251 2150 1342 2227; x_wconf 90' lang='lat' dir='ltr'>quat.</span> <span class='ocrx_word' id='word_1_106' title='bbox 1359 2142 1419 2208; x_wconf 92' lang='lat' dir='ltr'>sibi</span> <span class='ocrx_word' id='word_1_107' title='bbox 1446 2142 1479 2208; x_wconf 93' lang='lat' dir='ltr'>in</span> <span class='ocrx_word' id='word_1_108' title='bbox 1505 2164 1591 2229; x_wconf 87' lang='lat' dir='ltr'>pers.</span> <span class='ocrx_word' id='word_1_109' title='bbox 1608 2164 1681 2228; x_wconf 87' lang='lat' dir='ltr'>cap.</span> <span class='ocrx_word' id='word_1_110' title='bbox 1698 2152 1733 2209; x_wconf 91' lang='lat' dir='ltr'>et</span> <span class='ocrx_word' id='word_1_111' title='bbox 1748 2144 1849 2209; x_wconf 84' lang='lat' dir='ltr'>famil.</span> 
     </span>
     <span class='ocr_line' id='line_1_14' title="bbox 494 2244 1850 2332; baseline 0 -19"><span class='ocrx_word' id='word_1_112' title='bbox 494 2248 534 2313; x_wconf 88' lang='lat' dir='ltr'>sui</span> <span class='ocrx_word' id='word_1_113' title='bbox 544 2247 699 2314; x_wconf 89' lang='lat' dir='ltr'>continui</span> <span class='ocrx_word' id='word_1_114' title='bbox 714 2244 882 2324; x_wconf 90' lang='lat' dir='ltr'>Johannis</span> <span class='ocrx_word' id='word_1_115' title='bbox 896 2247 939 2312; x_wconf 91' lang='lat' dir='ltr'>de</span> <span class='ocrx_word' id='word_1_116' title='bbox 955 2245 1088 2326; x_wconf 90' lang='lat' dir='ltr'>Bonler‚</span> <span class='ocrx_word' id='word_1_117' title='bbox 1101 2249 1210 2332; x_wconf 89' lang='lat' dir='ltr'>presb.</span> <span class='ocrx_word' id='word_1_118' title='bbox 1227 2245 1388 2313; x_wconf 91' lang='lat' dir='ltr'>Leodien.</span> <span class='ocrx_word' id='word_1_119' title='bbox 1400 2247 1498 2327; x_wconf 81' lang='lat' dir='ltr'>dioc,</span> <span class='ocrx_word' id='word_1_120' title='bbox 1515 2267 1604 2332; x_wconf 90' lang='lat' dir='ltr'>spec.</span> <span class='ocrx_word' id='word_1_121' title='bbox 1620 2268 1666 2332; x_wconf 86' lang='lat' dir='ltr'>gr.</span> <span class='ocrx_word' id='word_1_122' title='bbox 1680 2248 1850 2326; x_wconf 70' lang='lat' dir='ltr'>iacientes</span> 
     </span>
     <span class='ocr_line' id='line_1_15' title="bbox 496 2348 1851 2438; baseline 0.002 -24"><span class='ocrx_word' id='word_1_123' title='bbox 496 2350 528 2416; x_wconf 89' lang='lat' dir='ltr'>de</span> <span class='ocrx_word' id='word_1_124' title='bbox 548 2349 703 2437; x_wconf 87' lang='lat' dir='ltr'>parroch.</span> <span class='ocrx_word' id='word_1_125' title='bbox 720 2350 803 2415; x_wconf 87' lang='lat' dir='ltr'>eccl.</span> <span class='ocrx_word' id='word_1_126' title='bbox 819 2348 862 2415; x_wconf 92' lang='lat' dir='ltr'>de</span> <span class='ocrx_word' id='word_1_127' title='bbox 878 2348 1083 2430; x_wconf 86' lang='lat' dir='ltr'>Genelhac0,</span> <span class='ocrx_word' id='word_1_128' title='bbox 1108 2349 1326 2416; x_wconf 88' lang='lat' dir='ltr'>Lemovicen.</span> <span class='ocrx_word' id='word_1_129' title='bbox 1353 2350 1450 2432; x_wconf 74' lang='lat' dir='ltr'>dioc,</span> <span class='ocrx_word' id='word_1_130' title='bbox 1466 2349 1509 2417; x_wconf 90' lang='lat' dir='ltr'>ad</span> <span class='ocrx_word' id='word_1_131' title='bbox 1532 2353 1608 2417; x_wconf 92' lang='lat' dir='ltr'>coll.</span> <span class='ocrx_word' id='word_1_132' title='bbox 1633 2352 1735 2437; x_wconf 90' lang='lat' dir='ltr'>ipsius</span> <span class='ocrx_word' id='word_1_133' title='bbox 1750 2353 1851 2438; x_wconf 90' lang='lat' dir='ltr'>episc.</span> 
     </span>
     <span class='ocr_line' id='line_1_16' title="bbox 496 2452 1851 2541; baseline 0 -21"><span class='ocrx_word' id='word_1_134' title='bbox 496 2456 687 2538; x_wconf 80' lang='lat' dir='ltr'>pertinente,</span> <span class='ocrx_word' id='word_1_135' title='bbox 704 2474 779 2520; x_wconf 89' lang='lat' dir='ltr'>vac.</span> <span class='ocrx_word' id='word_1_136' title='bbox 796 2454 840 2519; x_wconf 88' lang='lat' dir='ltr'>ad</span> <span class='ocrx_word' id='word_1_137' title='bbox 864 2473 1001 2540; x_wconf 89' lang='lat' dir='ltr'>presens</span> <span class='ocrx_word' id='word_1_138' title='bbox 1016 2474 1077 2538; x_wconf 91' lang='lat' dir='ltr'>per</span> <span class='ocrx_word' id='word_1_139' title='bbox 1104 2456 1158 2520; x_wconf 91' lang='lat' dir='ltr'>ob.</span> <span class='ocrx_word' id='word_1_140' title='bbox 1176 2453 1315 2519; x_wconf 89' lang='lat' dir='ltr'>Roberti</span> <span class='ocrx_word' id='word_1_141' title='bbox 1342 2453 1385 2519; x_wconf 92' lang='lat' dir='ltr'>de</span> <span class='ocrx_word' id='word_1_142' title='bbox 1408 2452 1524 2535; x_wconf 80' lang='lat' dir='ltr'>Bresis,</span> <span class='ocrx_word' id='word_1_143' title='bbox 1540 2455 1710 2538; x_wconf 89' lang='lat' dir='ltr'>quondam</span> <span class='ocrx_word' id='word_1_144' title='bbox 1728 2476 1801 2541; x_wconf 87' lang='lat' dir='ltr'>cap.</span> <span class='ocrx_word' id='word_1_145' title='bbox 1817 2464 1851 2520; x_wconf 94' lang='lat' dir='ltr'>et</span> 
     </span>
     <span class='ocr_line' id='line_1_17' title="bbox 497 2556 1850 2643; baseline -0.001 -19"><span class='ocrx_word' id='word_1_146' title='bbox 497 2558 637 2624; x_wconf 90' lang='lat' dir='ltr'>continui</span> <span class='ocrx_word' id='word_1_147' title='bbox 654 2578 841 2624; x_wconf 91' lang='lat' dir='ltr'>commens.</span> <span class='ocrx_word' id='word_1_148' title='bbox 857 2556 938 2623; x_wconf 92' lang='lat' dir='ltr'>dicti</span> <span class='ocrx_word' id='word_1_149' title='bbox 963 2557 1076 2643; x_wconf 78' lang='lat' dir='ltr'>episc,</span> <span class='ocrx_word' id='word_1_150' title='bbox 1092 2565 1128 2622; x_wconf 87' lang='lat' dir='ltr'>et</span> <span class='ocrx_word' id='word_1_151' title='bbox 1151 2556 1302 2643; x_wconf 90' lang='lat' dir='ltr'>predicte</span> <span class='ocrx_word' id='word_1_152' title='bbox 1326 2558 1408 2622; x_wconf 87' lang='lat' dir='ltr'>eccl.</span> <span class='ocrx_word' id='word_1_153' title='bbox 1435 2557 1605 2642; x_wconf 88' lang='lat' dir='ltr'>quondam</span> <span class='ocrx_word' id='word_1_154' title='bbox 1632 2559 1778 2638; x_wconf 89' lang='lat' dir='ltr'>rectoris,</span> <span class='ocrx_word' id='word_1_155' title='bbox 1795 2560 1850 2643; x_wconf 91' lang='lat' dir='ltr'>qui</span> 
     </span>
     <span class='ocr_line' id='line_1_18' title="bbox 497 2659 1851 2748; baseline 0.001 -23"><span class='ocrx_word' id='word_1_156' title='bbox 497 2682 591 2748; x_wconf 87' lang='lat' dir='ltr'>nuper</span> <span class='ocrx_word' id='word_1_157' title='bbox 613 2670 710 2727; x_wconf 88' lang='lat' dir='ltr'>extra</span> <span class='ocrx_word' id='word_1_158' title='bbox 728 2660 829 2726; x_wconf 92' lang='lat' dir='ltr'>Rom.</span> <span class='ocrx_word' id='word_1_159' title='bbox 846 2681 914 2726; x_wconf 92' lang='lat' dir='ltr'>cur.</span> <span class='ocrx_word' id='word_1_160' title='bbox 930 2659 1021 2725; x_wconf 92' lang='lat' dir='ltr'>diem</span> <span class='ocrx_word' id='word_1_161' title='bbox 1038 2682 1135 2726; x_wconf 93' lang='lat' dir='ltr'>suum</span> <span class='ocrx_word' id='word_1_162' title='bbox 1151 2660 1270 2725; x_wconf 90' lang='lat' dir='ltr'>clausit</span> <span class='ocrx_word' id='word_1_163' title='bbox 1297 2668 1494 2741; x_wconf 86' lang='lat' dir='ltr'>extremum,</span> <span class='ocrx_word' id='word_1_164' title='bbox 1510 2670 1589 2726; x_wconf 90' lang='lat' dir='ltr'>ante</span> <span class='ocrx_word' id='word_1_165' title='bbox 1605 2662 1706 2747; x_wconf 92' lang='lat' dir='ltr'>ipsius</span> <span class='ocrx_word' id='word_1_166' title='bbox 1722 2665 1775 2727; x_wconf 93' lang='lat' dir='ltr'>ob.</span> <span class='ocrx_word' id='word_1_167' title='bbox 1791 2683 1851 2748; x_wconf 91' lang='lat' dir='ltr'>per</span> 
     </span>
     <span class='ocr_line' id='line_1_19' title="bbox 499 2764 1850 2851; baseline 0.001 -23"><span class='ocrx_word' id='word_1_168' title='bbox 499 2765 520 2831; x_wconf 87' lang='lat' dir='ltr'>S.</span> <span class='ocrx_word' id='word_1_169' title='bbox 541 2766 581 2831; x_wconf 92' lang='lat' dir='ltr'>V.</span> <span class='ocrx_word' id='word_1_170' title='bbox 603 2773 785 2846; x_wconf 87' lang='lat' dir='ltr'>reservata,</span> <span class='ocrx_word' id='word_1_171' title='bbox 811 2765 866 2829; x_wconf 89' lang='lat' dir='ltr'>vel</span> <span class='ocrx_word' id='word_1_172' title='bbox 898 2764 966 2831; x_wconf 91' lang='lat' dir='ltr'>alio</span> <span class='ocrx_word' id='word_1_173' title='bbox 993 2765 1113 2849; x_wconf 93' lang='lat' dir='ltr'>quovis</span> <span class='ocrx_word' id='word_1_174' title='bbox 1136 2764 1240 2831; x_wconf 92' lang='lat' dir='ltr'>modo</span> <span class='ocrx_word' id='word_1_175' title='bbox 1265 2772 1375 2845; x_wconf 88' lang='lat' dir='ltr'>vacet,</span> <span class='ocrx_word' id='word_1_176' title='bbox 1399 2764 1581 2848; x_wconf 86' lang='lat' dir='ltr'>dignemini</span> <span class='ocrx_word' id='word_1_177' title='bbox 1606 2765 1716 2830; x_wconf 91' lang='lat' dir='ltr'>eidem</span> <span class='ocrx_word' id='word_1_178' title='bbox 1742 2768 1850 2851; x_wconf 87' lang='lat' dir='ltr'>presb.</span> 
     </span>
     <span class='ocr_line' id='line_1_20' title="bbox 500 2865 1850 2954; baseline 0 -21"><span class='ocrx_word' id='word_1_179' title='bbox 500 2869 662 2953; x_wconf 67' lang='lat' dir='ltr'>providere</span> <span class='ocrx_word' id='word_1_180' title='bbox 676 2890 684 2949; x_wconf 77' lang='lat'><em>3</em></span> <span class='ocrx_word' id='word_1_181' title='bbox 700 2889 771 2935; x_wconf 92' lang='lat' dir='ltr'>non</span> <span class='ocrx_word' id='word_1_182' title='bbox 788 2871 876 2934; x_wconf 89' lang='lat' dir='ltr'>obst.</span> <span class='ocrx_word' id='word_1_183' title='bbox 892 2867 984 2954; x_wconf 92' lang='lat' dir='ltr'>quod</span> <span class='ocrx_word' id='word_1_184' title='bbox 1011 2868 1101 2934; x_wconf 92' lang='lat' dir='ltr'>idem</span> <span class='ocrx_word' id='word_1_185' title='bbox 1128 2871 1238 2954; x_wconf 90' lang='lat' dir='ltr'>presb.</span> <span class='ocrx_word' id='word_1_186' title='bbox 1254 2865 1425 2952; x_wconf 84' lang='lat' dir='ltr'>quoddam</span> <span class='ocrx_word' id='word_1_187' title='bbox 1450 2868 1554 2932; x_wconf 88' lang='lat' dir='ltr'>altare</span> <span class='ocrx_word' id='word_1_188' title='bbox 1570 2877 1799 2934; x_wconf 90' lang='lat' dir='ltr'>constructum</span> <span class='ocrx_word' id='word_1_189' title='bbox 1817 2870 1850 2933; x_wconf 92' lang='lat' dir='ltr'>in</span> 
     </span>
     <span class='ocr_line' id='line_1_21' title="bbox 501 2971 1851 3058; baseline 0 -21"><span class='ocrx_word' id='word_1_190' title='bbox 501 2972 566 3039; x_wconf 88' lang='lat' dir='ltr'>hon.</span> <span class='ocrx_word' id='word_1_191' title='bbox 581 2973 637 3038; x_wconf 88' lang='lat' dir='ltr'>SS.</span> <span class='ocrx_word' id='word_1_192' title='bbox 654 2972 790 3058; x_wconf 90' lang='lat' dir='ltr'>Hylarii</span> <span class='ocrx_word' id='word_1_193' title='bbox 807 2979 842 3037; x_wconf 90' lang='lat' dir='ltr'>et</span> <span class='ocrx_word' id='word_1_194' title='bbox 859 2972 1022 3038; x_wconf 90' lang='lat' dir='ltr'>Katerine</span> <span class='ocrx_word' id='word_1_195' title='bbox 1037 2973 1072 3038; x_wconf 93' lang='lat' dir='ltr'>in</span> <span class='ocrx_word' id='word_1_196' title='bbox 1089 2974 1171 3039; x_wconf 87' lang='lat' dir='ltr'>eccl.</span> <span class='ocrx_word' id='word_1_197' title='bbox 1197 2971 1229 3038; x_wconf 87' lang='lat' dir='ltr'>S.</span> <span class='ocrx_word' id='word_1_198' title='bbox 1245 2971 1412 3050; x_wconf 89' lang='lat' dir='ltr'>Johannis</span> <span class='ocrx_word' id='word_1_199' title='bbox 1429 2972 1559 3057; x_wconf 87' lang='lat' dir='ltr'>Evang.</span> <span class='ocrx_word' id='word_1_200' title='bbox 1583 2972 1743 3042; x_wconf 87' lang='lat' dir='ltr'>Leodien.</span> <span class='ocrx_word' id='word_1_201' title='bbox 1765 2974 1851 3040; x_wconf 90' lang='lat' dir='ltr'>obti-</span> 
     </span>
     <span class='ocr_line' id='line_1_22' title="bbox 502 3074 1848 3161; baseline 0.004 -25"><span class='ocrx_word' id='word_1_202' title='bbox 502 3094 567 3140; x_wconf 89' lang='lat' dir='ltr'>nere</span> <span class='ocrx_word' id='word_1_203' title='bbox 578 3085 747 3141; x_wconf 88' lang='lat' dir='ltr'>noscatur.</span> <span class='ocrx_word' id='word_1_204' title='bbox 763 3117 806 3124; x_wconf 91' lang='lat'><em>-</em></span> <span class='ocrx_word' id='word_1_205' title='bbox 823 3075 898 3141; x_wconf 86' lang='lat' dir='ltr'>Fiat</span> <span class='ocrx_word' id='word_1_206' title='bbox 914 3077 940 3141; x_wconf 91' lang='lat' dir='ltr'>si</span> <span class='ocrx_word' id='word_1_207' title='bbox 957 3077 1000 3141; x_wconf 93' lang='lat' dir='ltr'>sit</span> <span class='ocrx_word' id='word_1_208' title='bbox 1015 3085 1197 3157; x_wconf 87' lang='lat' dir='ltr'>reservata,</span> <span class='ocrx_word' id='word_1_209' title='bbox 1213 3077 1267 3140; x_wconf 84' lang='lat' dir='ltr'>vel</span> <span class='ocrx_word' id='word_1_210' title='bbox 1284 3074 1310 3139; x_wconf 91' lang='lat' dir='ltr'>si</span> <span class='ocrx_word' id='word_1_211' title='bbox 1326 3095 1395 3139; x_wconf 95' lang='lat' dir='ltr'>non</span> <span class='ocrx_word' id='word_1_212' title='bbox 1412 3075 1455 3140; x_wconf 91' lang='lat' dir='ltr'>sit</span> <span class='ocrx_word' id='word_1_213' title='bbox 1470 3076 1564 3141; x_wconf 88' lang='lat' dir='ltr'>alteri</span> <span class='ocrx_word' id='word_1_214' title='bbox 1581 3076 1614 3140; x_wconf 93' lang='lat' dir='ltr'>in</span> <span class='ocrx_word' id='word_1_215' title='bbox 1628 3097 1663 3141; x_wconf 88' lang='lat' dir='ltr'>re</span> <span class='ocrx_word' id='word_1_216' title='bbox 1672 3078 1725 3160; x_wconf 86' lang='lat' dir='ltr'>jus</span> <span class='ocrx_word' id='word_1_217' title='bbox 1740 3078 1848 3161; x_wconf 90' lang='lat' dir='ltr'>quesi-</span> 
     </span>
     <span class='ocr_line' id='line_1_23' title="bbox 504 3179 1217 3245; baseline 0.008 -6"><span class='ocrx_word' id='word_1_218' title='bbox 504 3190 571 3244; x_wconf 84' lang='lat' dir='ltr'>tum.</span> <span class='ocrx_word' id='word_1_219' title='bbox 588 3179 629 3245; x_wconf 91' lang='lat' dir='ltr'>R.</span> <span class='ocrx_word' id='word_1_220' title='bbox 1214 3203 1217 3208; x_wconf 78' lang='grc'><strong>’</strong></span> 
     </span>
    </p>

    <p class='ocr_par' dir='ltr' id='par_1_10' title="bbox 537 3283 1269 3367">
     <span class='ocr_line' id='line_1_24' title="bbox 537 3283 1269 3367; baseline 0 -19"><span class='ocrx_word' id='word_1_221' title='bbox 537 3283 609 3349; x_wconf 88' lang='lat' dir='ltr'>Dat.</span> <span class='ocrx_word' id='word_1_222' title='bbox 626 3285 726 3349; x_wconf 84' lang='lat' dir='ltr'>Avin.</span> <span class='ocrx_word' id='word_1_223' title='bbox 748 3305 780 3348; x_wconf 93' lang='lat'>11</span> <span class='ocrx_word' id='word_1_224' title='bbox 801 3283 868 3350; x_wconf 86' lang='lat' dir='ltr'>kal.</span> <span class='ocrx_word' id='word_1_225' title='bbox 884 3285 962 3348; x_wconf 90' lang='lat' dir='ltr'>maii</span> <span class='ocrx_word' id='word_1_226' title='bbox 978 3293 1011 3349; x_wconf 84' lang='lat' dir='ltr'>a⁰</span> <span class='ocrx_word' id='word_1_227' title='bbox 1026 3292 1066 3367; x_wconf 84' lang='lat'>5⁰.</span> <span class='ocrx_word' id='word_1_228' title='bbox 1084 3285 1156 3366; x_wconf 80' lang='lat'>(10,</span> <span class='ocrx_word' id='word_1_229' title='bbox 1178 3286 1269 3367; x_wconf 65' lang='lat'>139‘&#39;&#39;)</span> 
     </span>
    </p>
   </div>
   <div class='ocr_carea' id='block_1_5' title="bbox 508 3423 1847 3826">
    <p class='ocr_par' dir='ltr' id='par_1_11' title="bbox 546 3423 1805 3518">
     <span class='ocr_line' id='line_1_25' title="bbox 546 3423 1805 3518; baseline -0.001 -18"><span class='ocrx_word' id='word_1_230' title='bbox 546 3423 677 3506; x_wconf 86' lang='grc'><strong>1189.</strong></span> <span class='ocrx_word' id='word_1_231' title='bbox 1529 3452 1623 3518; x_wconf 62' lang='lat'>1347,</span> <span class='ocrx_word' id='word_1_232' title='bbox 1646 3455 1686 3497; x_wconf 77' lang='lat'>21</span> <span class='ocrx_word' id='word_1_233' title='bbox 1709 3437 1805 3499; x_wconf 77' lang='lat' dir='ltr'>avril.</span> 
     </span>
    </p>

    <p class='ocr_par' dir='ltr' id='par_1_12' title="bbox 508 3536 1847 3826">
     <span class='ocr_line' id='line_1_26' title="bbox 539 3536 1847 3625; baseline -0.002 -21"><span class='ocrx_word' id='word_1_234' title='bbox 539 3536 631 3605; x_wconf 85' lang='lat' dir='ltr'>Motu</span> <span class='ocrx_word' id='word_1_235' title='bbox 647 3540 784 3625; x_wconf 87' lang='lat' dir='ltr'>proprio</span> <span class='ocrx_word' id='word_1_236' title='bbox 800 3540 1013 3624; x_wconf 89' lang='lat' dir='ltr'>providemus</span> <span class='ocrx_word' id='word_1_237' title='bbox 1025 3539 1174 3616; x_wconf 88' lang='lat' dir='ltr'>Johanni</span> <span class='ocrx_word' id='word_1_238' title='bbox 1187 3539 1229 3604; x_wconf 92' lang='lat' dir='ltr'>de</span> <span class='ocrx_word' id='word_1_239' title='bbox 1246 3538 1390 3603; x_wconf 89' lang='lat' dir='ltr'>Pistorio</span> <span class='ocrx_word' id='word_1_240' title='bbox 1401 3551 1422 3616; x_wconf 86' lang='lat'>²,</span> <span class='ocrx_word' id='word_1_241' title='bbox 1439 3538 1567 3604; x_wconf 87' lang='lat' dir='ltr'>decano</span> <span class='ocrx_word' id='word_1_242' title='bbox 1591 3542 1671 3604; x_wconf 87' lang='lat' dir='ltr'>eccl.</span> <span class='ocrx_word' id='word_1_243' title='bbox 1686 3540 1717 3603; x_wconf 82' lang='lat' dir='ltr'>S.</span> <span class='ocrx_word' id='word_1_244' title='bbox 1735 3540 1847 3604; x_wconf 80' lang='lat' dir='ltr'>Salva-</span> 
     </span>
     <span class='ocr_line' id='line_1_27' title="bbox 508 3638 1845 3727; baseline -0.001 -24"><span class='ocrx_word' id='word_1_245' title='bbox 508 3643 569 3707; x_wconf 83' lang='lat' dir='ltr'>toris</span> <span class='ocrx_word' id='word_1_246' title='bbox 584 3642 788 3724; x_wconf 67' lang='lat' dir='ltr'>Traiecten,</span> <span class='ocrx_word' id='word_1_247' title='bbox 805 3664 879 3727; x_wconf 90' lang='lat' dir='ltr'>cap.</span> <span class='ocrx_word' id='word_1_248' title='bbox 896 3651 1023 3722; x_wconf 85' lang='lat' dir='ltr'>nostro,</span> <span class='ocrx_word' id='word_1_249' title='bbox 1034 3642 1075 3707; x_wconf 95' lang='lat' dir='ltr'>de</span> <span class='ocrx_word' id='word_1_250' title='bbox 1093 3642 1243 3726; x_wconf 89' lang='lat' dir='ltr'>prioratu</span> <span class='ocrx_word' id='word_1_251' title='bbox 1266 3640 1341 3705; x_wconf 90' lang='lat' dir='ltr'>coli.</span> <span class='ocrx_word' id='word_1_252' title='bbox 1354 3662 1411 3704; x_wconf 91' lang='lat' dir='ltr'>seu</span> <span class='ocrx_word' id='word_1_253' title='bbox 1425 3638 1577 3724; x_wconf 84' lang='lat' dir='ltr'>parroclr.</span> <span class='ocrx_word' id='word_1_254' title='bbox 1591 3641 1672 3703; x_wconf 85' lang='lat' dir='ltr'>eccl.</span> <span class='ocrx_word' id='word_1_255' title='bbox 1686 3639 1716 3702; x_wconf 81' lang='lat' dir='ltr'>S.</span> <span class='ocrx_word' id='word_1_256' title='bbox 1729 3638 1845 3715; x_wconf 88' lang='lat' dir='ltr'>Jacobi</span> 
     </span>
     <span class='ocr_line' id='line_1_28' title="bbox 510 3741 1845 3826; baseline 0.001 -22"><span class='ocrx_word' id='word_1_257' title='bbox 510 3741 686 3826; x_wconf 90' lang='lat' dir='ltr'>Florentini,</span> <span class='ocrx_word' id='word_1_258' title='bbox 713 3755 747 3811; x_wconf 91' lang='lat' dir='ltr'>et</span> <span class='ocrx_word' id='word_1_259' title='bbox 773 3746 862 3811; x_wconf 90' lang='lat' dir='ltr'>idem</span> <span class='ocrx_word' id='word_1_260' title='bbox 886 3745 1059 3822; x_wconf 83' lang='lat' dir='ltr'>Johannes</span> <span class='ocrx_word' id='word_1_261' title='bbox 1084 3746 1183 3810; x_wconf 84' lang='lat' dir='ltr'>ossert</span> <span class='ocrx_word' id='word_1_262' title='bbox 1208 3765 1242 3808; x_wconf 89' lang='lat' dir='ltr'>se</span> <span class='ocrx_word' id='word_1_263' title='bbox 1258 3744 1469 3809; x_wconf 90' lang='lat' dir='ltr'>dimissurum</span> <span class='ocrx_word' id='word_1_264' title='bbox 1495 3763 1567 3807; x_wconf 88' lang='lat' dir='ltr'>can.</span> <span class='ocrx_word' id='word_1_265' title='bbox 1593 3751 1627 3805; x_wconf 91' lang='lat' dir='ltr'>et</span> <span class='ocrx_word' id='word_1_266' title='bbox 1643 3746 1736 3826; x_wconf 89' lang='lat' dir='ltr'>preb.</span> <span class='ocrx_word' id='word_1_267' title='bbox 1765 3744 1845 3806; x_wconf 78' lang='lat' dir='ltr'>eccl.</span> 
     </span>
    </p>
   </div>
   <div class='ocr_carea' id='block_1_6' title="bbox 509 3845 1260 4036">
    <p class='ocr_par' dir='ltr' id='par_1_13' title="bbox 509 3845 1260 4036">
     <span class='ocr_line' id='line_1_29' title="bbox 509 3845 1182 3935; baseline 0.001 -23"><span class='ocrx_word' id='word_1_268' title='bbox 509 3845 705 3917; x_wconf 83' lang='lat' dir='ltr'>Cameracen.</span> <span class='ocrx_word' id='word_1_269' title='bbox 728 3888 760 3898; x_wconf 96' lang='lat'>-</span> <span class='ocrx_word' id='word_1_270' title='bbox 782 3849 858 3915; x_wconf 85' lang='lat' dir='ltr'>Fiat</span> <span class='ocrx_word' id='word_1_271' title='bbox 881 3858 974 3914; x_wconf 93' lang='lat' dir='ltr'>motu</span> <span class='ocrx_word' id='word_1_272' title='bbox 990 3850 1124 3935; x_wconf 91' lang='lat' dir='ltr'>proprio</span> <span class='ocrx_word' id='word_1_273' title='bbox 1141 3849 1182 3913; x_wconf 90' lang='lat' dir='ltr'>R.</span> 
     </span>
     <span class='ocr_line' id='line_1_30' title="bbox 539 3952 1260 4036; baseline -0.003 -17"><span class='ocrx_word' id='word_1_274' title='bbox 539 3952 610 4019; x_wconf 85' lang='lat' dir='ltr'>Dat.</span> <span class='ocrx_word' id='word_1_275' title='bbox 626 3955 728 4019; x_wconf 79' lang='lat' dir='ltr'>Avin.</span> <span class='ocrx_word' id='word_1_276' title='bbox 748 3974 782 4017; x_wconf 89' lang='lat'>11</span> <span class='ocrx_word' id='word_1_277' title='bbox 801 3954 866 4017; x_wconf 88' lang='lat' dir='ltr'>kal.</span> <span class='ocrx_word' id='word_1_278' title='bbox 883 3954 960 4017; x_wconf 88' lang='lat' dir='ltr'>maii</span> <span class='ocrx_word' id='word_1_279' title='bbox 978 3961 1010 4017; x_wconf 88' lang='lat' dir='ltr'>a⁰</span> <span class='ocrx_word' id='word_1_280' title='bbox 1022 3961 1062 4036; x_wconf 81' lang='lat'>5⁰.</span> <span class='ocrx_word' id='word_1_281' title='bbox 1081 3955 1152 4034; x_wconf 85' lang='lat'>(10,</span> <span class='ocrx_word' id='word_1_282' title='bbox 1174 3953 1260 4036; x_wconf 84' lang='lat'>141).</span> 
     </span>
    </p>
   </div>
   <div class='ocr_carea' id='block_1_7' title="bbox 449 4089 1847 4920">
    <p class='ocr_par' dir='ltr' id='par_1_14' title="bbox 449 4089 1847 4920">
     <span class='ocr_line' id='line_1_31' title="bbox 545 4089 1802 4184; baseline -0.002 -16"><span class='ocrx_word' id='word_1_283' title='bbox 545 4089 680 4173; x_wconf 87' lang='grc'><strong>1190.</strong></span> <span class='ocrx_word' id='word_1_284' title='bbox 1537 4122 1631 4184; x_wconf 64' lang='lat'>1347,</span> <span class='ocrx_word' id='word_1_285' title='bbox 1649 4121 1687 4163; x_wconf 71' lang='lat'>31</span> <span class='ocrx_word' id='word_1_286' title='bbox 1706 4102 1802 4165; x_wconf 69' lang='lat' dir='ltr'>avril.</span> 
     </span>
     <span class='ocr_line' id='line_1_32' title="bbox 538 4203 1847 4293; baseline -0.001 -24"><span class='ocrx_word' id='word_1_287' title='bbox 538 4204 631 4273; x_wconf 86' lang='lat' dir='ltr'>Motu</span> <span class='ocrx_word' id='word_1_288' title='bbox 647 4207 781 4293; x_wconf 90' lang='lat' dir='ltr'>proprio</span> <span class='ocrx_word' id='word_1_289' title='bbox 805 4229 879 4272; x_wconf 89' lang='lat' dir='ltr'>can.</span> <span class='ocrx_word' id='word_1_290' title='bbox 896 4217 930 4271; x_wconf 91' lang='lat' dir='ltr'>et</span> <span class='ocrx_word' id='word_1_291' title='bbox 946 4212 1038 4292; x_wconf 86' lang='lat' dir='ltr'>preb.</span> <span class='ocrx_word' id='word_1_292' title='bbox 1067 4210 1148 4272; x_wconf 90' lang='lat' dir='ltr'>eccl.</span> <span class='ocrx_word' id='word_1_293' title='bbox 1178 4207 1438 4286; x_wconf 63' lang='lat' dir='ltr'>Cameracensis</span> <span class='ocrx_word' id='word_1_294' title='bbox 1455 4225 1538 4289; x_wconf 89' lang='lat' dir='ltr'>quos</span> <span class='ocrx_word' id='word_1_295' title='bbox 1565 4214 1658 4268; x_wconf 90' lang='lat' dir='ltr'>tenet</span> <span class='ocrx_word' id='word_1_296' title='bbox 1675 4203 1847 4280; x_wconf 77' lang='lat' dir='ltr'>johannes</span> 
     </span>
     <span class='ocr_line' id='line_1_33' title="bbox 507 4305 1845 4396; baseline 0.001 -26"><span class='ocrx_word' id='word_1_297' title='bbox 507 4305 536 4370; x_wconf 87' lang='lat' dir='ltr'>de</span> <span class='ocrx_word' id='word_1_298' title='bbox 546 4310 712 4390; x_wconf 84' lang='lat' dir='ltr'>Pistorio³,</span> <span class='ocrx_word' id='word_1_299' title='bbox 727 4332 799 4396; x_wconf 90' lang='lat' dir='ltr'>cap.</span> <span class='ocrx_word' id='word_1_300' title='bbox 812 4319 926 4376; x_wconf 89' lang='lat' dir='ltr'>noster</span> <span class='ocrx_word' id='word_1_301' title='bbox 936 4312 1180 4390; x_wconf 65' lang='lat' dir='ltr'>commensalis</span> <span class='ocrx_word' id='word_1_302' title='bbox 1197 4332 1346 4394; x_wconf 91' lang='lat' dir='ltr'>quosque</span> <span class='ocrx_word' id='word_1_303' title='bbox 1362 4331 1480 4375; x_wconf 87' lang='lat' dir='ltr'>vacare</span> <span class='ocrx_word' id='word_1_304' title='bbox 1496 4311 1650 4373; x_wconf 79' lang='lat' dir='ltr'>volumus</span> <span class='ocrx_word' id='word_1_305' title='bbox 1666 4309 1744 4372; x_wconf 87' lang='lat' dir='ltr'>dum</span> <span class='ocrx_word' id='word_1_306' title='bbox 1758 4308 1845 4372; x_wconf 86' lang='lat' dir='ltr'>idem</span> 
     </span>
     <span class='ocr_line' id='line_1_34' title="bbox 506 4406 1846 4499; baseline -0.004 -18"><span class='ocrx_word' id='word_1_307' title='bbox 506 4406 662 4481; x_wconf 76' lang='lat' dir='ltr'>iohannes</span> <span class='ocrx_word' id='word_1_308' title='bbox 677 4414 861 4499; x_wconf 86' lang='lat' dir='ltr'>prioratum</span> <span class='ocrx_word' id='word_1_309' title='bbox 878 4415 909 4480; x_wconf 86' lang='lat' dir='ltr'>S.</span> <span class='ocrx_word' id='word_1_310' title='bbox 926 4414 1043 4492; x_wconf 87' lang='lat' dir='ltr'>Jacobi</span> <span class='ocrx_word' id='word_1_311' title='bbox 1063 4414 1260 4494; x_wconf 90' lang='lat' dir='ltr'>Florentini,</span> <span class='ocrx_word' id='word_1_312' title='bbox 1287 4416 1329 4478; x_wconf 90' lang='lat' dir='ltr'>de</span> <span class='ocrx_word' id='word_1_313' title='bbox 1346 4435 1412 4497; x_wconf 90' lang='lat' dir='ltr'>quo</span> <span class='ocrx_word' id='word_1_314' title='bbox 1438 4414 1498 4477; x_wconf 87' lang='lat' dir='ltr'>sibi</span> <span class='ocrx_word' id='word_1_315' title='bbox 1516 4412 1730 4498; x_wconf 84' lang='lat' dir='ltr'>providinnrs,</span> <span class='ocrx_word' id='word_1_316' title='bbox 1749 4412 1846 4476; x_wconf 86' lang='lat' dir='ltr'>suerit</span> 
     </span>
     <span class='ocr_line' id='line_1_35' title="bbox 506 4517 1845 4604; baseline 0 -25"><span class='ocrx_word' id='word_1_317' title='bbox 506 4528 669 4597; x_wconf 80' lang='lat' dir='ltr'>assecutus,</span> <span class='ocrx_word' id='word_1_318' title='bbox 686 4538 905 4599; x_wconf 80' lang='lat' dir='ltr'>reservamus,</span> <span class='ocrx_word' id='word_1_319' title='bbox 922 4539 998 4584; x_wconf 87' lang='lat' dir='ltr'>cum</span> <span class='ocrx_word' id='word_1_320' title='bbox 1023 4520 1175 4604; x_wconf 90' lang='lat' dir='ltr'>predicto</span> <span class='ocrx_word' id='word_1_321' title='bbox 1200 4521 1253 4582; x_wconf 77' lang='lat' dir='ltr'>rel</span> <span class='ocrx_word' id='word_1_322' title='bbox 1280 4519 1345 4584; x_wconf 91' lang='lat' dir='ltr'>alio</span> <span class='ocrx_word' id='word_1_323' title='bbox 1362 4518 1480 4602; x_wconf 79' lang='lat' dir='ltr'>quovis</span> <span class='ocrx_word' id='word_1_324' title='bbox 1506 4517 1618 4597; x_wconf 81' lang='lat' dir='ltr'>modO,</span> <span class='ocrx_word' id='word_1_325' title='bbox 1634 4525 1845 4601; x_wconf 85' lang='lat' dir='ltr'>preterquam</span> 
     </span>
     <span class='ocr_line' id='line_1_36' title="bbox 505 4622 1847 4706; baseline 0.001 -25"><span class='ocrx_word' id='word_1_326' title='bbox 505 4631 715 4702; x_wconf 87' lang='lat' dir='ltr'>permortem,</span> <span class='ocrx_word' id='word_1_327' title='bbox 737 4643 856 4687; x_wconf 83' lang='lat' dir='ltr'>vacare</span> <span class='ocrx_word' id='word_1_328' title='bbox 882 4623 1068 4706; x_wconf 86' lang='lat' dir='ltr'>contigerit,</span> <span class='ocrx_word' id='word_1_329' title='bbox 1091 4623 1312 4688; x_wconf 81' lang='lat' dir='ltr'>conferendos</span> <span class='ocrx_word' id='word_1_330' title='bbox 1336 4622 1461 4687; x_wconf 88' lang='lat' dir='ltr'>dilecto</span> <span class='ocrx_word' id='word_1_331' title='bbox 1488 4622 1639 4686; x_wconf 85' lang='lat' dir='ltr'>familiari</span> <span class='ocrx_word' id='word_1_332' title='bbox 1668 4632 1701 4686; x_wconf 93' lang='lat' dir='ltr'>et</span> <span class='ocrx_word' id='word_1_333' title='bbox 1717 4622 1847 4705; x_wconf 88' lang='lat' dir='ltr'>phisico</span> 
     </span>
     <span class='ocr_line' id='line_1_37' title="bbox 505 4724 1608 4806; baseline 0.006 -23"><span class='ocrx_word' id='word_1_334' title='bbox 505 4737 612 4806; x_wconf 88' lang='lat' dir='ltr'>nostr0,</span> <span class='ocrx_word' id='word_1_335' title='bbox 629 4724 779 4804; x_wconf 92' lang='lat' dir='ltr'>Johanni</span> <span class='ocrx_word' id='word_1_336' title='bbox 792 4726 901 4791; x_wconf 78' lang='lat' dir='ltr'>Amici</span> <span class='ocrx_word' id='word_1_337' title='bbox 918 4727 959 4792; x_wconf 91' lang='lat' dir='ltr'>de</span> <span class='ocrx_word' id='word_1_338' title='bbox 971 4725 1150 4806; x_wconf 87' lang='lat' dir='ltr'>Florentia,</span> <span class='ocrx_word' id='word_1_339' title='bbox 1176 4748 1248 4791; x_wconf 91' lang='lat' dir='ltr'>can.</span> <span class='ocrx_word' id='word_1_340' title='bbox 1266 4727 1399 4791; x_wconf 88' lang='lat' dir='ltr'>Pisano.</span> <span class='ocrx_word' id='word_1_341' title='bbox 1415 4767 1458 4775; x_wconf 89' lang='lat'>—</span> <span class='ocrx_word' id='word_1_342' title='bbox 1474 4726 1552 4791; x_wconf 85' lang='lat' dir='ltr'>Fiat</span> <span class='ocrx_word' id='word_1_343' title='bbox 1569 4725 1608 4790; x_wconf 95' lang='lat' dir='ltr'>R.</span> 
     </span>
     <span class='ocr_line' id='line_1_38' title="bbox 449 4828 1264 4920; baseline 0.005 -29"><span class='ocrx_word' id='word_1_344' title='bbox 449 4909 450 4920; x_wconf 9' lang='grc' dir='ltr'>ἵ</span> <span class='ocrx_word' id='word_1_345' title='bbox 537 4828 610 4895; x_wconf 86' lang='lat' dir='ltr'>Dat.</span> <span class='ocrx_word' id='word_1_346' title='bbox 625 4829 728 4894; x_wconf 87' lang='lat' dir='ltr'>Avin.</span> <span class='ocrx_word' id='word_1_347' title='bbox 749 4850 783 4893; x_wconf 94' lang='lat'>11</span> <span class='ocrx_word' id='word_1_348' title='bbox 802 4829 868 4895; x_wconf 84' lang='lat' dir='ltr'>kal.</span> <span class='ocrx_word' id='word_1_349' title='bbox 884 4830 963 4894; x_wconf 87' lang='lat' dir='ltr'>maii</span> <span class='ocrx_word' id='word_1_350' title='bbox 979 4838 1011 4895; x_wconf 80' lang='lat' dir='ltr'>a⁰</span> <span class='ocrx_word' id='word_1_351' title='bbox 1030 4838 1070 4913; x_wconf 80' lang='lat'>5⁰.</span> <span class='ocrx_word' id='word_1_352' title='bbox 1088 4830 1160 4914; x_wconf 87' lang='lat'>(10,</span> <span class='ocrx_word' id='word_1_353' title='bbox 1178 4832 1264 4915; x_wconf 84' lang='lat'>149).</span> 
     </span>
    </p>
   </div>
   <div class='ocr_carea' id='block_1_8' title="bbox 449 5050 1848 5261">
    <p class='ocr_par' dir='ltr' id='par_1_15' title="bbox 449 5050 1848 5261">
     <span class='ocr_line' id='line_1_39' title="bbox 529 5050 1848 5115; baseline 0 -19"><span class='ocrx_word' id='word_1_354' title='bbox 529 5053 544 5096; x_wconf 88' lang='lat' dir='ltr'>l.</span> <span class='ocrx_word' id='word_1_355' title='bbox 562 5054 620 5115; x_wconf 75' lang='lat' dir='ltr'>Guy</span> <span class='ocrx_word' id='word_1_356' title='bbox 638 5054 669 5101; x_wconf 82' lang='lat' dir='ltr'>de</span> <span class='ocrx_word' id='word_1_357' title='bbox 688 5054 823 5110; x_wconf 83' lang='lat' dir='ltr'>Comborn,</span> <span class='ocrx_word' id='word_1_358' title='bbox 842 5050 1000 5099; x_wconf 64' lang='lat' dir='ltr'>transfores</span> <span class='ocrx_word' id='word_1_359' title='bbox 1018 5052 1110 5113; x_wconf 70' lang='lat' dir='ltr'>Noyon</span> <span class='ocrx_word' id='word_1_360' title='bbox 1122 5052 1146 5100; x_wconf 89' lang='lat' dir='ltr'>lc</span> <span class='ocrx_word' id='word_1_361' title='bbox 1166 5055 1194 5100; x_wconf 88' lang='grc'>11</span> <span class='ocrx_word' id='word_1_362' title='bbox 1212 5054 1263 5100; x_wconf 84' lang='lat' dir='ltr'>mai</span> <span class='ocrx_word' id='word_1_363' title='bbox 1283 5054 1344 5100; x_wconf 80' lang='grc'><strong>1317</strong></span> <span class='ocrx_word' id='word_1_364' title='bbox 1362 5052 1467 5114; x_wconf 80' lang='lat' dir='ltr'>(Euboi,</span> <span class='ocrx_word' id='word_1_365' title='bbox 1487 5052 1505 5111; x_wconf 93' lang='lat' dir='ltr'>I,</span> <span class='ocrx_word' id='word_1_366' title='bbox 1520 5052 1587 5112; x_wconf 76' lang='lat'><strong>390).</strong></span> <span class='ocrx_word' id='word_1_367' title='bbox 1601 5080 1632 5084; x_wconf 91' lang='lat'>—</span> <span class='ocrx_word' id='word_1_368' title='bbox 1645 5054 1666 5098; x_wconf 78' lang='lat'>2.</span> <span class='ocrx_word' id='word_1_369' title='bbox 1680 5051 1742 5097; x_wconf 77' lang='lat' dir='ltr'>i’oir</span> <span class='ocrx_word' id='word_1_370' title='bbox 1755 5066 1779 5099; x_wconf 91' lang='lat' dir='ltr'>n.</span> <span class='ocrx_word' id='word_1_371' title='bbox 1794 5053 1848 5098; x_wconf 69' lang='lat'>171:</span> 
     </span>
     <span class='ocr_line' id='line_1_40' title="bbox 506 5119 1848 5189; baseline -0.001 -19"><span class='ocrx_word' id='word_1_372' title='bbox 506 5119 518 5165; x_wconf 82' lang='grc'>11</span> <span class='ocrx_word' id='word_1_373' title='bbox 532 5125 567 5173; x_wconf 85' lang='lat' dir='ltr'>iut</span> <span class='ocrx_word' id='word_1_374' title='bbox 584 5127 683 5189; x_wconf 70' lang='lat' dir='ltr'>envoye</span> <span class='ocrx_word' id='word_1_375' title='bbox 700 5141 799 5173; x_wconf 80' lang='lat' dir='ltr'>comme</span> <span class='ocrx_word' id='word_1_376' title='bbox 819 5141 899 5176; x_wconf 85' lang='lat' dir='ltr'>nonce</span> <span class='ocrx_word' id='word_1_377' title='bbox 919 5126 1011 5188; x_wconf 73' lang='lat' dir='ltr'>uuprbs</span> <span class='ocrx_word' id='word_1_378' title='bbox 1027 5127 1059 5174; x_wconf 86' lang='lat' dir='ltr'>dc</span> <span class='ocrx_word' id='word_1_379' title='bbox 1079 5126 1190 5186; x_wconf 74' lang='lat' dir='ltr'>charles,</span> <span class='ocrx_word' id='word_1_380' title='bbox 1204 5129 1241 5175; x_wconf 91' lang='lat' dir='ltr'>roi</span> <span class='ocrx_word' id='word_1_381' title='bbox 1261 5128 1306 5175; x_wconf 84' lang='lat' dir='ltr'>des</span> <span class='ocrx_word' id='word_1_382' title='bbox 1323 5127 1450 5185; x_wconf 81' lang='lat' dir='ltr'>Romains,</span> <span class='ocrx_word' id='word_1_383' title='bbox 1464 5127 1488 5174; x_wconf 85' lang='lat' dir='ltr'>lo</span> <span class='ocrx_word' id='word_1_384' title='bbox 1502 5127 1531 5173; x_wconf 88' lang='lat'>18</span> <span class='ocrx_word' id='word_1_385' title='bbox 1543 5126 1608 5173; x_wconf 82' lang='lat' dir='ltr'>arrii</span> <span class='ocrx_word' id='word_1_386' title='bbox 1622 5125 1684 5172; x_wconf 81' lang='grc'><strong>1311</strong></span> <span class='ocrx_word' id='word_1_387' title='bbox 1704 5124 1784 5186; x_wconf 78' lang='lat' dir='ltr'>(JIou.</span> <span class='ocrx_word' id='word_1_388' title='bbox 1802 5125 1848 5171; x_wconf 76' lang='lat' dir='ltr'>i&#39;ur</span> 
     </span>
     <span class='ocr_line' id='line_1_41' title="bbox 449 5174 1048 5261; baseline 0.007 -15"><span class='ocrx_word' id='word_1_389' title='bbox 449 5174 451 5236; x_wconf 84' lang='grc'>1</span> <span class='ocrx_word' id='word_1_390' title='bbox 508 5193 564 5258; x_wconf 71' lang='lat' dir='ltr'>Bu,</span> <span class='ocrx_word' id='word_1_391' title='bbox 577 5200 595 5259; x_wconf 88' lang='lat'>1,</span> <span class='ocrx_word' id='word_1_392' title='bbox 609 5216 634 5249; x_wconf 80' lang='lat' dir='ltr'>n.</span> <span class='ocrx_word' id='word_1_393' title='bbox 645 5201 774 5261; x_wconf 78' lang='lat' dir='ltr'>eor-sos).</span> <span class='ocrx_word' id='word_1_394' title='bbox 786 5228 817 5234; x_wconf 85' lang='lat'><em>-</em></span> <span class='ocrx_word' id='word_1_395' title='bbox 830 5202 852 5249; x_wconf 83' lang='lat' dir='ltr'>a.</span> <span class='ocrx_word' id='word_1_396' title='bbox 864 5201 926 5247; x_wconf 77' lang='lat' dir='ltr'>uon</span> <span class='ocrx_word' id='word_1_397' title='bbox 938 5214 962 5249; x_wconf 85' lang='lat' dir='ltr'>n.</span> <span class='ocrx_word' id='word_1_398' title='bbox 978 5203 1048 5251; x_wconf 79' lang='lat'><strong>1189.</strong></span> 
     </span>
    </p>
   </div>
   <div class='ocr_carea' id='block_1_9' title="bbox 0 0 2350 6052">
    <p class='ocr_par' dir='ltr' id='par_1_16' title="bbox 0 0 2350 6052">
     <span class='ocr_line' id='line_1_42' title="bbox 0 0 2350 6052; baseline 0 0"><span class='ocrx_word' id='word_1_399' title='bbox 0 0 2350 6052; x_wconf 95' lang='lat' dir='ltr'> </span> 
     </span>
    </p>
   </div>
  </div>
 </body>
</html>
