4650 6059
891 795 978 869 1852,
1002 795 1085 860 17-18
1107 797 1281 875 septembre.
1332 878 1335 883 ι
1713 799 1776 864 ele

403 943 561 1029 Werpra,
578 941 793 1009 Cameracen.
809 944 906 1024 dioc,
922 945 1015 1030 cujus
1038 945 1158 1030 capell.
1175 947 1422 1031 possessionem
1444 948 1595 1014 nondum
1611 948 1672 1014 ruit
1689 970 1776 1016 asses

406 1056 520 1128 cutus,
533 1047 696 1113 obtineat.
712 1087 756 1096 —
771 1046 848 1112 Fiat
865 1047 905 1113 R.

456 1151 537 1216 Dat.
553 1149 654 1215 Avin.
675 1170 710 1233 15
727 1149 795 1215 kal.
812 1159 879 1217 oct.
895 1166 930 1217 a⁰
950 1165 1014 1217 11⁰.
1031 1152 1107 1237 (22,
1128 1154 1230 1237 116⁹).

462 1313 612 1397 2469.
1365 1348 1464 1413 1352,
1483 1347 1525 1412 17
1539 1332 1730 1417 septembre.

454 1431 546 1515 Sign.
562 1429 594 1495 S.
610 1428 650 1495 V.
666 1429 841 1495 cardinalis
866 1430 1046 1515 prelibatus
1065 1428 1280 1516 [Galhardus
1296 1433 1328 1498 S.
1345 1432 1451 1499 Lucie
1474 1433 1508 1498 in
1531 1433 1651 1520 silice],
1679 1432 1779 1518 quod,

408 1555 489 1600 cum
507 1554 611 1620 nuper
627 1534 658 1599 S.
672 1532 711 1598 V.
728 1532 880 1598 familiari
897 1541 931 1598 et
947 1534 1109 1598 continuo
1125 1536 1343 1600 commensali
1360 1556 1425 1602 suo
1441 1535 1573 1602 Thome
1594 1536 1637 1602 de
1659 1535 1781 1602 Mona·

409 1638 515 1703 sterio
529 1648 549 1717 ¹,
566 1637 760 1722 presbitero,
773 1636 893 1701 rectori
906 1636 1123 1722 parrochialis
1134 1638 1275 1703 ecclesie
1290 1639 1333 1703 de
1345 1638 1577 1725 Lougoprato,
1594 1638 1780 1705 Tomacen.

408 1742 510 1819 dioc,
526 1740 560 1805 in
576 1761 617 1806 ea
634 1741 740 1805 forma
768 1740 953 1805 secundum
978 1760 1080 1824 quam
1105 1748 1187 1806 ωηο
1210 1762 1270 1827 pro
1293 1743 1498 1828 pauperibus
1514 1743 1641 1808 clericis
1656 1743 1779 1807 benefi-

411 1843 543 1910 ciandis
570 1843 712 1929 scripsit,
727 1843 868 1927 gratiam
895 1843 1010 1908 fecerit
1025 1843 1068 1908 de
1082 1845 1159 1909 ben.
1184 1844 1267 1910 eccl.
1283 1865 1312 1910 ο.
1329 1864 1358 1909 ο.
1374 1847 1429 1909 vel
1448 1866 1473 1911 s.
1490 1866 1530 1925 c.,
1547 1855 1721 1932 spectante
1737 1846 1780 1912 ad

412 1948 491 2013 coll.
509 1954 574 2012 etc.
590 1946 751 2032 prepositi
769 1954 803 2010 et
819 1947 956 2032 capituli
972 1946 1003 2011 S.
1022 1945 1161 2012 Martini
1185 1946 1227 2012 de
1250 1946 1437 2033 Campellis
1452 1948 1485 2013 in
1510 1947 1596 2029 Bria,
1621 1948 1778 2017 Parisien.

411 2050 513 2129 dioc,
524 2049 661 2135 ipseque
673 2048 822 2115 Thomas
837 2070 929 2136 perp.
941 2051 1105 2135 capellan.
1115 2051 1230 2115 altaris
1242 2051 1273 2116 S.
1287 2051 1430 2116 Dionisii
1445 2052 1477 2115 in
1491 2052 1573 2117 eccl.
1595 2051 1627 2117 S.
1640 2050 1777 2116 Martini

411 2154 576 2240 predicta,
593 2173 618 2217 s,
634 2172 674 2233 c.,
691 2161 772 2218 tunc
787 2174 871 2233 vac,
899 2163 1062 2237 tauquam
1078 2153 1138 2219 sibi
1155 2162 1410 2240 competentem
1426 2163 1461 2220 et
1476 2153 1637 2235 debitam,
1654 2175 1719 2239 que
1735 2155 1778 2221 ad

412 2256 583 2323 decimam
599 2276 667 2321 non
683 2264 825 2336 taxatur,
841 2257 955 2341 vigore
970 2257 1060 2321 dicte
1075 2257 1190 2341 gratie,
1203 2256 1334 2322 duxerit
1350 2257 1593 2343 acceptandam
1606 2282 1615 2339 ;
1629 2268 1663 2323 et
1678 2279 1778 2344 prop·

412 2369 508 2426 terea
532 2360 660 2445 prefata
686 2360 821 2445 paroch.
848 2360 989 2424 ecclesia
1019 2359 1061 2424 de
1093 2358 1321 2445 Longoprato,
1345 2381 1447 2444 quam
1482 2370 1563 2427 tunc
1590 2362 1776 2442 obtinebat,

414 2472 518 2552 prout
534 2472 568 2529 et
584 2464 725 2543 obtinet,
743 2485 802 2549 per
819 2464 1063 2529 assecutionem
1080 2463 1221 2549 pacifice
1245 2463 1463 2549 possessionis
1477 2464 1567 2530 dicte
1583 2465 1776 2551 capellanie,

416 2570 451 2634 iu
467 2568 561 2633 brevi
585 2588 706 2634 vacare
733 2576 891 2654 speretur.
919 2568 1031 2651 Quare
1058 2588 1153 2653 supp.
1179 2566 1355 2633 cardinalis
1375 2567 1521 2652 prefatus
1545 2566 1577 2645 in
1601 2586 1778 2652 personam

417 2672 521 2758 ipsius
536 2669 677 2751 Thome,
695 2680 785 2755 quat.
801 2670 863 2737 sibi
879 2671 1059 2756 specialem
1074 2670 1217 2755 gratiam
1240 2670 1409 2750 facientes
1426 2671 1611 2756 predictam
1626 2670 1778 2756 parroch.

417 2775 597 2841 ecclesiam
621 2775 664 2839 de
698 2773 926 2860 Longoprat0,
959 2776 1051 2860 cujus
1084 2774 1209 2840 fructus
1243 2782 1319 2854 etc,
1354 2774 1537 2839 secundum
1570 2774 1778 2839 taxationem

378 2871 384 2880 ’
420 2879 561 2962 antique
577 2877 717 2959 decime,
735 2898 785 2962 25,
802 2877 984 2943 secundum
1008 2898 1088 2942 vero
1111 2897 1325 2942 communem
1342 2876 1597 2941 extimationem
1615 2897 1655 2941 20
1671 2877 1779 2942 librar.

416 2982 588 3048 Turonen.
604 3002 697 3068 parv.
723 2983 872 3047 valorem
897 3002 1045 3046 aunuum
1069 3002 1137 3047 non
1165 2980 1341 3061 excedunt,
1365 3000 1442 3045 cum
1466 3001 1541 3044 eam
1569 2979 1616 3044 sic
1643 2980 1697 3043 vel
1714 2980 1780 3044 alio

417 3085 537 3171 quovis
556 3085 659 3151 modo
685 3105 806 3150 vacare
831 3084 1018 3169 contigerit,
1046 3084 1155 3149 eidem
1182 3084 1314 3148 Thome
1341 3081 1589 3163 conferendam,
1608 3082 1779 3148 collationi

417 3195 526 3275 apost.
541 3186 723 3273 dignemini
740 3208 939 3253 reservare...
961 3225 992 3235 -
1015 3187 1091 3251 Fiat
1109 3187 1148 3251 R.

464 3292 542 3357 Dat.
557 3292 659 3357 Avin.
680 3311 715 3375 15
733 3291 798 3357 kal.
816 3301 882 3357 oet.
898 3305 933 3357 ao
953 3304 1015 3357 11⁰.
1031 3294 1107 3373 (22,
1129 3293 1231 3374 121').

471 3453 619 3533 2470·
1108 3450 1111 3454 ⁴
1376 3485 1393 3527 1
1394 3484 1415 3546 5
1416 3483 1471 3545 52,
1489 3482 1530 3546 17
1546 3466 1734 3550 septembre.

464 3571 565 3656 Supp.
583 3571 744 3654 P(etrus),
761 3570 812 3633 tit.
829 3569 860 3635 S.
877 3568 1025 3633 Susanne
1041 3567 1203 3653 presbiter
1230 3567 1419 3646 cardinalia,
1437 3574 1527 3651 quat.
1552 3568 1731 3652 capellano
1747 3575 1781 3632 et

418 3673 573 3740 familiari
597 3694 658 3738 suo
682 3673 842 3737 continuo
867 3671 1026 3736 Goswino
1053 3671 1095 3736 de
1120 3671 1221 3755 Reys,
1246 3671 1441 3755 presbiterO,
1473 3670 1515 3735 de
1545 3691 1636 3755 perp.
1664 3671 1781 3755 capell.

416 3776 532 3843 altaris
550 3778 581 3842 S.
602 3775 766 3853 Johanuis
782 3777 835 3840 siti
852 3777 883 3838 in
900 3776 982 3840 eccl.
998 3774 1037 3840 B.
1055 3772 1104 3839 Μ.
1120 3774 1383 3858 Antu'erpiensis
1399 3780 1421 3852 ⁸¹,
1446 3772 1658 3838 Cameracen.
1682 3773 1780 3853 dioc,

416 3901 493 3946 rac.
510 3889 545 3944 et
560 3879 603 3945 ad
618 3879 871 3964 dispositionem
887 3887 1034 3942 vestram
1050 3876 1232 3962 spectantis
1251 3877 1312 3961 pro
1331 3896 1371 3939 eo
1393 3875 1483 3959 quod
1499 3875 1658 3959 Rogerius
1673 3875 1781 3940 dictus

416 3984 515 4049 Daen
529 3995 550 4064 ²,
564 3983 644 4047 olim
661 3982 761 4067 ipsius
778 3982 890 4046 altaris
905 4002 997 4066 perp.
1014 3982 1217 4066 capellanus,
1231 4001 1305 4045 can.
1323 3990 1356 4044 et
1372 3981 1466 4065 preb.
1480 3979 1626 4063 ejusdem
1640 3980 1781 4044 ecclesie

416 4094 508 4152 auct.
533 4086 717 4149 litterarum
742 4094 925 4148 vestrarum
950 4084 1062 4149 extitit
1086 4093 1266 4163 assecutus
1293 4082 1479 4166 dignemini
1502 4081 1686 4167 prouidere,
1711 4103 1779 4147 non

416 4192 505 4254 obst.
517 4187 606 4271 quod
622 4188 774 4273 parroch.
792 4187 873 4251 eccl.
890 4186 921 4249 in
939 4185 1089 4265 Briseim,
1107 4185 1281 4250 Colonien.
1294 4185 1391 4265 dioc,
1408 4186 1548 4251 obtinet.
1564 4225 1607 4234 -
1624 4185 1700 4250 Fiat
1718 4184 1771 4251 R.

461 4290 542 4356 Dat.
557 4291 655 4354 Avin.
677 4311 711 4375 15
730 4290 796 4355 kal.
813 4299 880 4355 oct.
897 4304 932 4354 a⁰
952 4303 1015 4355 110.
1033 4290 1109 4373 (22,
1127 4289 1214 4372 176).

470 4455 610 4535 2471·
1376 4488 1393 4531 1
1395 4487 1415 4549 3
1416 4486 1471 4548 52,
1490 4469 1533 4531 18
1546 4468 1735 4553 septembre.

463 4573 565 4657 Supp.
593 4571 719 4636 Poncia
747 4573 778 4636 le
806 4571 919 4636 Potier
944 4571 987 4635 de
1014 4570 1158 4655 Dignan,
1187 4571 1346 4637 Leodien.
1373 4570 1470 4649 dioc,
1499 4579 1589 4653 quat.
1617 4570 1779 4653 aliquibus

418 4676 572 4743 discretis
597 4676 675 4739 viris
701 4675 781 4740 dare
807 4675 988 4759 dignemini
1013 4675 1131 4741 restris
1156 4675 1274 4741 litteris
1301 4675 1333 4738 in
1358 4673 1526 4738 mandatis
1552 4680 1588 4736 ut
1615 4672 1720 4757 ipsam
1747 4673 1780 4737 in

419 4780 580 4865 hospitali
599 4780 630 4845 S.
647 4780 816 4844 Lanrberti
833 4779 992 4845 Leodien.
1005 4800 1102 4864 supra
1120 4777 1254 4844 Mosam
1265 4777 1367 4861 recipi
1384 4776 1509 4840 iaciant
1524 4775 1557 4839 in
1574 4795 1751 4840 sororem...
1766 4789 1780 4856 ';

452 4984 482 5043 u)
499 4980 555 5030 sed.
566 4984 795 5045 Antweopiuensis.

423 5125 670 5138 ———

457 5218 480 5264 l.
496 5216 555 5264 loir
573 5231 597 5264 η.
611 5219 681 5266 lill.
693 5244 724 5251 —
738 5220 759 5264 2.
772 5217 833 5264 l'oir
846 5231 870 5265 n.
884 5219 956 5269 1705.
