4650 6059
991 780 1079 853 1849,
1103 779 1143 844 26
1165 796 1254 843 mars.
1410 867 1412 872 Ι
1746 783 1804 847 418

461 934 523 997 eccl.
538 931 583 997 de
598 928 769 1010 Vinriaco,
787 928 976 996 Ruthenen.
992 929 1091 1009 dioc,
1107 950 1147 996 ac
1163 950 1238 996 can.
1265 940 1300 997 et
1315 935 1406 1018 preb.
1423 931 1454 998 S.
1472 933 1626 1018 Dyonisii
1644 932 1804 1000 Leodien.

461 1043 482 1098 rt
492 1056 563 1101 can.
579 1037 641 1100 sub
657 1053 735 1120 exp.
751 1035 843 1119 preb.
859 1034 941 1099 eccl.
957 1032 1150 1099 Turonen...
1167 1034 1315 1101 noscitur
1331 1036 1515 1104 obtinere...
1531 1078 1574 1088 —
1590 1036 1667 1103 Fiat
1684 1037 1723 1103 R.

491 1138 568 1204 Dat.
583 1138 686 1203 Avin.
704 1154 723 1220 7
739 1137 807 1203 kal.
822 1136 916 1223 april.
932 1144 966 1204 a⁰
982 1145 1025 1222 7⁰.
1043 1138 1112 1221 (17,
1130 1139 1235 1222 210').

500 1277 640 1363 1533-
1484 1310 1580 1374 1349,
1598 1292 1640 1354 26
1657 1312 1759 1356 marc.

492 1397 589 1483 Supp.
607 1394 821 1476 Bertrandus,
837 1394 939 1481 episc.
956 1393 1112 1474 Sabinen,
1130 1402 1222 1478 quat.
1241 1391 1440 1480 [Ludovic0,
1467 1391 1566 1479 nato]
1595 1394 1717 1459 nobilis
1743 1393 1804 1459 viri

461 1497 616 1566 Guillelmi
632 1499 674 1565 de
690 1498 845 1584 Aqueria,
852 1498 933 1589 civis
948 1496 1161 1578 Avinionen,
1177 1496 1219 1562 de
1236 1517 1309 1563 can.
1326 1505 1360 1562 et
1372 1499 1465 1583 preb.
1478 1496 1618 1562 ecclesie
1631 1497 1707 1562 coll.
1724 1496 1805 1563 For-

461 1602 615 1690 oelquerii,
625 1601 815 1668 Sistaricen.
830 1600 916 1667 dioc.
919 1650 993 1681 .......
1007 1598 1191 1684 dignemini
1207 1599 1392 1686 providere,
1408 1616 1479 1665 non·
1493 1601 1578 1664 obst.
1594 1598 1685 1684 quod
1711 1598 1801 1665 idem

461 1700 639 1773 ludovicus
655 1724 729 1771 can.
745 1707 804 1770 sub
821 1724 896 1790 exp.
920 1705 1013 1790 preb.
1038 1702 1073 1767 in
1100 1702 1243 1768 ecclesia
1268 1700 1427 1768 Leodien.
1449 1701 1596 1767 noscitur
1622 1702 1804 1769 obtinere...

461 1804 524 1875 Fiat
540 1809 582 1875 R.

491 1912 569 1978 Dat.
585 1910 687 1977 Avin.
704 1928 723 1994 7
739 1910 806 1976 kal.
822 1910 915 1997 april.
932 1916 965 1975 a⁰
982 1916 1024 1994 7⁰.
1041 1910 1110 1994 (17,
1130 1908 1220 1993 211).

500 2047 640 2133 1534.
1486 2076 1582 2141 1349,
1599 2058 1640 2121 26
1657 2079 1761 2124 mars.

491 2166 594 2252 Supp.
610 2163 781 2230 familiaris
795 2170 907 2228 vester
921 2161 941 2240 J
945 2162 1097 2228 ohannes
1123 2161 1257 2227 Punfier
1278 2160 1321 2227 de
1348 2159 1499 2226 Liemoir
1515 2170 1534 2241 ¹,
1551 2168 1641 2246 quat.
1660 2159 1696 2248 [J
1699 2165 1807 2229 acobo

462 2264 594 2350 ’uufier,
610 2286 771 2353 gennano
796 2286 866 2347 suo,
894 2266 1016 2331 clerico
1032 2263 1193 2331 Leodien.
1208 2264 1307 2345 dioc,
1330 2266 1459 2330 nullum
1475 2264 1586 2330 adhuc
1604 2265 1806 2331 beneficium

461 2371 713 2439 ecclesiasticum
729 2368 913 2455 assecut0],
940 2369 982 2435 de
1008 2368 1120 2435 officio
1144 2367 1296 2434 custodie
1321 2368 1462 2434 ecclesie
1486 2368 1689 2455 Dyonensis,
1716 2370 1807 2436 dicte

461 2471 546 2557 lioc,
562 2496 628 2561 que
644 2495 669 2540 S.
686 2494 715 2540 c.
730 2473 854 2554 existit,
870 2473 963 2557 cujus
979 2472 1207 2553 fruetus,..sec.
1216 2471 1427 2537 taxationem
1442 2471 1583 2552 decime,
1601 2492 1636 2557 15
1653 2474 1806 2539 marcha-

462 2596 521 2643 um
536 2576 665 2663 argenti
681 2576 830 2642 valorem
845 2596 993 2642 annuum
1008 2596 1077 2641 non
1093 2575 1271 2657 excedunt,
1286 2594 1359 2640 vac.
1376 2575 1420 2641 ad
1435 2595 1571 2662 presens
1586 2595 1645 2662 per
1661 2584 1806 2642 mortem

461 2682 620 2763 {uondam
636 2679 655 2758 J
659 2680 803 2746 ohannis
813 2678 1170 2761 Hanezanc,can0nici
1187 2678 1359 2759 Leodien.,
1375 2679 1483 2744 ultimi
1496 2679 1644 2763 ejusdem
1656 2680 1806 2746 custodie

461 2785 596 2852 :ustodis
610 2796 633 2865 ²,
649 2783 704 2868 qui
720 2803 827 2870 nuper
841 2791 936 2849 extra
961 2782 1060 2849 Rom.
1076 2784 1201 2849 curiam
1223 2781 1313 2847 diem
1330 2782 1449 2847 clausit
1471 2790 1670 2864 extremum,
1687 2792 1721 2847 et
1737 2784 1807 2868 ejus

461 2889 611 2956 ›eneficia
626 2908 667 2954 ac
683 2886 795 2953 officia
811 2894 891 2952 ante
914 2887 1016 2974 ipsius
1033 2889 1086 2952 ob.
1110 2886 1242 2951 fuerant
1264 2885 1353 2972 apud
1369 2885 1482 2951 sedem
1497 2895 1605 2972 apost.
1628 2897 1805 2968 reservata,

461 3013 506 3058 eu
520 3011 724 3077 quocunque
740 2990 808 3056 alio
823 2989 925 3056 modo
941 2997 1049 3070 vacet,
1066 3010 1144 3056 curn
1160 2990 1315 3055 omnibus
1327 2990 1455 3074 juribus
1470 2997 1506 3054 et
1517 2988 1727 3076 pertinentiis
1739 2990 1806 3056 suis

461 3096 557 3162 eidem
573 3095 593 3174 J
596 3098 705 3162 acobo
719 3093 902 3178 dignemini
919 3094 1127 3179 providere...
1143 3132 1184 3142 -
1203 3091 1278 3158 Fiat
1296 3092 1335 3158 R.

494 3200 572 3266 Dat.
589 3200 689 3264 Avin.
707 3217 724 3282 7
741 3197 807 3263 kal.
825 3198 918 3283 april.
935 3204 967 3262 a⁰
984 3204 1026 3280 7⁰.
1044 3200 1113 3282 (17,
1132 3198 1237 3281 212l).

506 3335 803 3422 1535-1539.
1486 3370 1582 3434 1349,
1599 3352 1641 3415 26
1658 3374 1761 3419 mars.

495 3454 593 3541 Supp.
610 3452 767 3531 Johanna
782 3455 824 3520 de
850 3452 1032 3519 Brabantia
1048 3463 1068 3533 ³,
1094 3452 1263 3519 comitissa
1291 3450 1486 3533 Hannonie,
1511 3462 1558 3534 ut,
1586 3476 1662 3520 cum
1686 3454 1805 3540 ipsam,

461 3574 514 3639 que
529 3557 572 3623 ad
586 3557 827 3622 monasterium
855 3557 885 3622 S.
904 3556 1001 3621 Clare
1028 3555 1243 3621 Bruxellense
1270 3554 1469 3638 singularem
1485 3556 1587 3622 habet
1614 3556 1806 3623 devotionis

461 3658 616 3741 aflectum,
633 3660 735 3745 ipsius
744 3662 931 3726 clausuram
942 3668 976 3725 et
986 3660 1125 3725 aliomm
1135 3658 1413 3724 monasteriorum
1423 3659 1571 3742 ejusdem
1582 3661 1715 3740 ordinis,
1730 3681 1806 3726 cum

462 3764 594 3849 quinque
625 3765 777 3830 honestis
804 3766 953 3851 personis
979 3764 1140 3843 femineis
1169 3763 1235 3828 suis
1262 3762 1487 3843 familiaribus,
1513 3772 1666 3846 tempore
1693 3760 1808 3826 debito

463 3868 626 3953 contigerit
657 3868 834 3949 declinare,
865 3867 975 3933 eidem
1013 3866 1157 3933 intrandi
1192 3866 1372 3952 specialem
1405 3865 1589 3930 concedere
1625 3863 1807 3948 dignemini

467 3964 657 4037 facultatem.
672 4011 716 4020 —
732 3969 810 4037 Fiat
826 3970 867 4036 R.

501 4110 596 4175 1536.
614 4105 703 4171 Item
719 4128 815 4193 supp.
832 4116 923 4191 quat.
947 4114 984 4171 ut
1012 4106 1172 4173 Katerina
1199 4107 1241 4174 de
1267 4105 1440 4187 Dilebeke,
1457 4115 1491 4171 et
1515 4105 1673 4184 Johanna
1699 4102 1808 4184 Muse,

469 4205 600 4288 ejusdem
635 4210 714 4289 filia,
742 4211 911 4277 comitisse
935 4210 1114 4276 familiares
1140 4219 1175 4276 et
1202 4210 1395 4290 domestice,
1423 4211 1590 4277 clausuras
1614 4209 1808 4275 monasterii

469 4304 491 4373 S.
512 4313 609 4380 Clare
643 4334 749 4400 prope
786 4314 985 4394 Bruxellam,
1010 4315 1043 4379 in
1071 4335 1136 4398 quo
1163 4314 1323 4379 Katerina
1346 4314 1451 4379 filiam
1476 4312 1632 4391 Johanne
1660 4332 1807 4377 sororem

467 4406 553 4484 habet
567 4418 763 4498 monialem,
780 4419 986 4503 singulariter
998 4426 1033 4483 et
1049 4418 1254 4502 conjunctim
1271 4417 1386 4483 debito
1410 4425 1563 4503 tempore
1585 4416 1708 4481 intrare
1732 4436 1807 4502 pos-

467 4513 520 4586 sint
532 4528 554 4603 ⁸,
571 4521 720 4606 quandiu
734 4521 824 4588 dicta
840 4522 997 4587 monialis
1012 4522 1118 4587 vitam
1139 4520 1220 4586 inibi
1236 4522 1367 4587 duxerit
1392 4521 1426 4585 in
1441 4520 1604 4601 humanis,
1631 4518 1673 4584 de
1698 4527 1809 4584 vestra

465 4623 546 4690 solita
561 4623 743 4691 clementia
760 4626 944 4692 concedere
959 4624 1142 4710 dignemini
1158 4625 1365 4691 facultatem.
1381 4622 1512 4688 -Fiat
1529 4622 1569 4687 R.

499 4764 595 4831 1537.
612 4762 701 4829 Item
726 4783 821 4850 supp.
846 4772 937 4849 quat.
963 4762 1051 4829 fideli
1076 4783 1136 4828 suo
1160 4762 1283 4828 clerico
1309 4771 1343 4828 et
1369 4761 1569 4841 consiliarie,
1595 4758 1741 4825 Nicolao
1765 4758 1807 4824 de

487 4950 514 5010 ι)
527 4952 583 5001 eod.
595 4952 739 5016 potuerint.

461 5053 704 5082 N-——-

462 5208 473 5256 ρ
490 5136 510 5183 l.
520 5136 579 5186 Voir
589 5151 618 5189 n.
629 5138 700 5195 1306,
720 5136 790 5183 1509.
806 5160 839 5172 -
859 5136 881 5183 1.
894 5134 957 5181 Voir
967 5148 992 5184 n.
1003 5135 1072 5192 1531,
1086 5135 1156 5183 1532.
1172 5159 1204 5168 -
1224 5133 1247 5181 3.
1268 5130 1358 5190 Eubel,
1378 5129 1485 5181 Baiter.
1505 5128 1645 5186 Fraacerc,
1657 5126 1702 5186 VI,
1715 5139 1740 5176 n.
1752 5127 1806 5186 193,

474 5237 481 5250 .
492 5211 542 5261 225,
