4650 6059
935 797 1022 870 1343,
1045 798 1128 861 11-14
1146 797 1257 878 januen
1738 802 1772 865 91

362 934 391 971 ³
442 947 552 1029 ipsuum
574 966 731 1010 sororum
756 946 818 1011 sibi
843 946 1012 1030 assignari,
1039 956 1074 1011 et
1097 947 1228 1012 sincera
1245 947 1279 1011 in
1296 947 1446 1012 Domino
1469 947 1610 1013 caritate
1626 949 1773 1014 tractari.

437 1046 494 1112 Non
516 1052 599 1114 obst.
625 1050 787 1115 omnibus
811 1050 944 1116 statutis
960 1058 995 1114 et
1010 1049 1309 1116 consuetudinibus
1333 1052 1366 1115 in
1390 1051 1596 1117 contrarium
1619 1052 1775 1137 qualiter-

433 1172 540 1237 cunque
569 1152 694 1232 editis;
726 1162 870 1219 etcum
900 1153 1057 1219 omnibus
1086 1153 1159 1218 aliis
1190 1175 1259 1219 non
1290 1155 1511 1235 obstantibus,
1550 1162 1585 1219 et
1619 1155 1775 1221 clausulis

428 1256 581 1340 oportunis
609 1276 650 1321 ac
678 1257 923 1323 executoribus,
974 1323 976 1326 ,
1101 1342 1103 1344 g

458 1358 513 1423 l'el
538 1360 647 1446 ipsam
672 1360 834 1425 mandare
859 1361 1042 1445 dignemini
1066 1361 1168 1447 recipi
1186 1362 1219 1425 in
1236 1382 1435 1427 conversam
1452 1361 1532 1427 dicti
1550 1362 1725 1448 hospitalis
1741 1371 1775 1428 et

415 1482 565 1541 sororem,
597 1484 676 1528 cum
708 1465 865 1530 omnibus
894 1485 964 1529 non
996 1465 1218 1543 obstantibus,
1244 1474 1278 1530 et
1306 1466 1462 1530 clausulis
1486 1467 1691 1547 necessariis,
1716 1487 1776 1551 per

410 1569 519 1633 omnia
536 1577 701 1654 utsupra.
720 1608 764 1615 —
783 1567 860 1633 Fiat
876 1566 916 1633 R.
933 1609 976 1616 —
992 1567 1105 1633 Gratis
1121 1589 1182 1653 pro
1199 1569 1284 1634 De0.
1300 1610 1342 1617 —
1360 1567 1437 1633 Fiat
1455 1567 1495 1634 R.

451 1672 533 1738 Dat.
548 1673 650 1737 Avin.
669 1692 686 1757 7
704 1672 748 1737 id.
761 1672 833 1758 julii
846 1680 879 1737 a⁰
896 1682 938 1739 2⁰.
955 1679 1005 1753 (5,
1023 1674 1079 1757 92)

456 1808 573 1889 413.
1449 1844 1544 1908 1343,
1558 1843 1597 1888 rr
1609 1822 1732 1905 jmllet.

451 1928 544 2011 Sign.
560 1926 593 1991 S.
604 1925 645 1991 V.
654 1926 752 1991 miles
779 1924 946 1992 Gerardus
972 1927 1014 1992 de
1041 1925 1304 2012 Gommegnyes,
1329 1927 1439 1993 dictus
1463 1926 1505 1993 de
1530 1926 1776 2012 Mastaing,¹et

406 2030 606 2095 Emmelina
631 2030 674 2096 de
703 2029 907 2110 FraneiereS,
933 2030 1023 2114 quod
1047 2032 1126 2096 licet
1142 2031 1204 2116 ipsi
1221 2030 1357 2111 dudum,
1377 2052 1446 2096 non
1469 2031 1662 2115 ignorantes
1687 2030 1778 2115 quod

401 2135 498 2221 prior
514 2134 618 2219 ipsius
643 2133 869 2216 E(mmeline)
895 2133 1067 2218 quondam
1088 2134 1236 2214 maritus,
1254 2134 1360 2200 fuerat
1376 2135 1469 2200 dicto
1484 2135 1580 2199 militi
1606 2135 1640 2198 in
1657 2138 1776 2219 quarto
1810 2177 1814 2188 ·

403 2237 715 2321 consanguinitatis
730 2235 837 2321 gradu
852 2238 1062 2322 conjunctus,
1074 2238 1327 2309 matrimonium
1345 2238 1378 2302 in
1396 2238 1480 2303 facie
1496 2238 1646 2318 ecclesie,
1657 2238 1776 2302 bannis

403 2362 476 2406 non
505 2340 617 2420 editis,
642 2349 678 2405 ut
703 2340 805 2405 moris
829 2348 890 2420 est,
907 2361 966 2426 per
982 2344 1084 2406 verba
1100 2341 1142 2406 de
1157 2342 1304 2426 presenti
1327 2342 1582 2423 contraxissent,
1599 2350 1634 2407 et
1649 2340 1775 2407 eamali

405 2445 532 2530 copula
558 2446 738 2508 subsecuta
762 2445 891 2529 prolem
914 2465 956 2509 ex
979 2445 1072 2511 dicto
1087 2446 1305 2511 matrimonio
1321 2454 1565 2531 procreassent,
1581 2446 1624 2511 de
1640 2445 1776 2531 speciali

405 2563 527 2613 tamen
554 2546 721 2611 mandato
751 2546 805 2611 fel.
836 2568 902 2613 rec.
933 2548 1022 2613 dom.
1055 2547 1229 2613 Benedicti
1255 2569 1344 2634 pape
1367 2547 1448 2629 ΧΠ,
1473 2550 1689 2615 commissum
1716 2549 1778 2613 fuit

407 2652 573 2738 episcopo
596 2652 796 2716 Atrebaten.
819 2651 919 2735 quod,
944 2652 992 2717 eis
1007 2655 1049 2717 ab
1065 2652 1211 2718 invicem
1232 2653 1404 2737 separatis,
1421 2653 1510 2737 ipsos
1527 2656 1570 2718 ab
1585 2674 1778 2719 excommu-

408 2754 594 2821 nicationis
618 2753 788 2819 sententia
811 2754 845 2818 in
870 2756 956 2819 tales
980 2756 1181 2840 generaliter
1198 2757 1420 2841 promulgata,
1437 2764 1471 2819 et
1487 2777 1507 2820 a
1523 2766 1617 2821 reatu
1632 2756 1779 2844 incestus

408 2860 605 2924 absolveret
629 2858 663 2921 in
691 2857 799 2923 forma
826 2859 966 2924 ecclesie
992 2866 1166 2938 consueta,
1188 2867 1222 2924 et
1247 2859 1399 2943 injuncta
1422 2879 1539 2923 eorum
1556 2860 1701 2939 cuilibet,
1718 2879 1779 2943 pro

408 2962 515 3028 modo
542 2962 652 3047 culpe,
677 2961 865 3046 penitentia
889 2963 1051 3042 salutari;
1078 2963 1234 3047 quodque
1258 2963 1340 3028 duas
1365 2963 1511 3048 capellas
1527 2962 1569 3027 de
1585 2984 1676 3027 novo
1695 2962 1778 3027 infra

363 3056 366 3072 '
410 3066 587 3131 biennium
612 3065 759 3130 construi
786 3062 936 3131 facerent
951 3075 986 3131 et
1002 3066 1185 3150 quamlibet
1201 3087 1314 3131 earum
1339 3061 1495 3130 dotarent
1511 3065 1553 3130 de
1575 3087 1609 3130 12
1627 3066 1682 3130 lib.
1699 3064 1778 3130 Tur.

411 3191 505 3254 parv.
537 3190 651 3233 annuo
681 3169 811 3233 redditu
826 3193 833 3247 ;
863 3169 1029 3253 quodque,
1061 3179 1239 3255 postquam
1271 3191 1329 3255 per
1359 3169 1442 3234 duos
1472 3191 1605 3234 rurenses
1636 3170 1777 3253 separati

413 3276 532 3353 l‘orent,
559 3296 636 3339 cum
665 3275 742 3358 ipsis
766 3275 967 3338 auctoritate
989 3274 1175 3359 apostolica
1191 3274 1409 3357 dispensaret,
1427 3273 1516 3356 quod
1532 3273 1624 3337 dicto
1641 3273 1778 3357 impedi-

413 3389 529 3443 mento
557 3399 626 3442 non
656 3382 822 3456 obstante,
848 3378 1101 3442 matrimonium·
1125 3377 1166 3440 de
1192 3398 1283 3440 nouo
1308 3378 1506 3441 contrahere
1528 3388 1562 3442 et
1580 3379 1612 3440 in
1632 3399 1673 3442 eo
1689 3377 1779 3441 licite

414 3504 586 3548 remanere
609 3486 769 3561 valerent,
792 3484 919 3567 prolem
944 3492 1135 3567 susceptam
1153 3491 1193 3560 et,
1204 3481 1448 3565 suscipiendam
1477 3483 1658 3564 legitimam
1684 3502 1780 3565 repu-

415 3588 528 3663 tand0,
554 3597 655 3671 prout
682 3587 715 3650 in
742 3587 861 3650 litteris
886 3586 925 3650 R.
951 3586 987 3650 P.
1003 3587 1093 3650 donn.
1111 3585 1335 3670 G[aucelnni],
1353 3587 1453 3670 episc.
1479 3588 1655 3665 Albanen,
1683 3605 1781 3669 super·

418 3693 476 3756 boc
497 3692 598 3755 sactis
618 3691 748 3774 plenius
772 3690 973 3754 continetur.
991 3689 1123 3768 Verum,
1146 3691 1303 3772 quoniam
1321 3699 1354 3753 et
1372 3691 1403 3752 in
1423 3690 1618 3753 fundatione
1642 3688 1778 3751 duarum

418 3795 712 3881 cappellaniarum,
736 3803 874 3879 propter
896 3793 1043 3878 clarnpna
1066 3794 1206 3878 plurima
1234 3814 1297 3877 que
1325 3815 1384 3878 per
1407 3814 1599 3877 guerrarum
1627 3791 1779 3855 incendia

363 3883 364 3887 Ἰ
419 3900 500 3981 passi
518 3909 609 3976 sunt,
626 3906 660 3962 et
678 3898 710 3960 in
727 3907 797 3961 tam
816 3899 914 3981 longa
931 3898 1152 3980 separatione,
1175 3906 1311 3981 propter
1328 3897 1531 3973 scandalum,
1560 3905 1717 3979 reputant
1744 3916 1779 3958 se

421 4014 570 4080 granatos
584 4026 592 4083 ;
624 4023 719 4087 supp.
748 4002 779 4065 S.
796 4001 835 4066 V.
863 4010 963 4085 quat,
989 3989 1219 4085 benignidrem
1245 4001 1291 4064 eis
1315 4021 1361 4083 gr.
1389 4001 1558 4076 tacientes,
1575 3998 1664 4081 quod
1688 3999 1779 4062 dicto

423 4107 660 4192 impedimento
676 4126 744 4169 non
762 4108 847 4169 obst.
873 4105 904 4167 in
927 4106 974 4169 sic
996 4114 1172 4169 contracto
1195 4104 1410 4168 rnrcntrimonio
1438 4123 1610 4166 rennnnere
1635 4103 1779 4181 ualeant,

364 4251 367 4264 .
423 4231 455 4274 uc
476 4211 630 4275 debitum
650 4208 787 4272 reddere
814 4218 848 4272 et
876 4209 1017 4291 exigere,
1038 4230 1113 4272 ccum
1136 4209 1183 4271 eis
1204 4208 1385 4291 dignemini
1414 4208 1616 4291 dispensare,
1643 4207 1781 4271 sublatis

425 4314 666 4379 conditionibus
678 4312 875 4397 supradictis
890 4336 896 4389 ;
911 4313 957 4376 ita
970 4321 1081 4375 tamen
1105 4312 1195 4395 quod
1205 4312 1313 4375 dictus
1329 4312 1425 4374 miles
1441 4331 1543 4374 urrunnu
1561 4310 1779 4394 capellaniam

426 4415 451 4477 in
474 4418 588 4501 aliqua
616 4417 657 4481 de
684 4416 751 4479 suis
774 4416 928 4479 domibus
949 4415 1058 4479 facere
1084 4424 1117 4477 et
1143 4414 1260 4479 dotare
1286 4422 1448 4488 teneatur,
1468 4414 1540 4496 jure
1566 4412 1780 4496 presentandi

426 4522 635 4601 presbiterum
648 4520 776 4585 adeam
787 4520 847 4583 sibi
859 4531 893 4583 et
904 4519 969 4583 suis
982 4519 1226 4584 successoribus
1237 4528 1437 4593 reservato,
1448 4521 1576 4602 prolem
1591 4528 1780 4600 susceptam

370 4613 374 4624 ’
427 4634 452 4686 et
466 4623 715 4708 suscipiendam
739 4645 780 4685 ex
801 4623 893 4687 dicto
909 4624 1126 4687 nnratrimouio
1142 4623 1325 4704 legitimam
1342 4622 1565 4686 decernendo.
1584 4662 1625 4669 —
1644 4620 1718 4684 Fiat
1739 4621 1780 4684 cle

428 4728 628 4811 separatione
645 4726 753 4790 solum
769 4725 811 4789 ad
827 4747 988 4804 rnernsem,
1006 4727 1086 4789 item
1104 4726 1144 4790 cle
1164 4747 1231 4788 uum
1249 4726 1389 4809 capella.
1409 4725 1447 4789 R.

462 4830 539 4895 Dat.
556 4830 656 4894 Avin.
676 4850 692 4913 5
711 4829 755 4894 id.
769 4830 839 4914 julii
854 4837 887 4893 a⁰
905 4840 946 4893 2¹¹.
965 4835 1012 4912 (⁴5,
1032 4834 1115 4912 Syl).

373 5069 376 5076 Ι
468 4969 578 5048 414.
1451 4999 1545 5061 1543,
1564 4977 1737 5060 ranillcl.

374 5089 378 5186 ι
465 5084 548 5170 Sign.
579 5083 769 5168 Adolphus,
800 5084 900 5168 episc.
918 5082 1088 5162 Leodien.,
1114 5082 1204 5165 quod
1221 5083 1356 5160 dudum,
1374 5105 1446 5147 rac.
1472 5085 1553 5146 eccl.
1580 5083 1730 5165 parrocb.
1749 5081 1781 5143 in

436 5197 673 5209 ’ᾕ--η

460 5250 477 5293 l.
495 5250 552 5296 l'oir
569 5265 594 5297 n.
613 5251 670 5296 399.
