4650 6059
941 772 1024 845 1351,
1047 772 1088 836 80
1107 771 1258 853 januar-4
1280 770 1397 836 151001.
1798 774 1859 838 555

479 928 676 992 sessionem
693 926 809 992 habuit
825 926 884 991 sed
899 925 1035 1010 negotio
1051 926 1163 990 taliter
1179 945 1214 989 se
1230 926 1376 989 habente
1393 931 1488 990 extra
1505 924 1603 990 Rom.
1619 925 1744 991 curiam
1771 926 1859 991 diem

482 1030 615 1094 clausit
631 1038 830 1095 extremum.

536 1134 618 1198 Dat.
635 1134 735 1198 Arin.
753 1154 770 1217 3
787 1134 853 1198 kal.
871 1133 950 1197 febr.
966 1139 999 1195 a⁰
1016 1139 1058 1211 9⁰.
1076 1134 1152 1216 (20,
1177 1135 1246 1218 49).

545 1266 850 1353 2142-2143.
1507 1303 1602 1367 1351,
1616 1305 1662 1367 30
1671 1282 1816 1365 saravier.

536 1384 640 1469 Supp.
651 1384 832 1465 Johannes,
847 1386 910 1450 Dei
926 1388 1045 1471 gratia,
1061 1407 1120 1452 rex
1134 1386 1288 1466 Francie,
1304 1394 1397 1469 quat.
1414 1384 1608 1471 [capellano
1620 1407 1679 1451 suo
1692 1386 1857 1473 Gerardo]

489 1487 608 1552 Brune
622 1500 642 1569 ¹,
659 1488 820 1554 Leodien.
836 1489 934 1571 dioc,
959 1491 1001 1557 de
1018 1512 1092 1557 can.
1120 1493 1181 1556 sub
1205 1511 1281 1575 exp.
1306 1492 1400 1575 preb.
1427 1490 1568 1555 ecclesie
1585 1489 1624 1555 B.
1641 1488 1692 1556 M.
1708 1492 1861 1556 Antwer-

488 1593 630 1677 piensis,
641 1590 857 1658 Cameracen.
867 1594 965 1675 (500,
978 1616 1055 1660 cum
1072 1594 1228 1660 omnibus
1240 1593 1368 1678 juribus
1384 1602 1418 1658 et
1429 1594 1640 1679 pertinentiis
1656 1593 1732 1674 suis,
1747 1593 1861 1678 digne-

490 1695 579 1758 mini
595 1695 782 1780 providere,
807 1706 844 1761 ut
871 1698 905 1761 in
931 1698 1067 1779 sonna;
1093 1697 1250 1782 qnodque
1276 1697 1441 1763 beneficia
1468 1705 1503 1762 et
1528 1698 1770 1782 expectativas,
1796 1720 1861 1783 que

490 1798 638 1878 obtinet,
656 1799 689 1862 in
701 1800 975 1866 vicecancellaria
991 1802 1178 1888 exprimere
1194 1804 1328 1881 valeat;
1345 1807 1381 1866 et
1396 1800 1551 1866 omnibus
1566 1821 1634 1866 non
1651 1801 1862 1866 obstantibus

491 1911 562 1967 050.
579 1942 622 1950 -
639 1900 716 1968 Fiat
732 1902 773 1969 R.

537 2046 646 2105 2143.
673 2038 761 2105 Item
788 2062 883 2127 supp.
909 2042 998 2108 idem
1024 2065 1093 2123 rex,
1118 2053 1210 2128 quat.
1236 2043 1375 2129 [clerico
1399 2064 1460 2109 sno
1485 2043 1602 2129 Petro]
1624 2044 1861 2125 Holtencrues,

492 2143 658 2208 Leodien.
674 2144 773 2225 dioc,
789 2144 831 2210 de
846 2148 924 2211 ben.
941 2148 1023 2213 eccl.
1040 2168 1069 2213 c.
1086 2168 1115 2213 c.
1130 2149 1185 2212 vel
1202 2169 1227 2213 5.
1243 2167 1284 2228 0.,
1299 2168 1372 2213 vac.
1398 2150 1452 2212 vel
1478 2156 1599 2227 vacat,
1616 2155 1791 2233 spectante
1817 2147 1860 2213 ad

493 2248 726 2328 collationem,
742 2257 808 2314 etc.
836 2249 967 2315 abbatis
991 2251 1158 2331 secularis,
1186 2251 1268 2316 alias
1292 2251 1452 2336 prepositi
1481 2250 1520 2316 B.
1546 2249 1596 2316 M.
1624 2250 1860 2336 TrajectensiS,

491 2351 587 2416 dicte
603 2351 700 2431 dioc,
710 2351 891 2437 dignemini
908 2354 1094 2438 providere,
1107 2363 1144 2421 ut
1160 2356 1194 2419 in
1210 2356 1316 2422 forma
1329 2378 1337 2436 ;
1352 2356 1510 2439 quodque
1518 2356 1683 2421 beneficia
1697 2365 1731 2421 et
1741 2378 1861 2442 expec-

490 2455 621 2520 tativas
636 2455 669 2518 in
680 2455 879 2521 cancellaria
890 2458 1077 2542 exprimere
1088 2460 1201 2524 valeat
1220 2467 1275 2539 ;et
1285 2459 1405 2525 ceteris
1415 2480 1484 2525 non
1496 2462 1583 2526 obst.
1599 2499 1642 2508 —
1653 2459 1729 2525 Fiat
1738 2468 1803 2526 etc.
1821 2460 1861 2525 R.

538 2558 619 2622 Dat.
636 2559 734 2623 Avin.
753 2580 771 2641 3
788 2559 854 2625 kal.
870 2560 951 2625 febr.
967 2568 1001 2625 a⁰
1018 2569 1059 2641 9⁰.
1077 2563 1154 2645 (20,
1174 2583 1190 2647 5
1196 2565 1270 2647 5⁰).⁴

544 2696 691 2779 2144.
1509 2732 1604 2795 1351,
1622 2733 1662 2774 22
1673 2710 1817 2792 janm'er.

536 2818 640 2901 Supp.
666 2816 787 2896 Guido,
815 2816 1007 2881 Portuensis
1033 2816 1210 2902 episeopus
1226 2828 1248 2897 ²,
1273 2826 1364 2901 quat.
1388 2837 1466 2882 cum
1493 2814 1712 2881 canonicatus
1738 2824 1772 2880 et
1788 2837 1861 2901 pre-

490 2919 607 2985 benda
623 2920 764 3006 ecclesie
780 2918 1007 2998 Cameracen,
1023 2918 1066 2984 de
1081 2920 1201 3003 quibus
1224 2926 1305 2985 tunc
1318 2940 1377 3005 per
1393 2922 1447 2985 ob.
1459 2918 1592 2983 Renerii
1609 2918 1651 2982 de
1668 2916 1841 2997 RicasuliS,
1851 2928 1868 3011 ³⁴

490 3034 528 3090 ut
545 3023 754 3104 credebatur,
783 3045 869 3104 vac,
885 3024 1045 3108 magistro
1072 3024 1254 3090 Guillelmo
1281 3023 1424 3109 Coynde
1436 3040 1458 3104 ⁴,
1475 3043 1564 3107 mag.
1581 3022 1615 3087 in
1639 3030 1700 3089 art.
1714 3022 1862 3107 jurisque

488 3126 613 3213 perit0,
631 3127 770 3210 antiquo
796 3128 972 3212 capellano
997 3127 1217 3192 commensali
1245 3148 1305 3193 suo
1332 3126 1525 3212 providerit,
1541 3146 1610 3191 non
1635 3134 1769 3206 vacent,
1786 3146 1862 3191 cunr

491 3232 582 3295 idem
599 3229 762 3295 Renerius
779 3230 889 3295 adhuc
905 3231 1008 3310 vivat,
1032 3231 1227 3315 nullumque
1256 3230 1345 3295 idem
1363 3230 1562 3294 Guillelmus
1577 3238 1755 3315 propterea
1771 3251 1862 3294 com·

491 3335 633 3399 modum
643 3334 771 3413 habuit,
779 3334 837 3399 sed
849 3334 980 3399 labores
996 3335 1107 3419 potius
1123 3344 1157 3399 et
1174 3355 1338 3420 expensas
1351 3358 1359 3414 ;
1374 3333 1484 3399 eidem
1500 3336 1660 3422 episcopo
1672 3334 1705 3397 in
1718 3354 1861 3419 persona

494 3439 597 3524 ipsius
614 3437 782 3502 Guillelmi
800 3438 980 3522 specialem
996 3438 1138 3520 gratiam
1154 3438 1327 3518 facientes
1344 3437 1405 3502 sibi
1421 3437 1463 3502 de
1480 3447 1600 3503 canet
1615 3440 1708 3523 preb.
1721 3438 1861 3503 ecclesie

491 3541 757 3620 claromonten,
774 3563 833 3626 per
849 3545 903 3607 ob.
920 3541 1009 3605 Petri
1027 3541 1203 3621 Senccerii,
1231 3542 1400 3625 quondam
1426 3543 1575 3625 magistri
1593 3544 1722 3628 capelle
1739 3551 1859 3622 vestre,

491 3647 545 3730 qui
564 3643 655 3728 apud
670 3642 785 3708 sedem
801 3652 909 3728 apost.
925 3644 1078 3723 decessit,
1095 3666 1180 3723 vac,
1204 3644 1387 3729 dignemini
1404 3645 1579 3729 providere
1596 3670 1603 3726 ;
1622 3647 1766 3711 maxime
1783 3667 1859 3711 curn

493 3746 583 3811 idem
600 3746 799 3811 Guillelmus
826 3767 900 3812 can.
926 3751 985 3812 sub
1013 3769 1089 3833 exp.
1116 3751 1209 3833 preb.
1226 3757 1260 3813 et
1276 3749 1440 3813 corariam
1457 3769 1555 3834 supra
1571 3770 1696 3828 corum,
1720 3771 1803 3834 quos
1826 3750 1859 3812 in

492 3850 566 3936 ipsa
582 3851 726 3916 ecclesia
743 3850 994 3916 claromonten.
1012 3852 1153 3931 obtinet,
1171 3861 1247 3938 post
1263 3852 1509 3918 assecutionem
1537 3855 1727 3938 hujusmodi
1743 3854 1858 3938 gratie,

491 3954 635 4019 omnino
650 3954 818 4019 dimittere
835 3955 877 4018 sit
893 3964 1026 4039 paratus
1042 3978 1051 4034 ;
1072 3976 1149 4020 curn
1166 3956 1379 4041 expressione
1395 3956 1728 4042 archipresbiteratus
1745 3957 1859 4021 Libra-

487 4059 598 4123 tensis
623 4060 737 4138 curati,
765 4069 800 4124 et
827 4060 968 4124 aliorum
992 4061 1233 4127 beneficiorum
1261 4082 1324 4145 que
1350 4061 1490 4140 obtinet,
1525 4061 1558 4125 in
1583 4061 1858 4127 vicecancellaria

487 4169 607 4228 vestra
623 4163 834 4247 singulariter
850 4164 1002 4256 facienda
1021 4188 1029 4244 ;
1047 4186 1124 4230 cum
1140 4165 1213 4230 aliis
1227 4185 1296 4230 non
1313 4167 1398 4231 obst.
1414 4201 1457 4210 -
1473 4163 1549 4228 Fiat
1566 4164 1606 4231 R.

535 4266 621 4331 Dat.
636 4266 736 4332 Avin.
758 4287 791 4330 11
812 4267 879 4333 lral.
897 4268 977 4333 febr.
994 4276 1029 4333 a⁰
1046 4277 1088 4349 9⁰.
1106 4270 1183 4353 (20,
1201 4269 1285 4353 43⁰).

543 4406 690 4489 2145.
1537 4442 1632 4506 1351,
1650 4446 1668 4506 ,1
1676 4423 1818 4509 saturier.

536 4526 642 4610 Supp.
658 4526 849 4591 Amalricus
865 4526 975 4591 dictus
991 4526 1033 4590 de
1050 4525 1153 4607 Crati,
1170 4526 1277 4607 miles,
1305 4534 1396 4611 quat.
1416 4525 1616 4612 [Guillelmo
1631 4525 1699 4591 dou
1716 4524 1860 4610 Franoy,

484 4628 636 4715 clerico]
665 4628 852 4695 Tomacen.
877 4629 975 4709 dioc,
1000 4629 1042 4694 de
1069 4650 1143 4695 can.
1171 4635 1231 4696 sub
1259 4652 1335 4717 exp.
1361 4634 1452 4717 preb.
1478 4631 1618 4696 ecclesie
1643 4631 1674 4695 S.
1703 4631 1791 4695 Petri
1817 4631 1858 4696 de

538 4836 620 4901 Dat.
643 4837 743 4902 Avin.
761 4857 777 4901 2
794 4857 874 4901 non.
891 4837 971 4902 febr.
988 4844 1022 4902 a⁰
1039 4845 1081 4917 9⁰.
1098 4841 1175 4921 (20,
1192 4840 1276 4923 46⁰).

529 4980 555 5036 a)
572 4976 631 5025 eod.
644 4976 752 5025 caleto.

532 5126 622 5174 l.Voir
634 5141 659 5175 n.
672 5128 727 5186 217,
740 5129 794 5188 553,
804 5131 857 5188 771,
872 5130 925 5187 830,
940 5131 992 5188 810,
1008 5131 1076 5188 1161,
1090 5130 1161 5177 2117.
1173 5155 1205 5162 -
1217 5130 1240 5176 2.
1253 5128 1312 5190 Guy
1321 5128 1354 5178 de
1367 5129 1503 5191 Boulogne,
1516 5128 1684 5177 0005161600
1698 5129 1759 5175 titre
1771 5127 1802 5175 de
1816 5129 1860 5176 δ”·

498 5197 582 5249 Cecile
594 5214 626 5248 en
640 5201 703 5249 1350
713 5201 817 5264 (Eubel,
832 5203 852 5250 1.
866 5205 914 5264 17),
925 5231 954 5238 -
967 5204 989 5252 3.
1008 5203 1070 5250 Voir
1081 5217 1106 5250 n.
1120 5203 1191 5250 1056.
1203 5230 1235 5236 -
1247 5203 1269 5251 4.
1281 5202 1343 5251 Voir
1355 5217 1380 5253 n.
1394 5205 1447 5263 150,
1460 5204 1514 5263 982,
1529 5203 1600 5252 1092.
