4650 6059
948 811 1035 881 1344,
1059 811 1093 873 1'8
1111 810 1239 891 janvier.
1716 816 1775 880 143

432 963 589 1028 Donatiani
620 963 813 1049 BrugensiS,
843 963 1032 1030 Tomacen.
1068 963 1166 1042 dioc,
1192 963 1417 1041 ecclesiarum,
1453 985 1536 1047 quos
1563 967 1770 1047 obtinebant,

432 1068 623 1133 intendentes
653 1068 728 1133 illos
743 1068 786 1134 ad
810 1068 953 1134 invicem
979 1076 1179 1153 pennutare,
1204 1067 1237 1131 in
1264 1068 1418 1132 manibus
1440 1068 1480 1133 R.
1507 1069 1542 1133 P.
1559 1069 1648 1134 dom.
1676 1069 1774 1154 G(ui=

431 1171 527 1252 donis),
552 1173 609 1237 tit.
635 1172 669 1237 S.
697 1172 822 1238 Cecilie
847 1174 955 1257 presb.
981 1171 1082 1250 card,
1107 1192 1149 1235 ex
1173 1192 1274 1236 causa
1291 1172 1547 1257 permutationis
1574 1173 1772 1257 hujusmodi,

389 1293 396 1302 ·
432 1277 661 1360 resignaverint,
678 1285 713 1340 et
729 1275 818 1341 idem
835 1273 876 1340 R.
894 1275 929 1340 P.
945 1275 1187 1360 resignationes
1202 1274 1390 1359 hujusmodi
1418 1275 1459 1340 de
1484 1278 1646 1342 mandato
1662 1288 1774 1345 vestro

431 1380 592 1465 receperit;
620 1379 806 1464 dignemini
831 1379 984 1463 predicto
1008 1379 1148 1444 domino
1174 1378 1356 1462 J(olranni)
1373 1379 1462 1444 card.
1489 1379 1531 1444 de
1547 1380 1721 1463 decanatu,
1739 1392 1773 1447 et

363 1539 365 1543 ,
433 1482 565 1570 Philippo
579 1484 624 1549 de
642 1505 718 1551 can.
735 1491 770 1549 et
786 1488 877 1570 preb.
893 1483 1061 1570 predictis,
1071 1483 1258 1568 providere,
1275 1483 1378 1546 etiam
1395 1483 1420 1547 si
1437 1483 1630 1565 decanatus,
1643 1506 1683 1551 ac
1699 1508 1772 1552 can.

432 1597 454 1651 et
465 1591 550 1674 preb.
564 1588 721 1674 predicti,
738 1591 792 1653 rel
808 1610 923 1655 eorum
940 1589 1035 1665 alter,
1046 1586 1112 1651 sint
1128 1586 1212 1650 alias
1223 1586 1412 1670 specialiter
1422 1587 1475 1649 vel
1491 1589 1691 1671 generaliter
1703 1590 1772 1655 sedi

431 1702 517 1776 apost.
529 1692 693 1757 reservati
711 1715 719 1771 ;
736 1713 804 1757 uon
826 1696 911 1758 obst.
926 1690 1098 1756 beneficiis
1114 1711 1179 1774 que
1194 1690 1363 1774 predictus
1389 1690 1479 1755 dom.
1496 1690 1526 1767 J.
1544 1693 1673 1757 obtinet
1689 1717 1697 1772 ;
1715 1716 1772 1759 seu

429 1795 499 1877 quod
523 1796 636 1861 dictus
652 1794 827 1882 Philippus
853 1817 928 1861 can.
945 1804 979 1859 et
1003 1797 1095 1879 preb.
1111 1796 1193 1859 eccl.
1211 1794 1429 1859 Carueraceu.
1446 1796 1595 1860 noscitur
1611 1796 1772 1880 obtinere,

363 1901 366 1904 ’
428 1907 452 1962 et
470 1899 577 1965 eidem
603 1899 817 1984 provideritis
843 1900 884 1965 de
912 1919 987 1964 can.
1004 1901 1064 1963 sub
1081 1919 1156 1983 exp.
1172 1900 1263 1983 preb.
1281 1898 1314 1961 iu
1340 1900 1422 1964 eccl.
1440 1898 1597 1965 Parisieu.
1613 1902 1772 1986 predicta,

427 2024 475 2085 que
498 2004 658 2089 provisio,
675 2004 923 2089 quamprimum
949 2024 1022 2068 can.
1038 2010 1073 2067 et
1089 2004 1180 2087 preb.
1207 2002 1364 2067 Parisien.
1392 2003 1617 2087 predictorum
1644 2026 1773 2089 posses-

425 2108 538 2172 sionem
554 2107 733 2193 paciiicam
750 2107 848 2172 fuerit
864 2116 1045 2187 assecutus,
1062 2107 1175 2171 existit
1188 2106 1309 2171 nullius
1325 2106 1452 2171 roboris
1469 2109 1521 2170 vel
1538 2110 1711 2174 momenti.
1730 2152 1774 2164 —

425 2210 489 2277 Fiat
503 2232 566 2298 pro
581 2221 736 2295 utroque.
754 2211 793 2277 R.
1306 2212 1309 2216 ’
1549 2211 1552 2216 ’

457 2316 533 2381 on.
549 2316 651 2381 Arin.
669 2321 706 2380 16
722 2315 790 2381 kal.
806 2316 884 2381 febr.
899 2326 933 2381 a⁰
949 2325 991 2380 2⁰.
1008 2319 1056 2399 (3,
1074 2316 1109 2380 P.
1127 2313 1173 2395 Il,
1194 2316 1284 2398 130l)

363 2487 365 2496 ’
463 2454 1729 2548 622.13,r,r,18)inrvier.

455 2574 557 2660 Supp.
574 2573 677 2639 famil.
693 2581 805 2638 vester
820 2572 947 2657 Symon
974 2570 1139 2650 Mauricii,
1158 2568 1352 2634 Parisieusis
1370 2586 1389 2647 ¹,
1407 2577 1497 2652 quat.
1514 2569 1574 2634 sibi
1591 2570 1633 2635 de
1649 2593 1722 2638 can.
1738 2583 1773 2639 et

417 2681 504 2764 preb.
520 2679 605 2743 eccl.
621 2677 653 2743 S.
671 2676 826 2762 Dyouisii
844 2675 1015 2754 Leodien.,
1032 2695 1105 2739 vac.
1120 2694 1180 2758 per
1195 2675 1248 2738 ob.
1265 2692 1353 2755 mag.
1370 2659 1471 2736 Blasii
1488 2673 1530 2738 de
1547 2672 1662 2739 Cassia
1680 2690 1700 2755 ²,
1717 2674 1771 2761 qui

413 2802 517 2868 nuper
532 2781 566 2846 in
585 2779 684 2846 Rom.
707 2801 775 2845 cur.
801 2779 892 2845 diem
919 2778 1038 2844 clausit
1063 2785 1259 2855 extrernum,
1287 2775 1395 2840 eidem
1423 2774 1562 2859 Syrnoni
1589 2777 1773 2862 dignemini

412 2885 588 2969 prouidere
604 2906 613 2964 ;
638 2904 708 2948 non
726 2886 811 2949 obst.
828 2903 1026 2968 quacunque
1051 2880 1275 2945 reservatione
1291 2879 1333 2944 de
1354 2878 1453 2943 dictis
1469 2899 1543 2943 can.
1556 2890 1590 2944 et
1607 2886 1697 2966 preb.
1714 2904 1773 2968 per

413 3010 471 3055 ros
486 3011 546 3055 seu
562 2987 815 3074 predecessores
830 2996 960 3052 vestros
976 2986 1065 3051 facta
1081 3009 1089 3065 ;
1107 3006 1164 3049 seu
1181 2984 1270 3068 quod
1287 3004 1362 3048 can.
1378 2990 1412 3046 et
1428 2985 1519 3067 preb..
1536 2986 1617 3048 eccl.
1634 2985 1665 3049 S.
1683 2985 1771 3054 Petri

415 3092 585 3173 leodien,
602 3102 638 3157 et
652 3092 823 3176 quandam
840 3094 958 3177 capell.
975 3112 1067 3176 perp.
1084 3091 1116 3153 iu
1130 3091 1213 3154 eccl.
1229 3090 1261 3152 S.
1280 3088 1367 3151 Petri
1385 3087 1427 3150 de
1445 3086 1567 3166 lusula,
1584 3088 1776 3160 Tomaceu.

414 3198 509 3269 dioc..
526 3197 677 3261 noscitur
692 3197 852 3267 obtinere.
869 3237 912 3244 —
929 3194 1005 3259 Fiat
1024 3194 1062 3258 R.

457 3300 535 3364 out.
552 3299 654 3363 Asin.
677 3320 711 3383 15
729 3298 795 3365 kal.
813 3300 893 3364 febr.
909 3309 941 3364 a¹¹
959 3309 1000 3362 2⁰.
1018 3305 1066 3381 (3,
1084 3298 1120 3361 P.
1139 3296 1183 3376 ll,
1206 3300 1306 3376 129⁸).

363 3466 367 3537 ’ἶ
464 3437 1729 3533 623·631.1344,18J'crrrarri’r.

457 3556 511 3619 Sl*
529 3556 638 3621 Pater.
655 3554 740 3619 Cum
757 3554 823 3619 dux
840 3551 1018 3617 Brabantie
1035 3552 1122 3636 apud
1132 3551 1211 3616 ἥδ’.
1225 3553 1417 3632 obtinuerit,
1428 3554 1516 3638 quod
1533 3555 1773 3618 monasterium

421 3660 446 3722 S.
459 3659 632 3724 Gertrudis
648 3657 877 3735 Lovaniensis‚
895 3655 1054 3720 Leodieu.
1067 3656 1164 3733 dioc,
1186 3656 1217 3718 in
1241 3657 1409 3721 abbatiam
1431 3658 1609 3740 erigeretur
1620 3678 1640 3735 ³,
1660 3659 1779 3741 digne--

422 3766 494 3827 ruini
525 3763 713 3829 concedere
740 3761 830 3845 quod
860 3761 962 3824 etiarn
990 3760 1177 3844 prepositus
1204 3760 1283 3824 dicti
1309 3762 1499 3825 monasterii
1529 3763 1716 3846 preticiatur
1741 3763 1771 3824 iu

422 3870 569 3933 abbatem
597 3878 631 3932 et
653 3867 713 3931 sibi
741 3887 800 3951 per
826 3865 1042 3930 diocesauum
1071 3884 1191 3926 munus
1217 3864 1461 3928 benedictionis
1490 3865 1709 3949 impendatur.
1732 3906 1774 3912 —

426 3969 492 4036 Fiat
510 3972 549 4037 R.

461 4116 543 4174 624.
561 4109 663 4193 Supp.
680 4127 754 4191 cap.
771 4114 892 4183 vester,
911 4103 1198 4169 Heuricusdictus
1210 4102 1334 4178 Coelre,
1345 4105 1386 4169 de
1402 4105 1556 4169 Bruxella
1568 4125 1588 4184 ⁴,
1605 4106 1676 4175 dee.
1693 4109 1776 4173 eccl.

428 4210 458 4275 B.
470 4211 515 4277 ll.
531 4209 846 4287 TenremoudensiS,
864 4208 1080 4273 Cameracen.
1096 4207 1193 4286 dioc,
1210 4219 1301 4292 quat.
1319 4219 1355 4272 ut
1371 4210 1491 4274 stando
1508 4211 1540 4272 in
1554 4210 1664 4275 studio
1676 4232 1776 4294 gene·

429 4317 474 4378 rali
490 4318 542 4381 vel
560 4317 593 4379 iu
612 4336 678 4379 uno
694 4317 771 4378 ben.
788 4332 921 4377 suorum
948 4311 1133 4389 residendo
1162 4312 1328 4376 fructus...
1357 4313 1506 4376 omnium
1532 4314 1672 4377 aliorum
1698 4318 1775 4381 beu.

376 4426 380 4438 “
430 4440 559 4497 suomm,
576 4441 605 4483 c.
621 4439 650 4483 c.
667 4418 720 4481 rel
737 4439 761 4481 s
779 4438 818 4495 c.,
835 4436 899 4500 que
915 4415 957 4480 ad
973 4435 1108 4500 presens
1124 4414 1254 4478 obtinet
1272 4418 1323 4479 rel
1351 4417 1382 4478 iu
1407 4425 1576 4500 posterum
1600 4417 1774 4496 obtinebit,

431 4522 557 4585 etiamsi
575 4541 678 4585 unum
696 4540 812 4584 eorum
827 4518 916 4601 dign.
934 4520 986 4582 rel
1003 4539 1087 4603 pers.
1112 4540 1140 4583 c.
1158 4540 1186 4584 c.
1204 4519 1335 4597 existat,
1346 4541 1422 4584 curu
1439 4541 1479 4583 ea
1498 4520 1687 4604 integritate
1703 4544 1775 4606 per-

433 4625 525 4708 u‘pere
541 4627 664 4704 valeat,
681 4645 757 4690 cum
774 4643 839 4707 qua
863 4623 937 4686 illos
955 4623 1141 4707 perciperet
1163 4624 1188 4687 si
1207 4624 1239 4686 iu
1258 4624 1320 4686 illis
1346 4624 1564 4707 personaliter
1589 4624 1746 4688 resideret
1767 4649 1774 4703 ;

435 4729 592 4800 cotidianis
624 4727 913 4794 distributionibus
943 4727 1101 4811 exceptis,
1134 4727 1280 4810 quaudiu
1313 4727 1381 4811 ipse
1424 4727 1553 4809 uixerit,
1593 4728 1774 4810 dignemini

382 4743 388 4900 l
437 4827 587 4918 indulgere
603 4856 611 4913 ;
630 4833 676 4898 ita
692 4831 782 4917 quod
799 4830 930 4895 interim
942 4830 983 4895 ad
999 4829 1212 4895 residendum
1225 4830 1258 4893 in
1275 4830 1373 4894 dictis
1389 4831 1589 4895 beneficiisa
1606 4843 1780 4915 quoquam-

438 4938 572 5023 compelli
588 4958 657 5002 non
674 4936 780 5022 possit
796 4958 804 5014 ;
821 4956 888 5000 non
917 4937 1002 5000 obst.
1026 4934 1051 4998 si
1080 4935 1113 4997 iu
1138 4934 1236 4998 dictis
1262 4934 1433 4999 beneficiis
1457 4956 1525 4999 non
1542 4935 1658 4999 fecerit
1683 4957 1777 5000 suam

439 5039 559 5120 primam
575 5040 794 5107 residentiam
818 5039 1039 5125 personalem.
1057 5080 1098 5088 —
1115 5038 1190 5102 Fiat
1207 5037 1249 5102 ad
1266 5037 1446 5101 triennium
1462 5037 1501 5103 R.

383 4905 388 4952 1

440 5174 672 5193 ς--ι

384 5237 389 5308 l
467 5256 1237 5320 rannus-a.rrrrscn,ruiana.--a.v0rrn.ror.-
1274 5255 1472 5303 arannem.
1543 5282 1545 5286 «

374 5353 396 5645 l
