4650 6059
482 807 540 870 154
1022 801 1109 875 1344,
1132 801 1167 865 21
1190 800 1307 866 fertior.

480 958 698 1023 sicerdotalis
708 930 751 1023 sit
763 965 797 1022 et
810 956 899 1042 quod
920 956 952 1019 in
973 955 1093 1021 eadem
1108 954 1324 1021 residentiam
1337 966 1490 1043 tempore
1502 954 1618 1024 debito
1629 978 1698 1024 non
1719 958 1846 1040 lecerit,

477 1064 574 1147 juxta
591 1069 719 1127 statuta
743 1061 883 1126 ecclesie
899 1058 1098 1145 supradicte.
1114 1100 1157 1109 -
1174 1059 1250 1124 Fiat
1265 1061 1309 1125 ad
1324 1060 1498 1125 biennium
1521 1059 1562 1127 R.

527 1167 605 1231 Dat.
622 1187 674 1251 ap.
692 1165 939 1230 Villamnovam
960 1184 996 1247 13
1013 1162 1085 1229 kal.
1095 1172 1193 1229 mart.
1205 1170 1238 1229 a⁰
1255 1170 1297 1229 2⁰.
1315 1165 1367 1247 (4,
1386 1168 1489 1248 201').

533 1319 649 1402 665.
1498 1352 1593 1417 1344,
1610 1355 1651 1399 ar
1659 1335 1803 1422 seorier.

524 1438 635 1522 Sign...
651 1436 849 1522 prepositus
866 1435 938 1500 dec.
955 1442 989 1499 et
1002 1434 1188 1519 capitulum
1200 1435 1282 1501 eccl.
1299 1443 1410 1501 vestre
1426 1434 1656 1518 Cameracen,
1667 1438 1759 1524 quod
1774 1440 1844 1525 ipsa

480 1543 562 1607 eccl.
580 1541 640 1605 luit
665 1547 700 1604 et
726 1548 787 1618 est,
804 1538 890 1604 sicut
917 1538 948 1603 S.
965 1536 1005 1603 V.
1020 1540 1107 1603 bene
1128 1538 1235 1618 novit,
1259 1559 1335 1604 cum
1352 1539 1418 1605 suis
1443 1540 1550 1621 bonis,
1566 1541 1699 1628 prediis,
1716 1563 1843 1628 posses-

480 1646 627 1710 sionibus
658 1650 692 1709 et
724 1643 861 1727 juribus,
893 1642 1147 1708 circumvallata
1184 1642 1313 1727 magnis
1350 1643 1557 1728 potentibus,
1592 1645 1648 1729 qui
1687 1654 1844 1731 potentes

480 1760 514 1813 et
545 1769 660 1813 corum
691 1746 814 1813 subditi
842 1768 882 1812 ac
909 1746 1062 1812 nonnulli
1088 1745 1154 1826 alii,
1186 1753 1221 1810 et
1250 1746 1426 1831 presertim
1451 1746 1493 1813 de
1524 1745 1682 1834 Imperio,
1714 1750 1749 1815 in
1780 1771 1844 1835 quo

482 1852 628 1937 lmperio
656 1860 706 1916 est
731 1850 856 1916 situata
886 1850 959 1935 ipsa
989 1848 1142 1930 ecclesia,
1174 1857 1208 1913 et
1239 1850 1347 1935 major
1370 1870 1447 1936 pars
1471 1852 1638 1916 bonorum
1665 1860 1701 1916 et
1723 1852 1842 1937 jurium

480 1956 628 2041 ejusdem
659 1954 799 2020 ecclesie
825 1953 988 2034 consistit,
1019 1951 1185 2018 violenter
1215 1960 1250 2017 et
1280 1952 1474 2018 immaniter
1505 1953 1576 2039 ipsa
1593 1957 1694 2036 bona,
1719 1956 1843 2042 predia,

481 2059 708 2145 possessiones
732 2065 766 2122 et
787 2057 862 2143 jura
888 2076 1064 2142 occupare,
1092 2076 1210 2141 rapere
1234 2063 1269 2121 et
1294 2055 1465 2138 invadere,
1482 2077 1523 2122 ac
1539 2057 1645 2143 ipsam
1667 2060 1845 2125 ecclesiam

483 2164 670 2249 opprimere
686 2161 780 2245 quasi
797 2161 956 2226 continue
972 2181 1041 2225 non
1057 2159 1154 2224 veriti
1170 2167 1248 2225 sunt
1263 2180 1327 2225 nec
1342 2169 1523 2241 verentur3
1542 2160 1699 2246 quodque
1715 2170 1845 2250 tempo

483 2268 572 2331 ribus
587 2286 786 2349 guerrarum,
799 2285 864 2348 que
875 2264 972 2328 annis
988 2283 1093 2349 nuper
1102 2262 1269 2349 preteritis
1281 2263 1413 2329 fuerunt
1426 2264 1513 2329 inter
1535 2263 1692 2332 dominos
1706 2265 1846 2333 Francie

484 2380 518 2435 et
534 2371 654 2453 Anglie
671 2389 764 2454 reges
779 2368 932 2449 illustres,
948 2368 1106 2453 dampna,
1123 2366 1268 2452 injurias,
1284 2368 1439 2434 incendia
1449 2377 1484 2433 et
1495 2368 1631 2454 rapinas
1645 2370 1797 2435 maxima
1813 2381 1848 2436 et

484 2474 647 2540 maximas
662 2473 724 2538 suit
748 2494 856 2559 passa,
872 2482 907 2538 et
932 2473 1042 2539 adhuc
1066 2472 1193 2558 patitur
1217 2472 1450 2557 gravissimam
1472 2473 1659 2553 lesionem;
1689 2474 1846 2560 quodque

485 2577 681 2643 fonnidatur
703 2597 747 2640 ne
763 2578 823 2663 ipsi
840 2585 1007 2664 potentes,
1024 2597 1140 2642 eorum
1168 2576 1290 2643 subditi
1315 2586 1349 2642 et
1375 2578 1441 2659 alii,
1458 2578 1665 2664 experientia
1689 2578 1846 2659 docente,

480 2683 565 2768 jura,
578 2682 824 2766 jurisdictiones
840 2682 941 2767 ipsius
953 2682 1094 2747 ecclesie
1110 2702 1275 2767 occupare
1297 2690 1333 2747 et
1347 2703 1504 2768 usurpare
1523 2691 1557 2748 et
1573 2682 1751 2768 infringere
1768 2685 1848 2749 assi·

484 2788 549 2853 due
564 2787 757 2853 moliantur.
783 2786 894 2867 Unde,
922 2786 1022 2851 Pater
1038 2787 1103 2868 8⁰¹³,
1128 2787 1238 2853 eidem
1265 2796 1376 2853 vestre
1402 2790 1496 2869 eccl,
1513 2788 1606 2873 cujus
1621 2788 1705 2854 alias
1728 2788 1763 2854 in
1779 2789 1848 2856 suis

485 2890 754 2976 oppressionibus
770 2891 876 2958 fuistis
891 2891 1055 2976 benignus
1070 2899 1252 2978 protector,
1273 2892 1452 2958 auxiliator
1465 2900 1500 2958 et
1512 2892 1654 2979 adjutor,
1679 2893 1786 2959 etiam
1813 2895 1847 2959 in

484 3002 573 3059 statu
589 2995 655 3059 alio
671 2995 883 3075 constitutus,
900 3004 935 3061 et
951 2997 984 3060 in
1002 3016 1068 3080 qua
1086 2994 1178 3060 Deus
1194 3003 1228 3059 et
1253 2994 1291 3060 B.
1307 2996 1403 3080 virgo
1418 3003 1527 3061 mater
1543 2996 1612 3081 eJ'us
1628 2997 1847 3062 celeberrime

484 3105 518 3161 et
533 3098 748 3164 devotissime
776 3102 939 3179 coluntur,
962 3100 1018 3184 pio
1039 3108 1074 3164 et
1100 3099 1363 3164 clementissimo
1387 3100 1632 3186 compatientes
1648 3099 1785 3181 aflectu,
1802 3101 1845 3166 ad

484 3202 751 3267 consolationem
777 3204 880 3289 ipsius
906 3210 1017 3268 vestre
1041 3202 1193 3282 ecclesie,
1219 3223 1284 3286 que
1308 3223 1477 3288 oppressa,
1494 3203 1619 3270 afflicta
1644 3212 1678 3268 et
1703 3211 1846 3288 gravata

484 3305 594 3370 extitit
610 3311 623 3338 ‘¹
644 3306 794 3386 nimium,
820 3306 995 3391 presertim
1020 3306 1227 3390 temporibus
1252 3326 1444 3390 guerrarum
1468 3307 1694 3392 predictarum
1707 3330 1717 3388 ;
1743 3316 1779 3373 et
1804 3308 1847 3374 ad

483 3408 688 3474 obviandum
704 3409 862 3495 predictis
878 3418 911 3474 et
928 3409 1045 3473 futuris
1070 3408 1358 3494 occupationibus
1370 3410 1506 3494 rapinis,
1523 3409 1796 3496 oppressionibus
1811 3422 1846 3476 et

484 3513 722 3594 invasionibus,
739 3523 773 3579 et
789 3535 850 3600 pro
864 3513 1058 3580 defensione
1082 3515 1246 3578 bonorum
1262 3523 1298 3577 et
1310 3514 1431 3598 jurium
1449 3535 1489 3580 ac
1504 3535 1720 3599 personarum
1744 3516 1847 3601 ipsius

484 3615 635 3694 ecclesie,
652 3615 750 3681 dictis
765 3617 906 3682 ecclesie
932 3616 1113 3703 preposito,
1130 3615 1260 3681 decano
1284 3624 1318 3681 et
1345 3617 1494 3702 capitulo
1522 3627 1778 3684 conservatores
1804 3619 1847 3684 de

483 3720 590 3803 gratia
607 3718 741 3805 speciali
769 3721 802 3785 in
830 3730 1028 3807 perpetuum
1053 3719 1239 3786 concedere
1264 3719 1447 3804 dignemini
1464 3729 1501 3785 ut
1517 3720 1550 3785 in
1576 3721 1721 3788 concilio
1744 3720 1846 3787 Vien-

485 3824 589 3889 nensi.
605 3865 648 3873 -
666 3824 805 3891 Habeat
823 3832 1077 3891 conservatores
1092 3831 1273 3910 perpetuos
1290 3824 1322 3904 in
1340 3823 1447 3889 forma
1470 3824 1602 3890 concilii
1619 3823 1822 3891 Viennensis
1837 3849 1845 3903 ;

485 3929 543 3993 sed
559 3928 591 3992 in
609 3929 673 3995 hoc
686 3929 881 4015 episcopum
897 3928 1114 3992 Cameracen.
1131 3935 1166 3991 et
1182 3927 1252 4012 ejus
1268 3925 1428 3992 officiales
1444 3935 1478 3991 et
1494 3928 1674 3993 familiares
1689 3931 1847 3995 nolumus

485 4033 735 4117 comprehendi.
753 4032 793 4097 R.

528 4134 605 4200 Dat.
621 4157 673 4220 ap.
691 4135 938 4200 Villamnovam
956 4154 973 4214 9
989 4134 1056 4199 kal.
1072 4141 1169 4198 mart.
1186 4141 1219 4198 a⁰
1236 4139 1278 4198 2⁰.
1296 4135 1347 4215 (4,
1366 4137 1468 4217 210').

535 4287 647 4370 666Ι
1495 4319 1590 4383 1344,
1608 4320 1648 4365 21
1657 4301 1801 4388 sevrier.

527 4404 614 4487 Sign.
631 4404 795 4470 Gerardus
810 4405 852 4471 de
868 4404 1031 4484 Vivario¹,
1048 4423 1123 4469 cau.
1139 4405 1221 4470 eccl.
1235 4404 1266 4468 S.
1279 4402 1427 4468 Severini
1442 4402 1628 4486 Colonien.,
1639 4405 1729 4489 quod
1739 4426 1847 4491 nuper

483 4506 502 4584 J
506 4508 656 4573 ohannes
671 4509 713 4574 de
730 4507 833 4573 Cleve
849 4530 932 4588 can,
949 4511 1040 4593 preb.
1057 4516 1091 4572 et
1107 4508 1326 4573 scolastriam.
1342 4508 1424 4572 eccl.
1439 4506 1630 4591 Maguntin.
1658 4527 1743 4591 quos
1770 4529 1846 4595 pos-

484 4610 624 4691 sidebat,
641 4621 675 4675 et
691 4612 779 4675 idem
795 4610 961 4676 Gerardus
979 4631 1054 4676 can.
1067 4619 1102 4676 et
1113 4614 1206 4696 preb.
1220 4632 1304 4695 quos
1323 4611 1356 4675 in
1376 4610 1555 4696 Rayssensi
1572 4611 1734 4691 ecclesiis,
1746 4610 1847 4679 Colo-

484 4714 572 4778 nien.
585 4714 681 4794 dioc,
689 4715 864 4779 obtinebat
875 4716 908 4779 in
919 4736 1009 4780 man.
1022 4714 1062 4781 R.
1071 4715 1107 4780 P.
1117 4717 1207 4781 dom.
1218 4714 1237 4792 J
1241 4716 1394 4796 ohannis,
1408 4716 1508 4802 episc.
1520 4713 1690 4795 portuen.
1704 4715 1735 4781 S.
1751 4716 1791 4782 R.
1807 4717 1846 4783 E.

484 4817 616 4897 card.,...
633 4837 732 4881 causa
758 4820 1044 4905 permutationis...
1062 4823 1292 4909 resignarunt;
1317 4821 1424 4907 suppl.
1442 4821 1530 4886 idem
1547 4817 1715 4886 Gerardus
1730 4830 1847 4906 quat...

515 5023 544 5083 a)
560 5022 616 5071 (lvi.
629 5023 766 5071 l‘rcscrtim
777 5025 885 5073 nimium
898 5025 1041 5088 presertim.

519 5242 539 5287 l.
552 5240 614 5289 Voir
625 5256 650 5289 n.
662 5242 719 5290 318.
