4650 6059
416 784 478 849 388
911 785 999 857 1848,
1022 782 1094 847 8-20
1116 782 1282 847 novembre.

417 919 598 1016 dignemini
621 933 663 998 de
679 954 754 1000 can.
770 943 805 999 et
820 938 912 1020 preb.
927 935 1136 999 Tornacen...
1161 952 1237 999 vac.
1254 932 1298 998 ad
1322 953 1459 1020 presens
1483 933 1626 1001 incuria
1650 957 1716 1021 ρεττ

419 1034 508 1100 dom.
526 1024 754 1102 Francisci'de
771 1037 920 1104 Ursinis¹
935 1061 943 1118 ;
961 1058 1028 1103 non
1046 1040 1132 1103 obst.
1148 1036 1240 1120 quod
1255 1056 1329 1102 can.
1345 1044 1381 1102 et
1392 1041 1485 1124 preb.
1502 1040 1585 1120 eccl.
1601 1038 1633 1105 S.
1650 1038 1716 1123 Gaul

417 1138 475 1203 rici
491 1138 664 1220 Altrensis,
681 1138 1000 1221 Cameracendioc,
1016 1140 1166 1205 noscitur
1189 1140 1351 1206 obtinere.
1366 1180 1410 1192 —
1426 1140 1505 1207 Fiat
1521 1141 1563 1207 R.

461 1242 541 1308 Dat.
555 1243 657 1310 Avin.
676 1248 693 1308 6
709 1243 754 1309 id.
770 1265 849 1311 nov.
865 1252 900 1310 a⁰
918 1252 959 1328 7⁰.
973 1246 1044 1329 (16,
1062 1247 1125 1327 bl).

470 1379 767 1463 1451-1452.
1401 1399 1716 1481 maenomenon

461 1495 727 1563 Permutationes
742 1504 763 1563 ⁸.

462 1598 597 1665 Placeat
613 1599 644 1665 S.
661 1600 723 1667 V...

462 1703 550 1769 Item
565 1705 663 1769 simili
677 1705 781 1772 modo
798 1705 950 1771 Waltero
964 1705 1006 1771 de
1026 1704 1263 1770 Hemmetines
1274 1722 1296 1787 2,
1313 1707 1478 1773 canonico
1494 1708 1637 1774 ecclesie
1648 1710 1716 1773 Ant]

418 1807 552 1888 niensis,
569 1808 784 1875 Cameracen.
800 1808 898 1888 dioc,
914 1807 1096 1893 dignemini
1124 1808 1300 1894 providere
1323 1809 1367 1875 de
1389 1830 1463 1877 can.
1479 1820 1514 1876 et
1529 1814 1624 1896 preb.
1639 1814 1716 1879 eccle

417 1908 652 1991 Cennacensis,
669 1910 829 1977 leodien.
850 1910 948 1991 dioc,
964 1912 1162 1978 vacantibus
1188 1932 1248 1997 per
1274 1913 1415 1979 liberam
1440 1915 1703 1999 resignacionem

416 2015 569 2081 manibus
586 2014 627 2081 R.
643 2014 680 2082 P.
692 2015 783 2082 dom.
799 2014 980 2096 Guillelmi,
986 2016 1087 2082 electi
1102 2014 1457 2102 Tricastrini],factam
1472 2025 1508 2083 et
1522 2017 1716 2085 admissam

415 2127 666 2201 procuratorem
678 2119 768 2185 dom.
784 2118 904 2196 Jacobi
920 2118 963 2184 de
985 2119 1061 2184 filiis
1079 2119 1170 2201 Ursi,
1182 2120 1269 2186 sedis
1290 2120 1476 2207 apostolice
1498 2122 1675 2208 capellani,
1695 2126 1716 2188 o

418 2221 566 2305 ejusdem
590 2224 732 2289 ecclesie
747 2224 899 2290 canonici
914 2223 1123 2310 prebendati.

461 2367 566 2426 1452.
584 2359 713 2425 Item...
728 2360 907 2447 Radulpho
924 2360 1013 2426 Ruffi
1029 2360 1072 2426 de
1083 2360 1315 2447 Ambigniaco,
1332 2363 1455 2429 clerico
1470 2362 1716 2432 Laudunendir

415 2464 597 2548 dignemini
627 2465 802 2549 providere
818 2464 860 2530 de
887 2464 1073 2550 capellania
1088 2486 1181 2551 perp.
1198 2465 1263 2531 sita
1285 2465 1318 2530 in
1339 2466 1422 2532 eccl.
1439 2466 1470 2531 S.
1486 2466 1716 2555 WalburgisE

414 2568 535 2652 gensis,
559 2568 746 2635 Tomacen.
767 2568 866 2648 dioc,
892 2589 965 2634 vac.
991 2589 1053 2654 per
1076 2569 1214 2634 liberam
1234 2569 1494 2654 resignationem
1519 2571 1552 2636 in
1569 2573 1716 2638 manibus

415 2690 514 2758 supra
543 2672 670 2739 factam
686 2672 777 2739 Petri
800 2672 882 2738 dicti
899 2672 1022 2738 Chasle
1033 2683 1055 2754 ³,
1078 2673 1159 2738 olim
1172 2673 1263 2740 dicte
1288 2675 1473 2759 capellanie
1493 2677 1712 2763 capellanum.

415 2774 650 2947 Fllaltaffllvin.
668 2886 686 2946 6
702 2881 747 2947 id.
762 2901 841 2947 nov.
857 2887 891 2945 a⁰
909 2887 951 2964 7⁰.
968 2882 1039 2964 (16,
1059 2881 1140 2965 13').

466 3017 607 3102 1453.
1375 3032 1470 3115 1348,
1487 3053 1530 3096 20
1546 3036 1716 3100 novembro.

454 3136 555 3221 Supp.
586 3134 759 3213 Johannes
789 3132 1009 3218 Carpentarii,
1041 3133 1124 3198 alias
1154 3133 1197 3198 de
1229 3133 1487 3214 Havraincourt,
1516 3140 1716 3222 presbiter,‹

410 3241 552 3306 vicarius
576 3241 609 3303 in
634 3240 716 3304 eccl.
732 3237 920 3302 Tomracen.
936 3257 995 3322 per
1022 3235 1141 3302 decern
1170 3257 1276 3302 annos
1301 3246 1335 3302 et
1359 3239 1444 3303 ultra
1468 3239 1559 3306 horis
1586 3242 1705 3308 diurnis

409 3344 581 3409 nocturnis
596 3342 738 3407 eandem
762 3340 939 3405 ecclesiam
952 3341 1075 3425 jugiter
1097 3340 1341 3423 frequentando
1365 3342 1591 3428 continueque
1608 3346 1716 3412 etlam

408 3448 518 3512 biliter
534 3445 703 3512 cantando
718 3452 753 3509 et
768 3443 910 3527 legendo
926 3444 959 3507 in
976 3444 1104 3523 eadem,
1120 3464 1184 3509 nec
1200 3452 1313 3529 potest
1328 3444 1340 3480 n
1356 3465 1416 3530 per
1438 3444 1607 3513 decanum
1630 3457 1664 3515 et
1678 3469 1716 3532 caj

409 3551 517 3615 tulum
532 3571 591 3615 seu
606 3549 787 3633 singulares
805 3548 988 3613 canonicos
1003 3548 1152 3633 ejusdem
1169 3548 1311 3613 ecclesie
1326 3546 1360 3613 in
1376 3569 1519 3634 quorum
1534 3553 1715 3637 provision(

409 3655 436 3719 si
452 3655 513 3721 sibi
528 3654 712 3741 providisse
728 3651 870 3718 comode
886 3651 1084 3738 potuissent,
1097 3652 1210 3717 extitit
1234 3653 1268 3716 in
1284 3652 1376 3718 dicta
1392 3654 1545 3735 ecclesia,
1561 3676 1626 3723 nec
1642 3657 1714 3723 alibi

408 3758 714 3825 remunerationem
730 3756 942 3821 servitiorum
959 3755 1006 3820 eis
1017 3763 1052 3820 et
1064 3754 1153 3821 dicte
1167 3756 1308 3821 ecclesie
1318 3756 1545 3843 impensorum
1555 3781 1616 3846 per
1626 3760 1716 3826 eunde

406 3862 606 3942 beneficiari,
623 3858 881 3946 impetrantibus
892 3865 926 3921 et
936 3856 1101 3922 beneficia
1117 3858 1343 3924 ecclesiastica
1359 3858 1403 3924 ad
1418 3879 1535 3925 eorum
1551 3864 1716 3929 collatione

407 3964 596 4050 spectantia
613 3973 647 4029 et
663 3963 839 4049 cujuslibet
866 3963 1049 4028 eorundem
1072 3961 1330 4047 expectantibus
1352 3965 1575 4049 obstantibus,
1600 3978 1715 4054 quats

407 4070 588 4154 specialem
602 4068 746 4153 gratiam
762 4066 923 4132 iacientes
938 4065 981 4130 de
996 4068 1072 4130 ben.
1085 4066 1168 4130 eccl.
1184 4086 1213 4131 c.
1226 4086 1255 4132 c.
1271 4067 1326 4131 vel
1342 4088 1369 4133 s.
1385 4088 1414 4134 c.
1426 4077 1602 4154 spectante
1618 4092 1716 4139 comm

406 4172 493 4236 niter
508 4172 563 4235 vel
579 4172 712 4236 divisim
726 4170 770 4236 ad
784 4171 1001 4236 collationem
1017 4178 1082 4235 etc.
1098 4170 1257 4255 episcopi,
1281 4171 1400 4236 decani
1425 4181 1461 4237 et
1477 4175 1614 4259 capituli
1638 4197 1677 4242 ac
1698 4175 1716 4241 si

406 4276 557 4358 gulosum
574 4275 812 4339 canonicorum
825 4282 860 4338 et
872 4274 1074 4358 singularum
1085 4294 1303 4360 personarum
1313 4274 1404 4340 dicte
1414 4277 1556 4343 ecclesie
1568 4278 1716 4346 Tornace:

406 4380 508 4443 etiarn
525 4378 550 4443 si
567 4378 600 4441 in
617 4378 800 4444 cathedrali
817 4380 958 4443 ecclesia
982 4380 1103 4444 existat
1127 4400 1184 4444 seu
1208 4379 1333 4444 vicaria
1359 4380 1468 4463 suerit,
1493 4382 1605 4449 eidem
1618 4383 1638 4461 J
1642 4384 1716 4450 ohan

436 4585 464 4644 a)
478 4583 512 4631 Ce
524 4588 577 4630 mot
589 4586 627 4631 cst
640 4580 703 4632 ecrit
715 4598 746 4632 en
759 4598 852 4643 mange.
860 4611 892 4618 —
903 4584 933 4644 b)
947 4584 995 4631 Les
1006 4591 1073 4631 mots
1085 4599 1089 4630 :
1099 4584 1184 4631 amitit
1198 4585 1224 4631 in
1236 4582 1306 4631 {licta
1318 4584 1430 4643 eeclesia,
1443 4584 1580 4636 ‹levmient
1592 4592 1663 4639 venir
1673 4585 1716 4652 opn'

403 4659 430 4704 ia
442 4655 536 4705 erdere.

436 4852 456 4898 l.
469 4850 530 4897 Voir
539 4866 563 4900 τι.
577 4854 646 4899 1180.
658 4879 689 4886 -
701 4854 723 4899 2.
732 4851 848 4898 ll'uutier
857 4849 888 4897 de
897 4850 1062 4912 Hcmptinnc,
1073 4850 1113 4896 fils
1123 4849 1247 4897 d'Arnoul
1266 4850 1297 4899 de
1311 4852 1475 4915 Homptinne,
1491 4855 1532 4903 int
1550 4861 1716 4905 succesit-eme

401 4940 434 4971 ou
446 4925 656 4974 sirmitanement
667 4923 728 4973 cure
738 4925 770 4972 de
782 4925 854 4982 Loer,
866 4924 1145 4984 chunoined'Antoing,
1158 4924 1190 4972 de
1201 4925 1287 4987 Ciucy,
1298 4926 1330 4975 de
1339 4928 1363 4975 S.
1376 4927 1526 4978 anbcrtb
1538 4929 1622 4993 Libge,
1633 4929 1716 4994 preren

402 5000 425 5046 S.
434 4998 619 5056 learnbcoliure
636 4998 667 5045 de
684 4999 707 5046 S.
721 4997 892 5057 Bartlrclomy.
906 4995 971 5044 ebbe
988 4998 1020 5044 de
1034 4997 1116 5052 Melie.
1127 5012 1267 5058 procureur
1279 5000 1312 5047 du
1325 5000 1439 5050 cardinal
1453 5002 1559 5053 Nicolas
1569 5005 1602 5054 de
1612 5001 1716 5054 Beana

400 5086 444 5118 son
456 5071 633 5120 archidiacone
645 5073 676 5119 de
689 5072 804 5119 Condroz
817 5071 863 5132 (cf.
878 5072 915 5119 Dc
929 5070 1097 5122 lticmneckcr.
1112 5071 1227 5119 Histoire
1239 5079 1260 5121 et
1274 5072 1416 5137 premanere
1427 5076 1458 5124 de
1470 5076 1496 5124 la
1503 5078 1613 5139 snorrille
1624 5079 1653 5127 de
1663 5076 1716 5133 Hem,

398 5146 472 5201 tione,
486 5146 567 5204 (land,
582 5146 665 5203 bilsen,
680 5147 748 5202 1894,
762 5159 804 5207 pp.
817 5146 887 5192 29-31
903 5145 953 5200 3dc
966 5146 1060 5203 'l'lneruc
1074 5147 1107 5207 11,
1123 5149 1152 5193 91
1168 5148 1285 5207 3Kirsch,
1300 5148 1376 5207 In'ull„
1387 5151 1441 5209 343,
1457 5152 1506 5200 360
1518 5166 1524 5211 ;
1537 5153 1659 5213 Annales,
1672 5151 1688 5200 l.
1698 5145 1716 5193 ἕ

400 5216 516 5276 Berlicrc,
530 5219 627 5267 Iarurot.
639 5219 745 5281 analyt,
758 5232 783 5267 11.
795 5221 846 5276 leo,
858 5220 912 5276 619,
926 5217 993 5274 631).
1005 5246 1036 5254 -
1048 5222 1070 5267 3.
1084 5219 1145 5267 Voir
1157 5236 1181 5269 11.
1195 5223 1249 5270 ult.
