4650 6059
880 783 967 857 1349,
990 782 1078 847 21-26
1100 782 1261 848 decembre.
1685 785 1746 853 485

462 936 536 1001 esiis
550 942 574 1015 ⁸,
599 933 760 999 Leodien.
785 932 883 1013 dioc,
907 932 1127 998 canonicatus
1153 942 1189 998 et
1211 931 1399 1018 prebendas
1414 934 1565 1000 obtinere
1579 944 1747 1018 noscatur,

462 1064 467 1104 3
485 1061 561 1106 can.
578 1048 613 1104 et
627 1041 720 1125 preb.
737 1037 877 1103 ecclesie
902 1037 933 1102 S.
951 1036 1046 1102 Pauli
1061 1036 1151 1102 idem
1168 1036 1335 1103 Waltenrs
1350 1046 1486 1125 paratus
1502 1040 1553 1104 est
1568 1038 1746 1121 dimittere,

479 1145 595 1228 vigore
620 1143 716 1226 hujus
741 1141 847 1225 gratie
871 1160 945 1205 can.
961 1148 996 1205 et
1011 1143 1103 1226 preb.
1119 1140 1271 1227 predicte
1286 1142 1427 1208 ecclesie
1443 1142 1474 1208 S.
1492 1142 1634 1209 Dionisii
1650 1143 1748 1210 fuerit

464 1248 632 1313 essionem
648 1247 789 1333 pacifice
804 1254 984 1311 assecutus.
1000 1286 1043 1296 -
1060 1245 1136 1311 Fiat
1153 1246 1193 1312 R.

463 1372 519 1415 ern
546 1371 642 1436 supp.
667 1358 758 1435 quat.
785 1370 858 1415 can.
874 1357 909 1414 et
924 1352 1014 1435 preb.
1039 1350 1179 1415 ecclesie
1204 1351 1235 1416 S.
1261 1350 1355 1415 Pauli
1383 1350 1560 1436 predictos,
1588 1371 1664 1416 cum
1689 1372 1749 1437 per

462 1475 487 1520 rs
512 1453 653 1519 Walteri
680 1453 907 1519 dimissionem
932 1456 1112 1534 vacabunt,
1139 1461 1177 1519 ut
1200 1453 1373 1539 prefertur,
1399 1474 1461 1520 suo
1483 1454 1609 1519 vicario
1632 1453 1665 1518 in
1689 1475 1749 1520 suo

462 1557 663 1622 idiaconatu
685 1556 856 1637 Leodien.,
877 1556 1037 1641 magistro
1061 1555 1228 1623 Franconi
1244 1556 1286 1622 de
1302 1556 1497 1637 Gemblaco,
1521 1557 1712 1643 jurisperito
1728 1566 1748 1638 ¹,

462 1661 610 1726 ⁷erendos
634 1660 812 1726 donacioni
839 1669 946 1746 apost.
973 1659 1155 1745 dignemini
1185 1681 1363 1742 reservare,
1388 1682 1466 1727 cum
1497 1661 1651 1727 omnibus
1681 1680 1749 1725 non

464 1765 632 1829 antibus..
649 1773 685 1829 ut
701 1785 820 1850 supra;
838 1786 906 1829 non
923 1767 1009 1830 obst.
1026 1764 1126 1848 quod.
1143 1785 1216 1832 can.
1233 1774 1267 1831 et
1289 1768 1380 1852 preb.
1404 1765 1545 1831 ecclesie
1560 1764 1592 1829 S.
1609 1764 1749 1830 Dionisii

462 1868 548 1934 dien.
566 1888 606 1934 ac
621 1869 756 1954 paroch.
782 1869 958 1934 ecclesiam
973 1869 1015 1934 de
1031 1868 1168 1949 TorbeS,
1184 1868 1274 1934 dicte
1290 1868 1451 1934 Leodien.
1478 1867 1576 1948 dioc,
1599 1868 1750 1934 obtinere

462 1982 556 2038 atur.
572 2012 615 2022 -
632 1971 707 2037 Fiat
724 1972 764 2038 R.

462 2086 512 2141 at.
528 2076 628 2141 Avin.
642 2096 660 2141 2
677 2075 721 2141 id.
736 2076 809 2142 dec.
826 2084 859 2141 a⁰
875 2079 918 2142 8⁰.
934 2076 946 2111 '²
963 2077 1035 2161 (18,
1055 2079 1157 2161 135').

469 2211 584 2294 862.
1359 2244 1454 2309 1549,
1471 2247 1511 2291 21
1529 2228 1707 2292 decembre.

462 2348 536 2414 rpp.
562 2328 691 2408 Petrus,
703 2329 881 2415 episcopus
907 2327 1161 2394 Claromonten.
1174 2346 1194 2405 ²,
1210 2335 1300 2413 quat.
1320 2326 1512 2413 [capellano
1539 2338 1573 2395 et
1597 2330 1750 2396 familiari

475 2432 638 2498 continuo
662 2431 827 2518 Johanni]
856 2431 899 2497 de
924 2431 1052 2497 Roseto
1078 2432 1120 2497 de
1146 2452 1221 2497 can.
1248 2439 1283 2496 et
1308 2434 1401 2517 preb.
1428 2434 1568 2499 ecclesie
1589 2434 1620 2499 S.
1637 2434 1752 2500 Crucis

462 2556 607 2601 reracen.
631 2556 704 2602 vac.
728 2538 762 2601 in
790 2536 881 2603 curia
909 2535 1007 2601 Rom.
1022 2556 1083 2622 per
1098 2538 1152 2602 ob.
1179 2534 1299 2612 Jacobi
1315 2536 1357 2601 de
1373 2533 1460 2602 Villa
1481 2551 1504 2619 ³,
1525 2537 1581 2622 qui
1596 2557 1702 2624 nuper
1717 2537 1750 2601 in

462 2662 480 2706 a
505 2641 595 2706 curia
621 2640 776 2722 decessit,
800 2640 982 2726 dignemini
1007 2640 1206 2726 providere;
1238 2660 1306 2705 non
1338 2643 1423 2706 obst.
1447 2640 1536 2725 quod
1567 2641 1747 2725 quamdam

462 2744 613 2809 ellaniam
628 2744 663 2809 in
689 2745 832 2811 ecclesia
848 2744 1065 2809 Cameracen.
1081 2743 1234 2809 obtineat
1248 2751 1447 2829 perpetuam
1470 2751 1504 2808 et
1524 2743 1614 2828 quod
1629 2743 1686 2809 diu
1701 2751 1751 2807 est

465 2848 497 2912 S.
514 2846 554 2913 V.
572 2847 633 2911 fuit
648 2848 708 2912 sibi
735 2849 905 2934 provisum
928 2848 971 2913 de
998 2869 1071 2914 can.
1098 2849 1158 2913 sub
1184 2868 1259 2933 exp.
1286 2847 1426 2913 ecclesie
1454 2846 1485 2913 S.
1511 2846 1692 2912 Audomari
1718 2848 1751 2911 in

462 2951 645 3031 .udomaro,
663 2949 830 3017 Morinen.
846 2952 933 3018 dioc.
949 2992 992 3001 —
1010 2950 1088 3016 Fiat
1113 2950 1175 3017 R...

462 3064 515 3119 lat.
531 3055 632 3119 Avin.
653 3075 689 3119 12
706 3054 771 3120 kal.
785 3056 912 3139 januar.
928 3063 961 3119 a⁰
978 3057 1020 3119 8⁰.
1038 3056 1109 3138 (18,
1131 3055 1218 3136 111).

463 3192 587 3278 863.
1361 3224 1455 3288 1549,
1473 3226 1513 3287 ²4
1531 3207 1709 3270 decembre.

462 3310 538 3376 [otu
569 3310 703 3395 proprio
733 3329 939 3374 reservamus
970 3328 1042 3373 can.
1070 3316 1105 3372 et
1120 3310 1213 3393 preb.
1245 3307 1385 3372 ecclesie
1415 3306 1640 3390 Cameracen.,
1672 3328 1754 3393 quos

462 3415 576 3500 lippuS,
604 3415 731 3479 electus
762 3411 966 3477 Noviomen.
987 3425 1009 3490 ⁴,
1040 3411 1073 3474 in
1105 3410 1224 3475 eadem
1255 3411 1336 3476 eccl.
1364 3412 1505 3492 obtinet,
1535 3412 1753 3477 conferendos

462 3519 552 3584 rardo
569 3518 682 3602 Gayte
703 3532 724 3598 ⁵,
741 3539 816 3583 can.
843 3516 1104 3596 claromonten,
1122 3537 1198 3582 cum
1211 3519 1377 3581 vacabant
1392 3537 1452 3602 per
1467 3518 1753 3583 consecrationem

463 3623 589 3688 ielecti
613 3624 666 3685 rel
691 3643 749 3707 per
771 3623 900 3706 lapsum
922 3620 1083 3705 temporis
1105 3619 1148 3685 de
1172 3620 1404 3685 consecrandis
1428 3620 1602 3705 episcopis
1618 3661 1661 3669 -
1678 3620 1753 3685 Fiat

463 3750 488 3792 u
512 3727 648 3812 proprio
672 3726 712 3790 R.

462 3839 518 3896 rat.
534 3831 634 3894 Avin.
653 3852 670 3909 9
688 3829 754 3893 kal.
767 3831 896 3913 januar.
913 3837 946 3892 a⁰
963 3832 1004 3892 8⁰.
1022 3829 1094 3910 (18,
1116 3829 1216 3910 116V).

462 3968 591 4050 864.
1362 3995 1457 4059 1549,
1475 3978 1515 4039 26
1532 3979 1709 4042 decembre.

462 4085 537 4151 [otu
553 4084 690 4170 proprio
705 4102 909 4146 reservamus
925 4102 1008 4160 can,
1025 4084 1116 4166 preb.
1141 4102 1182 4145 ac
1204 4080 1405 4145 decanatum
1423 4079 1453 4144 S.
1471 4080 1654 4146 Donatiani
1672 4080 1752 4146 Bur-

462 4191 511 4271 sis,
536 4189 723 4254 Tomacen.
748 4186 846 4265 dioc,
871 4205 953 4268 quos
980 4185 1110 4249 obtinet
1141 4183 1324 4269 Philippus,
1352 4183 1479 4247 electus
1500 4182 1703 4250 Noviomen.
1731 4186 1752 4276 ⁶,

462 4293 615 4358 ferendos
630 4311 718 4374 mag.
736 4289 922 4373 Reginaldo
939 4287 1113 4352 Clrauvelli
1130 4305 1150 4367 ⁷,
1168 4288 1221 4352 lic.
1238 4288 1271 4351 in
1288 4288 1361 4371 leg.,
1378 4287 1500 4353 clerico
1516 4297 1549 4353 et
1566 4290 1753 4356 consiliario

468 4500 523 4549 (bd,
541 4506 567 4546 et
584 4498 675 4545 clusus.
687 4524 718 4529 —
730 4497 755 4555 bl
776 4496 815 4541 En
829 4509 931 4552 nraruc:
954 4493 1070 4541 (ln-recia
1083 4492 1144 4539 dui«
1158 4494 1166 4539 i
1170 4508 1184 4540 rr
1196 4493 1318 4554 oriqirruli
1329 4509 1376 4557 por
1387 4493 1489 4543 electum
1508 4495 1752 4557 (lirararrprrriuurtrrr

462 4577 551 4636 erepto
562 4571 657 4618 domini
669 4570 746 4615 nostri
759 4573 782 4614 et
795 4568 836 4613 loir·
844 4583 893 4629 per·
906 4581 942 4612 me
956 4566 984 4613 P.
1001 4568 1130 4613 Gerrrmni.
1142 4566 1182 4613 On
1195 4568 1265 4614 avait
1278 4569 1327 4614 mis
1338 4567 1461 4615 d'ubord:
1479 4570 1493 4614 5
1506 4568 1554 4616 cul.
1566 4568 1615 4624 seb.

472 4794 529 4840 l'oir
547 4808 572 4838 n.
594 4794 661 4838 1531.
674 4818 705 4824 -
718 4794 739 4837 2.
760 4791 843 4836 Pierio
855 4788 1055 4845 d'Aiuruiouillc,
1067 4787 1134 4835 abbe
1145 4788 1178 4835 de
1190 4788 1215 4835 la
1233 4788 1409 4847 chaire-Dion,
1428 4789 1642 4836 successivement.
1658 4785 1753 4846 erduno

463 4867 523 4916 fullo.
541 4866 573 4912 de
593 4865 696 4915 taor-es,
709 4864 740 4910 ‹le
754 4864 890 4914 Clermont,
904 4859 1003 4918 ‹l'lsszbs
1016 4862 1048 4908 de
1061 4861 1161 4913 Mende.
1183 4861 1336 4921 rl'Avignon.
1351 4862 1389 4908 Cf.
1402 4860 1520 4917 Albanis.
1535 4860 1626 4906 ficare
1636 4859 1752 4921 d'siiqre·

463 4940 492 4997 lo,
504 4940 639 4996 Marscillc,
654 4940 722 4994 1817,
735 4943 759 4984 et
774 4935 847 4983 Bell.
856 4934 921 4981 delo
933 4936 984 4982 Soc.
994 4934 1077 4982 d'ltirt.
1090 4940 1112 4981 et
1124 4933 1297 4981 (irreiterabile
1309 4933 1336 4980 lu
1352 4932 1460 4991 Careiae,
1476 4935 1545 4990 1892,
1558 4938 1577 4980 t.
1587 4932 1658 4988 xlv,
1671 4935 1753 4979 tri-97.

462 5051 466 5059 .
482 5013 540 5060 l'oir
557 5028 581 5061 n.
603 5015 671 5060 11150.
686 5014 752 5058 -1,
772 5010 887 5070 Philippo
899 5009 1023 5057 flur-bois.
1037 5008 1138 5055 nomme
1150 5009 1174 5055 lo
1186 5010 1216 5054 23
1228 5007 1362 5055 decembre
1377 5009 1438 5054 1349
1451 5006 1555 5068 (Euboi
1570 5006 1588 5061 1,
1602 5007 1662 5066 3911)
1676 5022 1680 5055 :
1699 5008 1754 5052 voir

462 5087 530 5132 1-1.-
550 5091 572 5134 5.
590 5086 689 5132 Voirn.
709 5087 762 5132 lea,
774 5111 805 5117 -
826 5086 847 5130 6,
870 5083 984 5144 l'hilippc
996 5082 1121 5132 d'Arbois.
1135 5083 1190 5127 noir
1208 5095 1231 5128 n.
1252 5083 1320 5128 111113.
1339 5108 1370 5114 -
1389 5084 1410 5127 7.
1430 5079 1553 5139 Reginnld
1571 5079 1602 5126 dc
1626 5078 1755 5126 clini-erle

463 5158 507 5205 ltro
526 5161 620 5213 citrini..
638 5159 664 5214 1³,
678 5159 745 5217 257),
762 5156 886 5204 (bini-elli
902 5158 916 5215 (
923 5154 1053 5217 (burpmrd.
1073 5154 1219 5215 elrmtolop.
1233 5168 1257 5216 p.
1271 5155 1327 5214 81),
1340 5155 1394 5215 prit
1411 5154 1550 5215 possession
1562 5152 1597 5200 du
1610 5152 1719 5200 decanat
1731 5153 1754 5199 le

463 5232 492 5278 ril
503 5235 562 5281 1350
574 5233 640 5295 (Ab.)
655 5249 661 5290 ;
674 5233 692 5279 il
703 5231 792 5279 devint
804 5230 900 5290 evequc
912 5231 944 5277 de
956 5230 1054 5277 Chilon
1066 5229 1089 5275 le
1101 5230 1116 5275 3
1127 5228 1229 5288 jnnrier
1243 5228 1302 5275 1351
1318 5227 1423 5288 (Eubel.
1444 5227 1463 5283 1,
1484 5229 1548 5285 151).
