4650 6059
480 780 541 842 802
955 777 1042 850 1347,
1065 776 1105 839 28
1126 775 1265 841 levrici-2
1288 796 1377 842 mars.

535 924 668 1007 1155-
1319 941 1328 954 ”
1497 957 1591 1023 1347,
1608 940 1802 1025 adsevrier.

525 1046 626 1129 Supp.
648 1042 875 1125 Gfuillelmus)
895 1040 1038 1122 Balbeti,
1061 1041 1349 1108 Claromontensis
1365 1058 1385 1124 ¹,
1398 1051 1489 1128 quat.
1509 1043 1677 1129 [servitori
1691 1064 1752 1110 suo
1765 1065 1846 1110 con-

480 1151 586 1228 tinuo,
602 1147 749 1225 Johanni
767 1146 907 1230 MaJoris
921 1157 941 1226 ²,
959 1146 1052 1232 olen]
1072 1148 1271 1213 Ambianen.
1292 1148 1389 1228 dioc,
1411 1147 1453 1213 de
1474 1169 1547 1214 can.
1569 1158 1603 1213 et
1626 1151 1719 1233 preb.
1739 1148 1772 1213 S.
1796 1147 1845 1215 M.

482 1254 680 1338 Trajecten,
704 1271 777 1315 vac.
800 1270 860 1335 per
880 1253 933 1315 ob.
949 1249 1114 1327 Jobannis
1139 1250 1326 1332 Michaelis
1340 1252 1395 1336 qui
1422 1260 1517 1318 extra
1540 1251 1638 1317 Rom.
1662 1272 1730 1317 cur.
1755 1252 1846 1318 diem

482 1358 602 1424 clausit
614 1364 801 1420 extremum
813 1353 881 1419 kal.
894 1355 1040 1419 octobris
1051 1365 1072 1435 ³,
1082 1353 1264 1440 dignemini
1275 1356 1451 1442 providere
1464 1378 1472 1434 ;
1489 1376 1559 1421 non
1568 1359 1655 1422 obst.
1668 1356 1760 1441 quod
1773 1377 1847 1422 can.

482 1469 516 1525 et
532 1462 623 1545 preb.
636 1459 667 1524 S.
681 1457 770 1523 Petri
785 1456 974 1538 lnsulensis,
987 1457 1174 1524 Tornacen.
1186 1457 1284 1540 dioc,
1297 1462 1357 1524 sub
1373 1481 1449 1544 exp.
1461 1459 1610 1525 noscitur
1626 1460 1793 1526 obtinere.
1805 1501 1849 1509 -

485 1563 562 1628 Fiat
581 1563 619 1628 R.

527 1668 607 1732 Dat.
622 1666 723 1731 Avin.
741 1687 758 1730 2
775 1665 842 1731 kal.
858 1673 954 1730 mart.
972 1672 1005 1730 a⁰
1022 1673 1063 1749 5⁰.
1081 1665 1154 1750 (10,
1169 1667 1252 1750 92').

536 1803 671 1885 1156.
1547 1837 1643 1902 1347,
1660 1840 1679 1883 2
1697 1840 1803 1884 mars.

527 1922 628 2005 Supp.
646 1918 679 1985 N
685 1917 871 2005 [icolinus],
884 1916 1030 2001 archiep.
1044 1916 1233 1998 RavennaS,
1246 1929 1337 2003 quat.
1350 1918 1411 1985 sibi
1424 1920 1458 1984 in
1471 1940 1555 2006 pers
1569 1940 1641 2007 cap.
1654 1921 1714 2002 sui,
1724 1923 1848 2006 presb,

484 2024 641 2110 Philippi,
665 2023 752 2089 dioc.
778 2021 937 2088 Leodien.
953 2033 973 2101 ⁴,
990 2042 1079 2107 spec.
1098 2042 1144 2106 gr.
1167 2012 1336 2103 facientes
1363 2022 1473 2088 eidem
1500 2023 1657 2109 Philippo
1679 2024 1721 2090 de
1750 2024 1849 2090 altari

485 2129 516 2194 S.
542 2127 714 2192 Gertrudis
739 2126 772 2190 in
798 2127 879 2191 eccl.
897 2125 935 2191 B.
953 2124 1060 2191 Marie
1076 2124 1278 2210 Tongrensis
1299 2127 1495 2207 constitut0,
1510 2148 1584 2193 vac.
1600 2128 1644 2194 ad
1657 2148 1798 2214 presens
1813 2129 1849 2193 in

486 2232 585 2297 Rom.
611 2251 677 2295 cur.
701 2249 762 2315 per
786 2231 839 2294 ob.
865 2230 1036 2313 quondam
1056 2228 1176 2306 Jacobi
1200 2229 1242 2295 de
1267 2229 1405 2296 Codolis
1428 2230 1470 2297 de
1493 2230 1644 2317 Tongris,
1661 2234 1739 2298 cler.
1757 2232 1849 2298 dicte

485 2335 582 2415 dioc,
599 2334 699 2398 famil.
715 2332 797 2397 dicti
814 2332 1066 2419 archiepiscopi,
1082 2333 1138 2417 qui
1155 2334 1189 2398 in
1206 2333 1298 2400 dicta
1314 2354 1382 2400 cur.
1395 2334 1485 2400 diem
1495 2335 1614 2400 clausit
1626 2343 1817 2400 extremum
1827 2341 1847 2416 ⁵,

485 2438 666 2523 dignemini
694 2436 893 2521 providere;
921 2458 990 2501 non
1021 2440 1106 2503 obst.
1137 2438 1228 2521 quod
1259 2437 1348 2503 idem
1378 2438 1552 2525 Philippus
1581 2440 1664 2505 eccl.
1695 2448 1848 2505 curatam

487 2544 518 2607 S.
535 2541 702 2606 Vincentii
718 2540 760 2605 de
777 2538 906 2620 Bando,
931 2540 1165 2607 Ravennaten.
1182 2541 1279 2622 dioc,
1297 2563 1337 2608 ac
1353 2549 1441 2607 auct.
1457 2541 1489 2607 S.
1505 2540 1545 2608 V.
1562 2561 1636 2608 can.
1653 2550 1689 2608 et
1704 2545 1798 2629 preb.
1813 2543 1846 2608 in

486 2647 569 2711 eccl.
597 2645 804 2729 Pergameo,
827 2665 925 2729 super
941 2666 1005 2729 qua
1022 2646 1055 2709 in
1071 2646 1221 2730 partibus
1236 2646 1355 2731 litigat,
1373 2665 1506 2710 necnon
1521 2645 1641 2711 eadem
1656 2656 1748 2712 auct.
1765 2648 1846 2712 eccl.

486 2752 563 2815 ben.
580 2769 608 2814 c.
626 2770 654 2814 c.
672 2750 725 2813 vel
741 2769 766 2813 s.
782 2769 811 2813 c.
828 2757 985 2833 spectans
1001 2748 1044 2813 ad
1059 2751 1135 2815 coll.
1151 2749 1264 2834 episc,
1280 2770 1383 2836 prep,
1399 2749 1472 2815 dec.
1485 2757 1520 2815 et
1532 2770 1605 2834 cap.
1628 2749 1848 2835 singulorum·

431 2843 433 2848 ’
487 2872 551 2936 que
577 2872 650 2917 can.
673 2852 754 2917 eccl.
772 2850 942 2932 Leodien,
960 2872 1063 2935 usque
1079 2851 1123 2916 ad
1138 2873 1305 2917 summam
1324 2858 1363 2918 60
1380 2852 1435 2919 lib.
1452 2852 1576 2918 Turon.
1593 2873 1686 2939 parv.
1700 2854 1848 2920 noscitur

488 2956 639 3021 obtinere
655 2964 689 3020 et
706 2962 896 3041 expectare.
909 2996 951 3004 —
965 2954 1042 3020 Fiat
1059 2955 1099 3021 R.

533 3061 610 3126 Dat.
634 3060 734 3126 Avin.
760 3065 777 3123 6
794 3081 873 3126 non.
886 3069 984 3126 mart.
1001 3068 1035 3126 a⁰
1053 3069 1094 3144 5⁰.
1110 3062 1181 3144 (10,
1196 3062 1279 3145 95').

543 3198 834 3280 1157-1160.
1556 3230 1685 3295 1347,2
1703 3233 1807 3278 mars,

533 3317 634 3401 Supp.
659 3316 694 3380 fr.
718 3315 892 3393 Johannes
907 3314 949 3378 de
967 3314 1087 3394 Insula,
1107 3315 1292 3380 monachus
1307 3315 1500 3380 monasterii
1518 3314 1549 3380 S.
1566 3316 1714 3403 Sepulcri
1731 3315 1849 3380 Came-

489 3420 644 3500 racensis,
658 3419 699 3483 O.
713 3421 743 3484 S.
758 3418 806 3500 B,
820 3419 852 3482 in
865 3418 1069 3483 monasterio
1084 3419 1158 3503 ipso
1171 3426 1259 3483 auct.
1270 3417 1309 3483 V.
1323 3418 1354 3483 S.
1367 3427 1531 3503 receptus
1544 3439 1622 3484 cum
1633 3439 1701 3503 quo
1712 3419 1847 3500 dudum,

490 3533 527 3587 ut
552 3544 620 3587 non
646 3525 731 3587 obst.
753 3523 842 3606 quod
857 3522 927 3607 ipse
944 3521 1067 3586 ordinis
1082 3522 1222 3586 fratrum
1239 3520 1408 3587 Minorum
1424 3523 1589 3607 professor
1604 3522 1721 3603 fuerat,
1738 3524 1849 3589 locum

491 3636 526 3691 et
550 3648 670 3691 vocem
694 3627 727 3690 in
750 3627 897 3712 capitulo
917 3627 1039 3691 babere
1055 3637 1179 3712 posset,
1197 3635 1285 3692 auct.
1302 3627 1452 3713 predicta
1468 3627 1579 3692 extitit
1594 3626 1825 3714 dispensatum
1840 3650 1848 3708 ;

491 3741 580 3815 quat.
597 3731 626 3795 ei
643 3751 732 3815 spec.
749 3751 795 3815 gr.
812 3730 983 3810 facientes,
1000 3752 1113 3796 secum
1126 3743 1163 3796 ut
1175 3730 1352 3816 premissis,
1368 3752 1501 3796 necnon
1517 3732 1570 3796 fel.
1587 3752 1653 3797 rec.
1667 3730 1851 3796 Clementis

490 3833 519 3896 V
535 3846 569 3898 et
586 3833 760 3899 Benedicti
776 3832 890 3915 XII...,
903 3856 942 3900 ac
966 3835 1039 3899 aliis
1055 3834 1318 3919 quibuscumque
1335 3835 1629 3900 constitutionibus
1643 3836 1849 3921 apostolicis,

490 3959 529 4004 ac
545 3939 680 4004 statutis
693 3948 726 4003 et
740 3939 1036 4004 consuetudinibus
1049 3939 1243 4004 monasterii
1255 3948 1289 4004 et
1300 3940 1423 4005 ordinis
1435 3938 1661 4024 predictorum
1678 3938 1852 4004 contrariis

489 4064 702 4128 nequaquam
720 4046 816 4123 obst,
834 4064 1031 4128 quecunque
1046 4046 1122 4109 ben.
1139 4045 1232 4124 eccl,
1249 4044 1378 4108 etiamsi
1395 4043 1496 4127 dign,
1512 4062 1597 4128 pers.
1610 4051 1645 4108 et
1661 4043 1718 4108 off.
1732 4043 1852 4107 fuerint

491 4156 524 4212 et
556 4169 669 4212 curam
700 4148 850 4212 babeant
880 4150 1075 4228 animarum,
1107 4149 1269 4229 obtinere,
1297 4148 1404 4214 acad
1430 4167 1644 4232 quascunque
1668 4146 1852 4211 abbatiales

491 4252 684 4335 prelaturas,
701 4252 881 4335 dignitates
897 4252 978 4317 dicti
995 4252 1036 4318 O.
1054 4254 1084 4317 S.
1099 4251 1136 4318 B.
1150 4253 1226 4337 eligi
1243 4261 1276 4317 et
1292 4253 1414 4318 assumi
1426 4253 1518 4318 licite
1527 4253 1651 4333 valeat,
1667 4249 1850 4335 dignemini

491 4354 695 4439 dispensare.
713 4355 848 4419 —Fiat
866 4356 905 4421 R.

538 4499 635 4560 1158.
661 4492 762 4577 Supp.
786 4491 959 4578 Philippus
975 4493 1016 4558 de
1032 4495 1175 4559 Arbosio
1189 4493 1210 4575 ⁶,
1227 4495 1299 4560 dec.
1316 4497 1398 4560 eccl.
1415 4495 1445 4559 S.
1464 4492 1645 4559 Donatiani
1663 4491 1851 4576 BrugensiS,

491 4596 676 4660 'fornacem
704 4596 802 4675 dioc,
827 4606 919 4680 quat.
936 4598 995 4661 sibi
1013 4598 1206 4682 dispensare
1228 4599 1420 4683 dignemini,
1437 4606 1475 4662 ut
1491 4599 1561 4683 ipse
1576 4616 1644 4661 una
1663 4616 1741 4661 cum
1762 4596 1853 4660 dicto

491 4699 666 4778 decanatu,
684 4700 736 4764 cui
762 4720 839 4764 cura
862 4701 1014 4766 imminet
1038 4702 1234 4781 animarum,
1251 4702 1356 4787 possit
1372 4702 1471 4766 aliam
1486 4701 1586 4786 dign,
1602 4720 1699 4785 pers,
1716 4700 1784 4778 off,
1801 4699 1852 4762 vel

491 4803 816 4868 administrationem
836 4826 894 4868 seu
915 4805 1065 4889 parroch.
1082 4806 1174 4884 eccl,
1192 4806 1322 4870 etiamsi
1340 4806 1373 4868 in
1390 4805 1537 4870 cathedr.
1554 4805 1609 4868 vel
1624 4805 1744 4887 colleg.
1772 4803 1855 4867 exis·

491 4915 552 4985 tat,
570 4917 603 4970 et
620 4908 646 4970 si
663 4908 708 4970 illi
727 4928 805 4972 cura
830 4909 983 4973 imminet
1006 4909 1203 4989 animarum,
1220 4909 1322 4973 libere
1338 4909 1486 4994 recipere
1502 4915 1536 4972 et
1551 4907 1642 4973 licite
1657 4907 1812 4986 retinere,
1828 4904 1853 4969 si

495 5067 759 5076 ἡ

529 5150 549 5194 1,
568 5148 628 5194 l'oir
641 5164 664 5196 n.
678 5153 716 5196 3⁰.
734 5178 765 5184 —
783 5153 805 5197 1.
819 5150 880 5197 l'oir
892 5165 916 5198 n.
930 5152 967 5199 78.
984 5178 1016 5184 —
1034 5152 1056 5197 3.
1070 5150 1131 5196 l'oir
1143 5165 1168 5198 n.
1184 5152 1235 5209 111,
1251 5152 1320 5198 1110.
1338 5178 1370 5185 -
1388 5152 1410 5200 4.
1424 5150 1589 5199 1111111928.
1606 5176 1638 5183 -
1655 5152 1678 5196 5.
1691 5147 1753 5196 Voir
1764 5162 1789 5195 n.
1802 5146 1855 5194 613.

495 5248 526 5254 —-
540 5226 561 5269 ti.
575 5222 635 5267 l'oir
649 5237 673 5268 n.
689 5225 740 5270 luo.
