4650 6059
920 768 1009 842 1344,
1032 763 1073 833 29
1093 768 1270 849 septembre.
1551 763 1556 770 ’
1718 774 1776 840 175

424 918 583 984 remittere
610 939 652 985 ac
678 918 846 1006 prelatum
876 919 983 985 altare
1013 917 1075 984 sibi
1101 917 1145 984 de
1169 938 1261 985 novo
1285 919 1463 999 conferre3
1494 926 1530 985 et
1559 941 1637 987 eum
1665 922 1775 1010 ipsum

426 1023 519 1089 altare
533 1021 659 1090 modici
687 1022 811 1090 valoris
838 1023 983 1109 existat„
1000 1043 1079 1090 eum
1104 1043 1146 1090 eo
1170 1030 1209 1089 ut
1232 1035 1337 1112 unum
1359 1021 1450 1088 aliud
1478 1024 1557 1094 beu..
1582 1026 1665 1092 ecel.
1691 1045 1720 1092 c.
1745 1047 1774 1094 e.

426 1128 471 1192 vel
484 1148 508 1193 s.
523 1147 564 1208 e.,
580 1127 686 1194 etiam
701 1128 736 1194 in
752 1126 834 1194 ecel.
850 1126 1010 1208 cathedr„
1020 1127 1061 1193 si-
1072 1113 1142 1212 'sibi
1162 1127 1252 1212 ‚alias
1271 1127 1436 1194 canonice
1459 1125 1660 1208 conferatur,
1671 1129 1776 1196 libere

427 1232 570 1317 recipere,
586 1252 627 1299 ac
643 1232 753 1318 ipsum
768 1252 835 1298 urea
851 1251 928 1298 eum
942 1231 1036 1298 dicto
1050 1231 1148 1298 altari
1174 1231 1266 1298 licite
1281 1231 1435 1312 retinere,
1452 1230 1574 1315 illaque
1588 1233 1643 1297 vel
1659 1252 1774 1299 eorum

429 1336 555 1400 alterurn
581 1343 776 1422 permutare
799 1337 923 1418 valeat,
948 1336 1080 1422 quoties
1106 1335 1167 1402 sibi
1191 1335 1358 1402 videbitur
1381 1332 1538 1421 expedire
1550 1357 1559 1414 ;
1584 1335 1774 1421 hujusmodi

428 1437 548 1504 delectu
568 1447 605 1504 et
618 1439 785 1524 generalis
800 1439 935 1522 concilii
957 1447 992 1506 et
1008 1439 1211 1524 quibuslibet
1217 1439 1294 1526 ¹aliis
1309 1437 1443 1506 statutis
1458 1438 1633 1506 contrariis
1647 1460 1774 1525 nequa·

430 1562 515 1625 quam
530 1545 630 1624 obst,
645 1542 828 1629 dignemini
843 1543 1046 1631 dispensare.
1060 1583 1105 1594 —
1120 1542 1199 1611 Fiat
1214 1542 1255 1616 R.

463 1645 539 1712 Dat.
555 1667 612 1732 ap.
627 1645 879 1713 villamnovam
894 1669 914 1733 4
929 1645 998 1713 kal.
1014 1653 1081 1714 oct.
1098 1653 1133 1713 a⁰
1148 1653 1192 1732 3⁰.
1208 1647 1256 1730 (7,
1273 1652 1352 1742 20').

467 1780 702 1867 731-733.
1369 1812 1466 1879 1544,
1477 1813 1525 1879 -rp
1539 1797 1729 1883 septembre.

460 1898 558 1985 Supp.
575 1897 715 1984 Symon,
731 1903 832 1964 natus
845 1896 866 1974 J
868 1896 1012 1964 ohannis
1026 1896 1070 1963 de
1093 1895 1226 1978 Vene·¹,
1242 1898 1320 1963 cler.
1335 1895 1495 1964 Leodien.
1510 1896 1608 1979 dion,
1623 1905 1716 1984 quat.
1732 1898 1774 1965 de

429 2001 530 2088 capell.
540 2021 602 2068 seu
611 2001 708 2068 altari
723 2000 885 2066 Omnium
894 1999 1095 2067 Sanctorum
1104 1999 1171 2066 sito
1182 1999 1216 2065 in
1226 1999 1372 2086 parvisio
1387 1997 1573 2066 eccl.B.M.
1583 2000 1773 2083 Dionensis,

428 2102 505 2170 dicte
520 2104 621 2186 dioc„
636 2124 713 2171 vae.
729 2104 763 2169 in
780 2124 848 2171 cur.
862 2124 923 2191 per
937 2103 1076 2170 liberam
1091 2104 1213 2190 resign.
1227 2101 1394 2183 Johannis
1417 2103 1460 2169 de
1476 2101 1566 2169 Cher
1588 2104 1714 2178 factam
1739 2105 1773 2171 in

427 2226 502 2274 man.
517 2207 612 2276 dom.
628 2206 763 2294 P(etri),
780 2205 966 2296 Penestrini
982 2206 1082 2288 card,
1094 2205 1277 2292 dignemini
1289 2206 1486 2294 providere3
1502 2227 1572 2273 non
1588 2210 1674 2284 obst.
1683 2208 1775 2294 quod

427 2310 451 2376 in
464 2312 701 2378 communibus
715 2310 832 2398 gratiis
845 2310 889 2378 ad
904 2309 981 2378 coll.
995 2309 1135 2378 rectoris
1150 2310 1234 2377 eccl.
1259 2309 1303 2376 de
1325 2308 1554 2402 Skendremal,
1570 2310 1661 2378 dicte
1675 2311 1773 2393 dioc„

425 2413 623 2502 impetravit,
639 2415 693 2482 cui
708 2422 847 2503 paratus
861 2422 914 2480 est
927 2413 1130 2480 renuntiare.
1144 2453 1185 2464 -
1204 2411 1283 2480 Fiat
1298 2412 1339 2480 R.

454 2559 539 2620 732.
556 2550 646 2617 Item
662 2569 758 2637 supp.
773 2549 974 2618 Godelridus
989 2548 1139 2616 Eustacii
1159 2549 1204 2616 de
1218 2547 1330 2630 Blisia,
1346 2551 1425 2618 cler.
1441 2549 1602 2620 Leodien.
1617 2554 1774 2637 dioe.,·de

417 2655 562 2741 quodam
575 2654 672 2721 altari
688 2653 743 2720 SS.
754 2652 900 2742 Philippi
916 2662 951 2720 et
965 2653 986 2731 J
988 2653 1086 2721 acobi
1102 2653 1137 2718 in
1153 2654 1237 2720 ecel.
1251 2652 1284 2719 S.
1300 2653 1431 2740 Sulpitii
1447 2655 1698 2739 Distensis,vac.
1713 2679 1773 2745 per

415 2760 533 2846 resign.
548 2757 717 2839 Johannis
731 2757 774 2824 de
789 2755 1036 2844 Cansterperre,
1052 2759 1162 2846 presb.
1177 2796 1221 2818 -ψ
1232 2755 1313 2823 Fiat
1327 2755 1369 2823 R.

454 2903 537 2965 733.
555 2895 643 2963 Item
655 2915 751 2982 supp.
767 2894 926 2962 Girardus
940 2895 1050 2962 dietus
1064 2894 1168 2961 Gruel
1183 2894 1226 2961 de
1236 2893 1389 2981 Tongris,
1405 2897 1483 2962 cler.
1499 2895 1659 2972 Leodien.
1673 2897 1772 2981 dioc,

409 3001 472 3067 srbi
488 3000 533 3068 de
548 3000 646 3066 altari
661 2999 694 3066 S.
718 2997 821 3066 Blasii
848 2997 990 3066 fundato
1015 2999 1050 3064 in
1078 2999 1160 3066 ecel.
1176 2997 1208 3064 S.
1236 2996 1287 3066 M.
1302 2998 1536 3084 Trajectensis,
1560 3000 1651 3068 dicte
1672 3001 1772 3084 dioc„

409 3125 487 3170 vac.
503 3125 564 3190 per
577 3104 698 3189 resign.
715 3102 804 3168 Petri
820 3102 900 3170 dicti
917 3100 1037 3183 Pistor,
1053 3104 1142 3183 cler„
1154 3102 1197 3168 de
1212 3102 1285 3189 ipso
1301 3102 1426 3168 factam
1436 3103 1469 3176 in
1485 3104 1585 3186 curia,
1594 3104 1772 3190 provideri.

415 3244 448 3255 -
472 3205 552 3272 Fiat
568 3205 609 3271 R.

456 3310 538 3376 Dat.
555 3330 610 3396 ap.
626 3309 876 3377 villamnovam
893 3332 910 3395 3
928 3309 995 3377 kal.
1012 3318 1079 3377 oct.
1095 3318 1130 3375 a⁰
1147 3318 1189 3394 3⁰.
1206 3312 1252 3393 (7,
1271 3313 1314 3395 5).

462 3447 576 3529 734.
1369 3481 1464 3545 1344,
1481 3481 1522 3545 29
1538 3464 1728 3549 septembre.

453 3567 558 3652 Supp.
590 3563 737 3643 Jacobus
762 3565 805 3631 de
832 3564 969 3630 Codolis
993 3564 1034 3630 de
1064 3563 1217 3648 Tongris,
1248 3566 1325 3628 cler.
1353 3562 1513 3629 Leodien.
1543 3565 1641 3645 dioc,
1668 3566 1770 3632 famil.

408 3668 656 3754 archiepiscopi
679 3666 896 3748 Ravennatis
924 3688 1000 3732 cum
1016 3688 1084 3751 quo
1108 3667 1190 3731 alias
1212 3666 1324 3750 quoad
1348 3667 1597 3753 susceptionem
1621 3668 1770 3734 omnium

407 3773 565 3837 ordinum
575 3780 610 3836 et
619 3772 722 3836 etiam
735 3772 831 3838 unius
839 3771 993 3837 beneficii
1005 3771 1110 3837 curati
1120 3791 1218 3855 super
1227 3770 1472 3851 defnatalium,
1480 3790 1580 3855 quem
1592 3774 1718 3857 patitur
1729 3774 1771 3839 de

407 3876 557 3941 diacono
572 3875 704 3960 genitus
719 3884 753 3940 et
769 3877 890 3956 soluta,
906 3876 968 3940 fuit
977 3884 1066 3942 auct.
1083 3883 1192 3961 apost.
1199 3874 1456 3962 dispensatum'
1471 3898 1479 3953 ;
1497 3883 1589 3959 quat.
1605 3876 1665 3940 sibi
1682 3878 1771 3961 quod

408 3999 524 4060 unum,
548 3978 616 4044 duo
631 3979 684 4042 vel
700 3980 796 4064 plura
810 3983 887 4045 ben.
903 3980 996 4060 eccl,
1012 3979 1116 4044 etiam
1128 3979 1154 4045 si
1171 4000 1274 4044 unum
1290 3998 1406 4042 eorum
1423 3987 1585 4059 curatum,
1601 3988 1636 4044 et
1652 4000 1726 4046 can.
1737 3991 1771 4046 et

408 4086 511 4167 preb„
523 4082 627 4147 etiam
643 4083 669 4148 si
686 4084 719 4147 in
735 4086 818 4150 eccl.
829 4083 978 4150 cathedr.
989 4083 1122 4163 existat,
1133 4104 1169 4149 se
1179 4083 1263 4149 alias
1272 4083 1315 4149 ad
1328 4083 1473 4148 invicem
1486 4084 1770 4169 compatientiam

408 4186 470 4251 sibi
480 4186 565 4252 alias
575 4186 903 4267 conferantur,libere
914 4196 948 4253 et
958 4187 1049 4252 licite
1058 4187 1164 4273 possit
1173 4186 1370 4267 retinere,ac
1379 4207 1420 4250 ea
1429 4194 1464 4251 et
1474 4187 1646 4271 quodlibet
1655 4209 1771 4255 eorum

408 4298 603 4374 permutare
619 4297 653 4355 et
668 4291 750 4357 alias
765 4292 868 4357 libere
894 4291 1073 4371 dimittere,
1090 4299 1124 4356 et
1139 4292 1216 4357 loco
1242 4290 1454 4356 dimissorum
1475 4291 1542 4355 alia
1559 4312 1594 4357 se
1620 4292 1771 4359 similiter

409 4393 557 4459 invicem
574 4395 814 4479 compatientia
830 4395 987 4480 recipere,
1002 4395 1128 4461 totiens
1139 4393 1294 4477 quotiens
1304 4392 1364 4458 sibi
1381 4394 1543 4477 placuerit
1558 4403 1593 4460 et
1605 4396 1772 4462 videbitur

408 4496 570 4582 expedire
583 4519 591 4575 ;
618 4504 653 4562 et
668 4498 760 4581 quod
787 4499 819 4563 in
845 4500 1096 4584 quibuscunque
1111 4496 1226 4582 gratiis
1241 4517 1303 4583 pro
1318 4518 1360 4562 eo
1376 4505 1435 4562 aut
1450 4518 1511 4583 per
1525 4498 1632 4584 ipsum
1650 4521 1670 4564 a
1686 4500 1770 4567 Sede

407 4610 515 4687 apost„
533 4601 760 4687 impetrandis,
773 4625 843 4670 non
858 4611 1012 4669 teneatur
1027 4604 1070 4669 de
1085 4603 1178 4669 dicto
1193 4601 1258 4667 def.
1267 4602 1414 4686 aliquam
1427 4603 1537 4669 facere
1549 4604 1769 4684 mentionem;
1850 4681 1851 4685 Ἰ

407 4705 563 4790 predicto
578 4705 643 4771 def.
666 4713 701 4771 et
718 4707 888 4791 quibusvis
904 4706 1200 4773 constitutionibus
1216 4713 1323 4790 apost.
1351 4726 1392 4771 ac
1418 4706 1594 4771 statutis
1616 4728 1770 4790 quarum-

407 4829 543 4893 cunque
570 4809 788 4875 ecelesiarum
814 4810 988 4876 contrariis
1003 4829 1217 4894 nequaquam
1245 4809 1341 4888 obst,
1357 4807 1539 4892 dignemini
1565 4808 1768 4894 dispensare.

412 4949 443 4959 —
466 4911 546 4977 Fiat
562 4912 604 4977 de
619 4933 687 4978 uno
701 4914 777 4995 alio,
793 4914 897 4979 etiam
913 4914 939 4979 si
956 4934 1029 4979 can.
1045 4914 1079 4977 in
1095 4914 1178 4978 eccl.
1193 4910 1343 4977 cathedr.
1360 4910 1400 4975 R.

452 5015 534 5081 Dat.
550 5019 603 5101 ap'.
620 5016 869 5084 Villamnovam
887 5039 904 5102 3
921 5016 988 5083 kal.
1005 5024 1071 5083 oct.
1088 5024 1122 5082 a⁰
1139 5023 1182 5100 3⁰.
1199 5016 1247 5098 (7,
1266 5015 1349 5097 26').

442 5191 462 5237 1.
479 5190 839 5251 1¹0mevet,ve·se,eo1.-a
858 5191 919 5239 vm
930 5205 955 5250 n.
967 5193 1022 5239 era
