4650 6059
478 772 538 836 362
1018 771 1103 843 1348,
1128 771 1196 835 9-12
1216 772 1291 853 juin.

480 926 532 991 vel
548 926 642 1010 quasi
659 925 819 1006 valorem,
832 925 924 992 dicto
935 925 1069 991 defectu
1082 945 1151 990 non
1164 928 1250 991 obst.
1263 926 1404 1008 obtinet,
1417 935 1530 1010 quat...
1543 937 1580 993 ut
1592 948 1671 995 cum
1684 928 1816 1014 predictis

478 1030 545 1095 duo
556 1031 621 1095 alia
636 1029 798 1096 beneficia
815 1030 896 1095 eccl.
912 1028 1200 1114 compassibilia...
1213 1030 1275 1095 etsi
1288 1050 1402 1096 eorum
1420 1031 1561 1096 alterum
1577 1031 1669 1116 dign.
1686 1033 1737 1096 rel
1751 1052 1815 1118 pers.

479 1142 536 1200 aut
552 1133 608 1200 off.
625 1134 789 1215 existat...
804 1133 962 1219 recipere,
979 1133 1153 1199 retinere...
1171 1141 1205 1199 et
1228 1142 1448 1219 permutare...
1464 1135 1587 1202 valeat.
1603 1174 1647 1185 -
1664 1134 1738 1202 Fiat
1753 1134 1786 1201 R.

524 1238 600 1303 Dat.
617 1238 715 1302 Avin.
732 1256 750 1322 7
767 1237 810 1303 id.
824 1237 907 1322 junii
924 1245 958 1303 a⁰
974 1244 1017 1321 7⁰.
1034 1239 1108 1322 (30,
1126 1237 1163 1304 P.
1181 1236 1225 1319 ΙΙ,
1244 1240 1315 1323 29”)

533 1374 837 1461 1359-1360.
1565 1394 1661 1476 1348,
1679 1412 1697 1477 ρ
1707 1390 1785 1475 juni.

523 1492 687 1578 Dignetur
702 1493 733 1558 S.
750 1493 790 1560 V.
807 1492 988 1559 Guillelmo
1000 1491 1043 1559 de
1068 1490 1224 1560 Flandria
1240 1506 1261 1574 ¹,
1288 1493 1440 1560 familiari
1466 1503 1589 1575 vestro,
1605 1495 1775 1581 providere
1785 1493 1815 1560 de

480 1617 552 1661 can.
570 1605 604 1661 et
619 1600 710 1682 preb.
727 1598 809 1663 eccl.
826 1596 858 1663 S.
875 1595 1061 1681 Walburgis
1078 1594 1267 1677 FurnensiS,
1286 1595 1455 1663 Morinen.
1470 1597 1568 1679 dioc„
1585 1619 1661 1665 vac.
1683 1619 1741 1686 per
1754 1599 1815 1664 libe

479 1721 548 1765 ram
565 1702 826 1785 resignacionem
850 1702 973 1767 factam
996 1702 1028 1765 in
1056 1702 1243 1767 manibus...
1267 1701 1398 1768 abbatis
1414 1701 1445 1768 S.
1461 1701 1599 1768 Taurini
1627 1702 1814 1771 Ebroicensis

479 1826 538 1890 per
564 1804 753 1882 Jolrannem
781 1806 945 1871 Guibrant
982 1806 1063 1870 alias
1088 1804 1165 1890 Gay
1185 1816 1205 1886 ²,
1230 1805 1416 1889 Trajecten.
1450 1805 1547 1888 dioc„
1581 1808 1634 1874 cui
1668 1808 1813 1895 provisum

480 1909 586 1973 fuerat
603 1930 661 1995 per
677 1912 707 1976 S.
725 1909 764 1976 V.
780 1910 823 1976 de
849 1930 922 1976 can.
939 1919 973 1974 et
999 1912 1092 1994 preb.
1117 1909 1276 1995 predictis
1299 1929 1373 1975 vac.
1398 1930 1457 1995 per
1472 1920 1616 1977 mortem
1639 1911 1772 1979 Luchini
1784 1909 1813 1976 de

481 2010 633 2078 Galvano
648 2012 691 2078 de
703 2013 815 2092 Janua
831 2014 864 2078 in
882 2013 980 2079 Rom.
1008 2012 1097 2079 curia
1124 2012 1328 2092 decedentis,
1353 2012 1455 2098 ipsius
1478 2016 1572 2096 eccl,
1595 2015 1676 2082 dum
1699 2016 1813 2090 vireret,

481 2117 633 2182 canonici
660 2117 869 2203 prebendati,
889 2118 968 2183 licet
994 2119 1145 2183 nondum
1174 2117 1342 2203 predictus
1366 2115 1540 2194 Johannes
1564 2119 1698 2186 fecisset
1711 2119 1815 2185 litteras

481 2220 646 2305 expedire.
663 2263 706 2271 -
723 2220 797 2287 Fiat
815 2221 854 2287 R.

527 2364 627 2424 1360.
644 2356 764 2425 Item...
780 2359 962 2444 dignemini
978 2359 1153 2445 providere
1176 2359 1195 2437 J
1200 2360 1325 2425 ohanni
1342 2359 1384 2424 de
1400 2359 1567 2446 Sponden,
1584 2362 1664 2428 cler.
1681 2359 1815 2427 leodien

481 2459 577 2541 dioc„
594 2460 636 2527 de
652 2463 838 2548 capellania
862 2485 920 2529 seu
946 2463 1071 2530 vicaria
1098 2463 1130 2528 S.
1147 2461 1280 2529 Nicolai
1297 2462 1361 2528 sita
1388 2463 1421 2527 in
1449 2465 1532 2530 eccl.
1548 2464 1580 2531 S.
1598 2462 1648 2531 M.
1664 2462 1815 2549 Aquensis,

481 2562 570 2629 dicte
586 2563 683 2646 dioc,
699 2587 771 2633 vac.
788 2588 847 2653 per
862 2567 1000 2633 liberam
1024 2566 1322 2652 resignacionem...
1349 2587 1408 2652 per
1432 2577 1684 2652 procuratorem
1701 2563 1816 2633 Henrici

481 2667 710 2754 Guldermagel
726 2669 860 2749 ³,ultimi
877 2670 1039 2756 capellani
1056 2669 1179 2735 vicarie
1195 2669 1376 2755 predicte...
1392 2705 1423 2717 -
1446 2667 1523 2736 Fiat
1540 2670 1579 2737 R.

525 2771 603 2837 Dat.
627 2773 726 2839 Avin.
752 2795 768 2859 5
794 2773 838 2841 id.
858 2774 941 2859 junii
968 2781 1001 2839 a⁰
1026 2781 1067 2857 7⁰.
1096 2774 1166 2857 (15,
1186 2775 1252 2857 61).

535 2910 669 2996 1361.
1546 2928 1643 3010 1348,
1661 2947 1702 2991 ro
1712 2925 1790 3009 juia.

524 3030 646 3115 Supp...
662 3028 859 3094 Guillelmus
884 3027 1033 3108 Boesart,
1061 3030 1139 3094 cler.
1171 3027 1328 3094 Parisien.
1355 3027 1452 3110 dioc„
1477 3028 1648 3113 quondam
1673 3022 1822 3114 Radulpbi

484 3131 674 3219 [Richardi]
705 3132 979 3217 consanguineus,
997 3140 1087 3215 quat.
1114 3132 1208 3198 sibi...
1233 3132 1275 3198 de
1300 3152 1372 3198 can.
1388 3140 1423 3198 et
1446 3134 1538 3219 preb.
1554 3134 1637 3201 eccl.
1654 3133 1697 3200 de
1722 3130 1823 3210 Fons,
1862 3213 1864 3222 Ι

482 3235 637 3301 Leodien.
666 3236 763 3315 dioc,
790 3256 881 3300 vac...
909 3256 968 3320 per
993 3238 1046 3301 ob.
1063 3235 1143 3301 dicti
1160 3234 1324 3313 Johannis
1341 3235 1509 3318 Richardi,
1526 3238 1764 3322 consanguinei
1778 3232 1825 3312 sui,
1862 3243 1864 3268 ²

481 3339 662 3424 dignemini
679 3340 885 3425 providere...
902 3378 945 3387 -—
958 3338 1034 3404 Fiat
1052 3339 1091 3406 R.
1862 3329 1864 3336 ’

526 3443 604 3509 Dat.
619 3444 720 3510 Avin.
737 3467 756 3527 4
773 3443 816 3509 id.
829 3443 913 3527 junii
929 3450 961 3508 a⁰
979 3451 1019 3528 7⁰.
1038 3445 1107 3526 (15,
1126 3445 1193 3526 69).

536 3580 1637 3680 1362.1348‚
1662 3617 1702 3660 12
1713 3597 1796 3680 juin.

527 3701 651 3787 Supp...
668 3700 867 3786 Stephanus
885 3700 986 3786 episc.
1003 3701 1033 3766 S.
1052 3700 1167 3765 Poncii
1184 3698 1448 3780 Thomeriarum,
1466 3699 1625 3786 Ejusdem
1649 3698 1836 3767 Sanctitatis

485 3807 694 3882 camerarius
711 3807 745 3871 in
760 3826 845 3893 pers.
864 3805 977 3871 dilecti
994 3805 1190 3891 pronepotis
1205 3805 1253 3868 sui
1273 3803 1409 3870 Roberti
1425 3807 1537 3892 Ayme
1548 3820 1568 3885 ⁴,
1594 3804 1707 3870 clerici
1732 3803 1837 3871 Claro

482 3918 631 3975 monten.
649 3908 746 3991 dioc„
763 3919 853 3994 quat.
869 3909 911 3975 de
928 3930 1002 3974 can.
1019 3917 1052 3974 et
1077 3911 1169 3994 preb.
1186 3908 1267 3973 eccl.
1295 3908 1516 3995 Trajectensis
1542 3908 1585 3974 ad
1608 3929 1749 3995 presens
1770 3927 1838 3974 vac.

482 4034 540 4099 per
571 4017 624 4080 ob.
655 4013 787 4081 Nicolai
818 4014 898 4080 dicti
929 4011 1179 4093 Vanderborch‚
1203 4012 1259 4096 qui
1288 4013 1492 4098 inpartibus
1520 4012 1583 4078 illis
1608 4012 1700 4078 diem
1725 4012 1840 4080 clausit

483 4126 712 4197 extremum...
725 4118 816 4183 dicto
831 4118 1010 4183 Roberto...
1026 4116 1208 4202 dignemini
1224 4116 1430 4202 providere...
1436 4140 1444 4196 ;
1461 4137 1528 4183 non
1545 4120 1631 4183 obst.
1648 4117 1742 4202 quod
1756 4117 1841 4184 idem

485 4219 651 4286 Robertus
664 4241 737 4286 carr.
754 4230 788 4285 et
804 4224 895 4307 preb.
913 4222 945 4285 in
963 4223 1044 4286 eccl.
1062 4221 1092 4285 S.
1110 4219 1200 4284 Petri
1217 4219 1259 4284 de
1275 4222 1379 4304 Ayra,
1399 4218 1564 4287 Morinen.
1581 4221 1680 4302 dioc„
1697 4221 1842 4288 noscitur

485 4325 645 4390 obtinere.
665 4365 708 4374 —
726 4325 801 4390 Fiat
819 4325 857 4390 R.

530 4428 608 4494 Dat.
631 4430 729 4494 Avin.
756 4450 772 4493 2
797 4428 840 4494 id.
865 4429 947 4514 junii
975 4437 1007 4495 a⁰
1021 4437 1062 4512 7⁰.
1087 4431 1159 4508 (15,
1183 4430 1266 4514 41').

539 4567 1644 4661 1363·1548‚
1662 4599 1704 4643 12
1714 4578 1802 4660 juia.

532 4686 630 4751 Motu
643 4688 777 4772 proprio
789 4686 1002 4772 providemus
1012 4685 1030 4763 J
1034 4686 1158 4751 olranni
1172 4686 1237 4749 “de
1250 4683 1480 4764 Buxo,cleric0
1491 4681 1841 4755 Claromontendioc..

517 4879 545 4936 a)
558 4878 597 4924 011
609 4879 676 4924 avan
692 4876 797 4924 rl'ubrrrl
811 4877 870 4923 (ϊι-ἰῐ
890 4893 895 4923 :
912 4874 1029 4924 (fenaldo.
1043 4875 1119 4936 ‹pi’on
1132 4890 1146 4921 a
1159 4873 1287 4937 remplacd
1300 4888 1346 4935 pur
1359 4889 1364 4920 :
1378 4872 1501 4920 Joliriuui.
1527 4871 1566 4918 lin
1579 4884 1683 4932 ururge:
1703 4870 1837 4920 caraman

484 4951 596 4998 ‹lalerinai
608 4968 655 5013 pro
676 4951 790 4997 (milido
807 4950 838 4997 dr‘
854 4954 969 5012 procopia
986 4949 1079 4995 ‹larnirii
1100 4950 1184 4995 reterri.

524 5153 542 5197 1.
557 5153 686 5212 nvi-ipram
698 5152 729 5196 ‹le
747 5152 771 5198 la
789 5151 956 5198 cbaricollcrie
974 5152 1127 5213 pontificale.
1148 5152 1202 5198 roir
1222 5165 1246 5200 11.
1261 5152 1379 5210 1111711.
1395 5154 1447 5200 ria.
1467 5153 1520 5199 aad.
1539 5178 1571 5184 -
1588 5152 1611 5201 2.
1625 5150 1685 5196 Voir
1697 5164 1721 5200 n.
1734 5149 1800 5197 lais.
1810 5166 1864 5178 ’-

488 5228 510 5273 3.
526 5225 584 5272 l'oir
596 5240 620 5271 11.
634 5227 686 5278 529,
700 5226 758 5274 lilii.
768 5251 799 5257 -
816 5224 838 5272 4.
852 5222 913 5270 Voir
924 5237 949 5270 11.
963 5224 1032 5273 1238.
