4650 6059
492 784 547 851 122
1010 784 1104 859 4343,
1128 785 1164 848 14
1186 783 1314 851 octobre.

535 943 617 1007 541.
636 934 724 1001 Item
739 955 834 1021 supp.
850 935 959 1002 dictus
974 934 1170 1015 Willelmus,
1187 936 1243 1020 qui
1269 936 1414 1003 intendit
1428 936 1511 1004 duas
1526 939 1645 1024 capell.
1662 938 1798 1005 fundare
1814 939 1843 1004 in

491 1041 578 1107 dioc.
593 1039 792 1119 Tornacen.,
808 1059 930 1124 easque
950 1059 1043 1126 perp.
1059 1038 1242 1106 redditibus
1264 1038 1468 1107 sufficienter
1483 1040 1610 1123 dotare,
1626 1050 1718 1127 quat.
1730 1044 1783 1129 jus
1792 1064 1843 1129 pa·

492 1154 644 1211 tronatus
668 1153 703 1209 et
736 1144 948 1230 presentandi
973 1146 1163 1232 capellanos
1189 1146 1361 1213 addictas
1388 1147 1507 1233 capell.
1532 1148 1593 1214 sibi
1619 1157 1654 1214 et
1679 1168 1842 1214 successo·

492 1250 581 1314 ribus
596 1249 663 1314 suis
678 1249 925 1335 imperpetuum
942 1250 1126 1316 concedere
1141 1251 1334 1335 dignemini,
1347 1261 1384 1318 ut
1400 1252 1434 1317 in
1449 1253 1567 1319 forma.
1583 1293 1627 1303 —
1643 1251 1721 1318 Fiat
1736 1251 1774 1318 R

535 1430 621 1491 542.
640 1424 726 1489 Item
742 1445 837 1511 supp.
855 1421 1052 1489 Franciscus
1066 1424 1108 1490 de
1125 1423 1356 1506 Coudekerke‚
1374 1425 1518 1506 scutifer,
1535 1426 1671 1491 nuntius
1685 1434 1724 1490 ut
1739 1445 1842 1511 supra,

491 1539 582 1613 quat.
600 1528 659 1594 sibi
676 1537 711 1593 et
728 1527 928 1613 Margarete,
954 1527 1025 1612 ejus
1050 1529 1155 1611 uxori,
1171 1529 1300 1596 litteras
1315 1532 1385 1596 abs.
1405 1530 1440 1595 In
1463 1536 1562 1596 mort.
1589 1538 1652 1595 art.
1677 1528 1842 1614 indulgere

490 1632 683 1717 dignemini,
700 1633 782 1698 utin
798 1631 914 1698 sonna.
931 1631 1065 1697 —Fiat
1083 1632 1122 1699 R.

533 1812 616 1875 543.
634 1805 720 1871 Item
737 1826 832 1891 supp.
848 1804 957 1870 dictus
973 1800 1001 1866 F
1002 1803 1179 1885 ranciscus,
1196 1810 1287 1887 quat.
1299 1804 1392 1870 fratri
1409 1825 1470 1870 suo
1487 1803 1653 1870 Folcardo
1662 1804 1706 1871 de
1718 1803 1843 1872 Coude-

489 1909 602 1988 kerke‚
619 1910 697 1976 cler.
726 1908 893 1973 MorInen.
909 1907 1006 1988 dioc,
1028 1907 1070 1973 de
1096 1910 1173 1973 ben.
1188 1908 1270 1975 eccl.
1287 1928 1315 1975 c.
1341 1928 1371 1976 c.
1387 1910 1441 1973 vel
1457 1929 1482 1975 s.
1499 1930 1538 1990 c.,
1554 1916 1731 1995 spectante
1757 1930 1843 1976 com-

490 2014 633 2079 muniter
657 2015 711 2078 vel
738 2012 868 2078 divisim
900 2011 943 2077 ad
958 2013 1056 2079 coll...
1083 2014 1157 2078 abb.
1185 2020 1220 2078 et
1246 2033 1344 2079 conv.
1370 2012 1402 2079 S.
1423 2012 1609 2079 WInnoci¹
1636 2012 1844 2099 Berghensis,

489 2119 530 2183 Ο.
548 2119 578 2184 S.
596 2117 645 2198 B,
663 2117 830 2184 Morinen.
851 2117 948 2195 dioc..
975 2116 1156 2202 dignemini
1182 2116 1368 2202 provIdere.
1385 2158 1429 2167 -
1453 2116 1530 2182 Fiat
1553 2117 1716 2203 usquead
1733 2118 1843 2183 6olib.

489 2241 518 2287 c.
535 2243 574 2302 c.,
592 2243 632 2305 40
648 2241 673 2286 s.
690 2242 730 2301 c.,
749 2220 787 2287 R.

532 2394 620 2455 544.
639 2385 725 2452 Item
741 2408 836 2473 supp.
852 2386 1038 2450 Willelmus
1061 2385 1212 2469 Quintin,
1237 2385 1380 2466 scutifer,
1396 2386 1532 2452 nuntius
1556 2393 1593 2452 ut
1618 2406 1728 2473 supra,
1753 2396 1844 2472 quat.

489 2490 549 2556 sibi
567 2500 601 2555 et
618 2490 811 2570 Katherine,
824 2491 894 2575 eius
905 2490 1009 2571 uxori,
1022 2490 1151 2556 litteras
1160 2492 1229 2556 abs
1239 2490 1273 2555 in
1283 2497 1382 2557 mort.
1394 2497 1456 2557 art.
1469 2489 1641 2575 indulgere
1652 2490 1844 2575 dignemini,

489 2595 574 2659 utin
590 2593 706 2661 forma.
722 2635 765 2644 -
781 2592 809 2658 F
811 2594 856 2660 iat
873 2593 913 2660 R.

531 2773 616 2836 545.
634 2764 721 2831 Item
737 2787 832 2851 supp.
848 2766 957 2832 dictus
973 2766 1159 2832 Willelmus
1174 2775 1266 2851 quat.
1283 2765 1507 2851 indulgentias
1529 2766 1715 2833 concedere
1731 2766 1845 2852 digne·

488 2870 581 2950 mini,
607 2878 706 2956 prout
731 2869 771 2936 V.
801 2870 963 2955 placuerit
996 2870 1038 2950 S.,
1068 2870 1224 2936 omnibus
1251 2869 1537 2936 benefacientibus
1563 2869 1700 2960 cuidam
1727 2869 1842 2937 domui

487 2973 608 3038 situate
621 2974 654 3037 in
670 2974 749 3039 villa
763 2973 806 3039 de
822 2972 1049 3059 Bourbourgh,
1073 2972 1240 3040 Morinen.
1264 2973 1362 3054 dioc,
1386 2973 1419 3038 in
1435 2994 1502 3059 qua
1526 2974 1569 3040 de
1584 2974 1726 3061 propriis
1748 2974 1844 3039 bonis

486 3097 610 3161 ponere
626 3078 784 3164 proponit
800 3098 857 3143 sex
872 3077 979 3143 lectos
990 3098 1052 3164 pro
1068 3078 1250 3143 infirmiset
1265 3077 1467 3163 pauperibus
1481 3076 1757 3164 hospitandis-
1769 3076 1844 3143 Fiat

485 3180 527 3245 de
547 3202 606 3245 roo
621 3181 746 3263 diebus
765 3181 804 3249 R.

529 3347 612 3411 546.
630 3343 717 3411 Item
734 3368 829 3431 supp.
847 3344 1007 3411 Nicolaus
1021 3345 1130 3411 dictus
1154 3345 1314 3431 Stapelin,
1330 3347 1407 3411 cler.
1424 3347 1630 3431 conjugatus,
1654 3346 1792 3412 nuntIus
1808 3356 1844 3411 ut

485 3467 593 3532 supra,
610 3457 702 3533 quat.
719 3449 779 3514 sibi
795 3448 837 3514 de
851 3449 1002 3515 custodia
1018 3451 1071 3514 vel
1089 3449 1144 3514 ofl'.
1161 3450 1232 3515 sive
1247 3449 1482 3530 matricularia
1500 3458 1676 3536 spectante
1692 3471 1843 3517 commu-

484 3552 571 3616 niter
598 3556 651 3618 vel
675 3554 816 3633 divisim,
844 3553 885 3619 ad
910 3555 1008 3619 coll...
1032 3557 1107 3620 abb.
1129 3562 1163 3619 et
1192 3574 1289 3620 conr.
1317 3555 1510 3620 monasterii
1536 3555 1567 3620 S.
1587 3551 1737 3621 Bavonis
1753 3554 1841 3621 Gan-

483 3654 603 3737 densis,
620 3656 662 3723 O.
680 3657 710 3722 S.
728 3656 776 3739 B,
793 3656 979 3724 Tornacen.
995 3658 1092 3739 dioc,
1105 3658 1288 3742 dignemini
1304 3658 1489 3744 providere.
1506 3656 1639 3723 -Fiat
1657 3656 1698 3724 R.

526 3837 609 3901 547.
628 3829 713 3894 Item
739 3851 834 3915 supp.
861 3829 970 3896 dictus
999 3828 1170 3910 NicolauS,
1186 3829 1286 3914 quod,
1303 3850 1379 3896 cum
1396 3828 1415 3907 J
1419 3829 1543 3896 udocus
1565 3830 1608 3896 de
1625 3828 1839 3917 Heymsrode

481 3934 647 4017 quandam
664 3937 783 4020 capell.
808 3934 841 3998 in
858 3936 940 4000 eccl.
956 3933 1109 4019 parroclr.
1125 3933 1167 3999 de
1185 3930 1359 4014 Roulliers,
1375 3931 1561 4000 Tornacen.
1572 3933 1671 4015 dinc,
1684 3935 1840 4001 edificare

481 4047 514 4101 et
530 4038 646 4102 dotare
662 4048 837 4124 proponat,
855 4046 946 4124 quat.
960 4038 1013 4122 jus
1028 4047 1223 4122 patronatus
1248 4037 1291 4103 ad
1317 4038 1434 4125 capell.
1450 4038 1646 4124 predictam,
1664 4037 1838 4104 fundatam

480 4140 632 4225 primitus
648 4151 683 4204 et
698 4142 860 4221 dotatam,
886 4141 1070 4206 concedere
1085 4141 1267 4226 dignemini
1294 4140 1425 4219 Judoco
1441 4149 1475 4206 et
1499 4141 1568 4227 ejus
1584 4142 1837 4209 successorrbus.

480 4287 522 4295 —
539 4246 623 4326 Fiat,
641 4247 734 4311 salvo
750 4247 783 4310 ln
800 4246 871 4311 aliis
884 4246 956 4326 jure
972 4246 1179 4331 parrochIali,
1198 4245 1237 4311 R.

524 4423 608 4483 548.
626 4415 713 4481 Item
730 4437 824 4502 supp.
840 4416 979 4501 predicti
1007 4416 1124 4496 nuntii,
1149 4425 1239 4500 quat.
1266 4415 1345 4481 dom
1362 4415 1463 4481 Petro
1478 4415 1520 4481 de
1537 4413 1601 4501 Vv,
1617 4435 1734 4482 eorum
1751 4417 1836 4494 cler,

479 4519 612 4585 deben.
630 4521 711 4586 eccl.
728 4542 756 4585 c.
774 4523 872 4585 evei
889 4542 913 4586 s.
935 4543 974 4601 c.,
998 4528 1173 4607 spectante
1196 4520 1419 4585 communiter
1441 4521 1496 4584 vel
1518 4519 1651 4586 divisim
1674 4520 1719 4587 ad
1741 4521 1835 4588 coll...

480 4625 591 4710 episc,
608 4625 679 4691 dec.
697 4634 731 4689 et
747 4645 818 4710 cap.
830 4623 1024 4705 Nivemen,
1035 4646 1093 4689 seu
1105 4624 1317 4709 singularium
1330 4644 1546 4710 personarum
1559 4623 1641 4691 eccl.
1653 4622 1834 4691 Nivemen.

480 4728 638 4813 predicte,
661 4728 843 4812 dignemini
866 4728 1041 4814 providere
1061 4751 1069 4809 ;
1094 4748 1162 4792 non
1186 4730 1271 4792 obst.
1294 4727 1384 4812 quod
1408 4748 1480 4793 can.
1508 4729 1568 4791 sub
1595 4748 1671 4814 exp.
1687 4731 1781 4814 preb.
1803 4726 1833 4790 in

479 4833 569 4898 dicta
596 4835 687 4911 eccl..
705 4855 762 4898 seu
778 4834 928 4919 parroclr.
946 4835 1026 4897 eccl.
1048 4832 1090 4896 de
1107 4830 1308 4917 Bappalmis,
1331 4833 1544 4896 Attrebaten.
1567 4829 1667 4911 dioc,
1691 4831 1834 4898 noscitur

480 4938 640 5003 obtinere.
658 4976 689 4985 -
712 4935 787 5002 Fiat
803 4959 905 5021 usque
921 4936 963 5001 ad
982 4941 1020 5000 60
1037 4936 1092 5001 lib.
1109 4957 1138 5000 e.
1154 4957 1194 5014 c.,
1210 4955 1252 5018 40
1268 4956 1292 4999 s
1309 4956 1348 5016 c.,
1367 4934 1405 5000 R.

523 5042 600 5105 Dat.
617 5042 717 5105 Avin.
735 5062 752 5105 2
771 5041 813 5106 id.
831 5050 898 5105 oct.
915 5048 947 5104 a⁰
965 5048 1007 5104 2⁰.
1024 5040 1072 5123 (3,
1091 5038 1197 5122 257‘).

512 5229 540 5290 a)
556 5228 612 5276 (lid.
626 5243 635 5273 .·
647 5228 766 5276 WInociI.
