<?xml version="1.0" encoding="UTF-8"?>
<!DOCTYPE html PUBLIC "-//W3C//DTD XHTML 1.0 Transitional//EN"
    "http://www.w3.org/TR/xhtml1/DTD/xhtml1-transitional.dtd">
<html xmlns="http://www.w3.org/1999/xhtml" xml:lang="en" lang="en">
 <head>
  <title>
</title>
<meta http-equiv="Content-Type" content="text/html;charset=utf-8" />
  <meta name='ocr-system' content='tesseract 3.04.00' />
  <meta name='ocr-capabilities' content='ocr_page ocr_carea ocr_par ocr_line ocrx_word'/>
</head>
<body>
  <div class='ocr_page' id='page_1' title='image "./suppliquesdeclm00goog_0337.png"; bbox 0 0 4650 6059; ppageno 0'>
   <div class='ocr_carea' id='block_1_1' title="bbox 559 782 1387 854">
    <p class='ocr_par' dir='ltr' id='par_1_1' title="bbox 559 782 1387 854">
     <span class='ocr_line' id='line_1_1' title="bbox 559 782 1387 854; baseline -0.012 -1"><span class='ocrx_word' id='word_1_1' title='bbox 559 789 618 853; x_wconf 82' lang='lat'><strong>282</strong></span> <span class='ocrx_word' id='word_1_2' title='bbox 1088 782 1173 854; x_wconf 81' lang='lat'><strong>1346,</strong></span> <span class='ocrx_word' id='word_1_3' title='bbox 1199 782 1238 844; x_wconf 83' lang='lat'><strong>25</strong></span> <span class='ocrx_word' id='word_1_4' title='bbox 1260 782 1387 845; x_wconf 83' lang='lat' dir='ltr'>octobre.</span> 
     </span>
    </p>
   </div>
   <div class='ocr_carea' id='block_1_2' title="bbox 551 928 1968 2572">
    <p class='ocr_par' dir='ltr' id='par_1_2' title="bbox 551 928 1968 2049">
     <span class='ocr_line' id='line_1_2' title="bbox 601 928 1921 1016; baseline -0.001 -17"><span class='ocrx_word' id='word_1_5' title='bbox 601 939 701 1000; x_wconf 88' lang='lat'>1087.</span> <span class='ocrx_word' id='word_1_6' title='bbox 720 934 807 999; x_wconf 88' lang='lat' dir='ltr'><strong>Item</strong></span> <span class='ocrx_word' id='word_1_7' title='bbox 823 933 944 998; x_wconf 90' lang='lat' dir='ltr'><strong>eodem</strong></span> <span class='ocrx_word' id='word_1_8' title='bbox 961 930 1064 996; x_wconf 91' lang='lat' dir='ltr'><strong>modo</strong></span> <span class='ocrx_word' id='word_1_9' title='bbox 1080 951 1175 1015; x_wconf 88' lang='lat' dir='ltr'><strong>supp.</strong></span> <span class='ocrx_word' id='word_1_10' title='bbox 1191 928 1333 1015; x_wconf 86' lang='lat' dir='ltr'>predicti</span> <span class='ocrx_word' id='word_1_11' title='bbox 1355 929 1549 1010; x_wconf 87' lang='lat' dir='ltr'><strong>cardinales,</strong></span> <span class='ocrx_word' id='word_1_12' title='bbox 1578 939 1669 1016; x_wconf 92' lang='lat' dir='ltr'><strong>quat.</strong></span> <span class='ocrx_word' id='word_1_13' title='bbox 1695 932 1861 999; x_wconf 90' lang='lat' dir='ltr'><strong>Therrico</strong></span> <span class='ocrx_word' id='word_1_14' title='bbox 1882 934 1921 1000; x_wconf 90' lang='lat' dir='ltr'><strong>de</strong></span> 
     </span>
     <span class='ocr_line' id='line_1_3' title="bbox 558 1033 1919 1123; baseline 0.001 -21"><span class='ocrx_word' id='word_1_15' title='bbox 558 1040 720 1123; x_wconf 78' lang='lat' dir='ltr'><strong>Autrey0,</strong></span> <span class='ocrx_word' id='word_1_16' title='bbox 737 1038 894 1118; x_wconf 75' lang='lat' dir='ltr'><strong>subdiac,</strong></span> <span class='ocrx_word' id='word_1_17' title='bbox 910 1036 990 1102; x_wconf 93' lang='lat' dir='ltr'><strong>dicti</strong></span> <span class='ocrx_word' id='word_1_18' title='bbox 1008 1034 1098 1100; x_wconf 90' lang='lat' dir='ltr'><strong>card.</strong></span> <span class='ocrx_word' id='word_1_19' title='bbox 1116 1034 1149 1098; x_wconf 93' lang='lat' dir='ltr'><strong>in</strong></span> <span class='ocrx_word' id='word_1_20' title='bbox 1167 1033 1223 1099; x_wconf 87' lang='lat' dir='ltr'><strong>off.</strong></span> <span class='ocrx_word' id='word_1_21' title='bbox 1240 1035 1369 1118; x_wconf 91' lang='lat' dir='ltr'><strong>capelle</strong></span> <span class='ocrx_word' id='word_1_22' title='bbox 1385 1033 1539 1099; x_wconf 85' lang='lat' dir='ltr'><strong>familiari</strong></span> <span class='ocrx_word' id='word_1_23' title='bbox 1556 1034 1747 1102; x_wconf 89' lang='lat' dir='ltr'><strong>domestico</strong></span> <span class='ocrx_word' id='word_1_24' title='bbox 1769 1045 1805 1102; x_wconf 91' lang='lat' dir='ltr'><strong>et</strong></span> <span class='ocrx_word' id='word_1_25' title='bbox 1822 1038 1919 1103; x_wconf 86' lang='lat' dir='ltr'><strong>servi-</strong></span> 
     </span>
     <span class='ocr_line' id='line_1_4' title="bbox 558 1137 1920 1226; baseline -0.001 -20"><span class='ocrx_word' id='word_1_26' title='bbox 558 1143 621 1207; x_wconf 84' lang='lat' dir='ltr'><strong>tori</strong></span> <span class='ocrx_word' id='word_1_27' title='bbox 639 1143 789 1226; x_wconf 90' lang='lat' dir='ltr'><strong>antiquo,</strong></span> <span class='ocrx_word' id='word_1_28' title='bbox 805 1141 840 1206; x_wconf 95' lang='lat' dir='ltr'><strong>in</strong></span> <span class='ocrx_word' id='word_1_29' title='bbox 855 1141 949 1205; x_wconf 90' lang='lat' dir='ltr'><strong>nullo</strong></span> <span class='ocrx_word' id='word_1_30' title='bbox 964 1146 1191 1215; x_wconf 88' lang='lat' dir='ltr'><strong>remunerato,</strong></span> <span class='ocrx_word' id='word_1_31' title='bbox 1207 1158 1268 1223; x_wconf 92' lang='lat' dir='ltr'><strong>pro</strong></span> <span class='ocrx_word' id='word_1_32' title='bbox 1284 1158 1351 1221; x_wconf 92' lang='lat' dir='ltr'><strong>quo</strong></span> <span class='ocrx_word' id='word_1_33' title='bbox 1368 1137 1472 1202; x_wconf 89' lang='lat' dir='ltr'><strong>etiam</strong></span> <span class='ocrx_word' id='word_1_34' title='bbox 1487 1137 1599 1202; x_wconf 91' lang='lat' dir='ltr'><strong>dictus</strong></span> <span class='ocrx_word' id='word_1_35' title='bbox 1627 1139 1718 1204; x_wconf 90' lang='lat' dir='ltr'><strong>card.</strong></span> <span class='ocrx_word' id='word_1_36' title='bbox 1749 1141 1920 1207; x_wconf 87' lang='lat' dir='ltr'><strong>conscien-</strong></span> 
     </span>
     <span class='ocr_line' id='line_1_5' title="bbox 558 1240 1919 1330; baseline 0 -21"><span class='ocrx_word' id='word_1_37' title='bbox 558 1245 639 1310; x_wconf 85' lang='lat' dir='ltr'><strong>tiam</strong></span> <span class='ocrx_word' id='word_1_38' title='bbox 667 1245 846 1330; x_wconf 82' lang='lat' dir='ltr'><strong>specialem</strong></span> <span class='ocrx_word' id='word_1_39' title='bbox 872 1243 1026 1309; x_wconf 91' lang='lat' dir='ltr'><strong>faeiendo</strong></span> <span class='ocrx_word' id='word_1_40' title='bbox 1052 1240 1228 1306; x_wconf 89' lang='lat' dir='ltr'><strong>mandavit</strong></span> <span class='ocrx_word' id='word_1_41' title='bbox 1254 1241 1431 1326; x_wconf 89' lang='lat' dir='ltr'><strong>supplicari</strong></span> <span class='ocrx_word' id='word_1_42' title='bbox 1459 1240 1501 1306; x_wconf 91' lang='lat' dir='ltr'><strong>de</strong></span> <span class='ocrx_word' id='word_1_43' title='bbox 1536 1242 1650 1325; x_wconf 90' lang='lat' dir='ltr'><strong>aliquo</strong></span> <span class='ocrx_word' id='word_1_44' title='bbox 1681 1244 1919 1310; x_wconf 87' lang='lat' dir='ltr'><strong>beneficiorum</strong></span> 
     </span>
     <span class='ocr_line' id='line_1_6' title="bbox 558 1345 1968 1434; baseline -0.004 -20"><span class='ocrx_word' id='word_1_45' title='bbox 558 1370 692 1415; x_wconf 91' lang='lat' dir='ltr'><strong>suorum</strong></span> <span class='ocrx_word' id='word_1_46' title='bbox 706 1373 714 1429; x_wconf 89' lang='lat'>;</span> <span class='ocrx_word' id='word_1_47' title='bbox 732 1350 787 1434; x_wconf 93' lang='lat' dir='ltr'><strong>qui</strong></span> <span class='ocrx_word' id='word_1_48' title='bbox 803 1349 938 1434; x_wconf 90' lang='lat' dir='ltr'><strong>quidem</strong></span> <span class='ocrx_word' id='word_1_49' title='bbox 954 1347 1095 1411; x_wconf 85' lang='lat' dir='ltr'><strong>servitor</strong></span> <span class='ocrx_word' id='word_1_50' title='bbox 1110 1345 1153 1411; x_wconf 91' lang='lat' dir='ltr'><strong>de</strong></span> <span class='ocrx_word' id='word_1_51' title='bbox 1168 1346 1279 1410; x_wconf 90' lang='lat' dir='ltr'><strong>rotulo</strong></span> <span class='ocrx_word' id='word_1_52' title='bbox 1302 1346 1382 1410; x_wconf 92' lang='lat' dir='ltr'><strong>olim</strong></span> <span class='ocrx_word' id='word_1_53' title='bbox 1399 1366 1418 1410; x_wconf 89' lang='lat' dir='ltr'><strong>a</strong></span> <span class='ocrx_word' id='word_1_54' title='bbox 1433 1345 1527 1411; x_wconf 91' lang='lat' dir='ltr'><strong>dicto</strong></span> <span class='ocrx_word' id='word_1_55' title='bbox 1552 1347 1652 1429; x_wconf 77' lang='lat' dir='ltr'><strong>card,</strong></span> <span class='ocrx_word' id='word_1_56' title='bbox 1678 1347 1712 1414; x_wconf 91' lang='lat' dir='ltr'><strong>in</strong></span> <span class='ocrx_word' id='word_1_57' title='bbox 1739 1349 1920 1434; x_wconf 88' lang='lat' dir='ltr'><strong>primordio</strong></span> <span class='ocrx_word' id='word_1_58' title='bbox 1966 1403 1968 1409; x_wconf 85' lang='lat'><strong>.</strong></span> 
     </span>
     <span class='ocr_line' id='line_1_7' title="bbox 558 1449 1919 1538; baseline 0.001 -22"><span class='ocrx_word' id='word_1_59' title='bbox 558 1463 667 1518; x_wconf 87' lang='lat' dir='ltr'><strong>vestre</strong></span> <span class='ocrx_word' id='word_1_60' title='bbox 684 1453 869 1532; x_wconf 73' lang='lat' dir='ltr'><strong>creationis</strong></span> <span class='ocrx_word' id='word_1_61' title='bbox 890 1472 951 1538; x_wconf 87' lang='lat' dir='ltr'><strong>pro</strong></span> <span class='ocrx_word' id='word_1_62' title='bbox 967 1451 1033 1515; x_wconf 92' lang='lat' dir='ltr'><strong>suis</strong></span> <span class='ocrx_word' id='word_1_63' title='bbox 1049 1449 1268 1514; x_wconf 88' lang='lat' dir='ltr'><strong>familiaribus</strong></span> <span class='ocrx_word' id='word_1_64' title='bbox 1284 1451 1400 1514; x_wconf 90' lang='lat' dir='ltr'><strong>oblato</strong></span> <span class='ocrx_word' id='word_1_65' title='bbox 1415 1450 1543 1514; x_wconf 90' lang='lat' dir='ltr'><strong>nullam</strong></span> <span class='ocrx_word' id='word_1_66' title='bbox 1571 1452 1755 1536; x_wconf 86' lang='lat' dir='ltr'><strong>reportavit</strong></span> <span class='ocrx_word' id='word_1_67' title='bbox 1771 1472 1831 1536; x_wconf 78' lang='lat' dir='ltr'><strong>gr,</strong></span> <span class='ocrx_word' id='word_1_68' title='bbox 1848 1473 1919 1518; x_wconf 90' lang='lat' dir='ltr'><strong>cum</strong></span> 
     </span>
     <span class='ocr_line' id='line_1_8' title="bbox 558 1553 1921 1643; baseline -0.001 -21"><span class='ocrx_word' id='word_1_69' title='bbox 558 1558 600 1623; x_wconf 92' lang='lat' dir='ltr'><strong>de</strong></span> <span class='ocrx_word' id='word_1_70' title='bbox 615 1561 691 1623; x_wconf 91' lang='lat' dir='ltr'><strong>hen.</strong></span> <span class='ocrx_word' id='word_1_71' title='bbox 707 1579 781 1623; x_wconf 89' lang='lat' dir='ltr'><strong>vac.</strong></span> <span class='ocrx_word' id='word_1_72' title='bbox 797 1578 859 1643; x_wconf 92' lang='lat' dir='ltr'><strong>pro</strong></span> <span class='ocrx_word' id='word_1_73' title='bbox 875 1557 948 1642; x_wconf 89' lang='lat' dir='ltr'><strong>ipso</strong></span> <span class='ocrx_word' id='word_1_74' title='bbox 964 1554 1073 1641; x_wconf 91' lang='lat' dir='ltr'><strong>petito</strong></span> <span class='ocrx_word' id='word_1_75' title='bbox 1089 1553 1205 1619; x_wconf 90' lang='lat' dir='ltr'><strong>fuisset</strong></span> <span class='ocrx_word' id='word_1_76' title='bbox 1232 1574 1292 1639; x_wconf 90' lang='lat' dir='ltr'><strong>per</strong></span> <span class='ocrx_word' id='word_1_77' title='bbox 1320 1553 1359 1619; x_wconf 90' lang='lat' dir='ltr'><strong>E.</strong></span> <span class='ocrx_word' id='word_1_78' title='bbox 1376 1553 1407 1619; x_wconf 87' lang='lat' dir='ltr'><strong>S.</strong></span> <span class='ocrx_word' id='word_1_79' title='bbox 1434 1554 1529 1618; x_wconf 89' lang='lat' dir='ltr'><strong>alteri</strong></span> <span class='ocrx_word' id='word_1_80' title='bbox 1555 1563 1636 1620; x_wconf 91' lang='lat' dir='ltr'><strong>tunc</strong></span> <span class='ocrx_word' id='word_1_81' title='bbox 1662 1554 1860 1640; x_wconf 87' lang='lat' dir='ltr'><strong>provisum;</strong></span> <span class='ocrx_word' id='word_1_82' title='bbox 1882 1556 1921 1621; x_wconf 89' lang='lat' dir='ltr'><strong>de</strong></span> 
     </span>
     <span class='ocr_line' id='line_1_9' title="bbox 551 1656 1921 1747; baseline -0.001 -20"><span class='ocrx_word' id='word_1_83' title='bbox 551 1683 632 1727; x_wconf 73' lang='lat' dir='ltr'><strong>oen.</strong></span> <span class='ocrx_word' id='word_1_84' title='bbox 649 1670 684 1726; x_wconf 91' lang='lat' dir='ltr'><strong>et</strong></span> <span class='ocrx_word' id='word_1_85' title='bbox 699 1665 791 1747; x_wconf 91' lang='lat' dir='ltr'><strong>preb.</strong></span> <span class='ocrx_word' id='word_1_86' title='bbox 815 1662 896 1727; x_wconf 91' lang='lat' dir='ltr'><strong>eccl.</strong></span> <span class='ocrx_word' id='word_1_87' title='bbox 923 1659 954 1724; x_wconf 87' lang='lat' dir='ltr'><strong>S.</strong></span> <span class='ocrx_word' id='word_1_88' title='bbox 980 1657 1156 1742; x_wconf 86' lang='lat' dir='ltr'><strong>Gaugerici</strong></span> <span class='ocrx_word' id='word_1_89' title='bbox 1182 1656 1412 1738; x_wconf 76' lang='lat' dir='ltr'><strong>Cameracen,</strong></span> <span class='ocrx_word' id='word_1_90' title='bbox 1440 1678 1499 1743; x_wconf 91' lang='lat' dir='ltr'><strong>per</strong></span> <span class='ocrx_word' id='word_1_91' title='bbox 1525 1658 1628 1744; x_wconf 92' lang='lat' dir='ltr'><strong>ipsius</strong></span> <span class='ocrx_word' id='word_1_92' title='bbox 1654 1660 1743 1725; x_wconf 92' lang='lat' dir='ltr'><strong>card.</strong></span> <span class='ocrx_word' id='word_1_93' title='bbox 1771 1661 1827 1726; x_wconf 92' lang='lat' dir='ltr'><strong>ob.</strong></span> <span class='ocrx_word' id='word_1_94' title='bbox 1852 1681 1921 1727; x_wconf 89' lang='lat' dir='ltr'><strong>vac.</strong></span> 
     </span>
     <span class='ocr_line' id='line_1_10' title="bbox 558 1761 1921 1852; baseline -0.002 -20"><span class='ocrx_word' id='word_1_95' title='bbox 558 1767 739 1851; x_wconf 87' lang='lat' dir='ltr'><strong>dignemini</strong></span> <span class='ocrx_word' id='word_1_96' title='bbox 767 1766 965 1852; x_wconf 90' lang='lat' dir='ltr'><strong>providere;</strong></span> <span class='ocrx_word' id='word_1_97' title='bbox 993 1783 1062 1828; x_wconf 91' lang='lat' dir='ltr'><strong>non</strong></span> <span class='ocrx_word' id='word_1_98' title='bbox 1088 1765 1175 1828; x_wconf 91' lang='lat' dir='ltr'><strong>obst.</strong></span> <span class='ocrx_word' id='word_1_99' title='bbox 1208 1761 1299 1846; x_wconf 94' lang='lat' dir='ltr'><strong>quod</strong></span> <span class='ocrx_word' id='word_1_100' title='bbox 1322 1761 1394 1847; x_wconf 92' lang='lat' dir='ltr'><strong>ipse</strong></span> <span class='ocrx_word' id='word_1_101' title='bbox 1420 1763 1574 1847; x_wconf 90' lang='lat' dir='ltr'><strong>parroch.</strong></span> <span class='ocrx_word' id='word_1_102' title='bbox 1599 1764 1681 1828; x_wconf 89' lang='lat' dir='ltr'><strong>eccl.</strong></span> <span class='ocrx_word' id='word_1_103' title='bbox 1706 1763 1749 1828; x_wconf 91' lang='lat' dir='ltr'><strong>de</strong></span> <span class='ocrx_word' id='word_1_104' title='bbox 1777 1762 1921 1843; x_wconf 88' lang='lat' dir='ltr'><strong>Pronna,</strong></span> 
     </span>
     <span class='ocr_line' id='line_1_11' title="bbox 560 1864 1922 1952; baseline 0.001 -21"><span class='ocrx_word' id='word_1_105' title='bbox 560 1866 700 1931; x_wconf 91' lang='lat' dir='ltr'><strong>Remen.</strong></span> <span class='ocrx_word' id='word_1_106' title='bbox 717 1866 815 1946; x_wconf 84' lang='lat' dir='ltr'><strong>dioc,</strong></span> <span class='ocrx_word' id='word_1_107' title='bbox 839 1868 932 1951; x_wconf 90' lang='lat' dir='ltr'><strong>cujus</strong></span> <span class='ocrx_word' id='word_1_108' title='bbox 956 1875 1140 1952; x_wconf 89' lang='lat' dir='ltr'><strong>proventus</strong></span> <span class='ocrx_word' id='word_1_109' title='bbox 1167 1865 1270 1930; x_wconf 90' lang='lat' dir='ltr'><strong>annui</strong></span> <span class='ocrx_word' id='word_1_110' title='bbox 1296 1885 1463 1931; x_wconf 93' lang='lat' dir='ltr'><strong>summam</strong></span> <span class='ocrx_word' id='word_1_111' title='bbox 1492 1887 1530 1950; x_wconf 87' lang='lat'><strong>14</strong></span> <span class='ocrx_word' id='word_1_112' title='bbox 1555 1865 1611 1931; x_wconf 88' lang='lat' dir='ltr'><strong>lib.</strong></span> <span class='ocrx_word' id='word_1_113' title='bbox 1640 1864 1753 1946; x_wconf 83' lang='lat' dir='ltr'><strong>Paris,</strong></span> <span class='ocrx_word' id='word_1_114' title='bbox 1771 1887 1840 1933; x_wconf 89' lang='lat' dir='ltr'><strong>sec.</strong></span> <span class='ocrx_word' id='word_1_115' title='bbox 1855 1875 1922 1933; x_wconf 83' lang='lat' dir='ltr'><strong>tax.</strong></span> 
     </span>
     <span class='ocr_line' id='line_1_12' title="bbox 561 1960 1608 2049; baseline -0.003 -14"><span class='ocrx_word' id='word_1_116' title='bbox 561 1970 701 2048; x_wconf 89' lang='lat' dir='ltr'><strong>decime,</strong></span> <span class='ocrx_word' id='word_1_117' title='bbox 718 1990 787 2034; x_wconf 93' lang='lat' dir='ltr'><strong>non</strong></span> <span class='ocrx_word' id='word_1_118' title='bbox 804 1970 980 2049; x_wconf 88' lang='lat' dir='ltr'><strong>excedunt,</strong></span> <span class='ocrx_word' id='word_1_119' title='bbox 998 1969 1147 2036; x_wconf 91' lang='lat' dir='ltr'><strong>noscitur</strong></span> <span class='ocrx_word' id='word_1_120' title='bbox 1163 1969 1329 2036; x_wconf 92' lang='lat' dir='ltr'><strong>obtinere.</strong></span> <span class='ocrx_word' id='word_1_121' title='bbox 1607 1960 1608 1963; x_wconf 46' lang='lat'>&#39;</span> 
     </span>
    </p>

    <p class='ocr_par' dir='ltr' id='par_1_3' title="bbox 562 2071 1925 2451">
     <span class='ocr_line' id='line_1_13' title="bbox 605 2071 1924 2157; baseline 0.003 -22"><span class='ocrx_word' id='word_1_122' title='bbox 605 2071 667 2137; x_wconf 90' lang='lat' dir='ltr'><strong>Vel</strong></span> <span class='ocrx_word' id='word_1_123' title='bbox 683 2073 725 2138; x_wconf 89' lang='lat' dir='ltr'><strong>de</strong></span> <span class='ocrx_word' id='word_1_124' title='bbox 739 2076 816 2139; x_wconf 91' lang='lat' dir='ltr'><strong>ben.</strong></span> <span class='ocrx_word' id='word_1_125' title='bbox 833 2075 915 2140; x_wconf 89' lang='lat' dir='ltr'><strong>eccl.</strong></span> <span class='ocrx_word' id='word_1_126' title='bbox 932 2095 961 2139; x_wconf 91' lang='lat' dir='ltr'><strong>c.</strong></span> <span class='ocrx_word' id='word_1_127' title='bbox 978 2094 1006 2138; x_wconf 93' lang='lat' dir='ltr'><strong>c.</strong></span> <span class='ocrx_word' id='word_1_128' title='bbox 1024 2093 1127 2157; x_wconf 91' lang='lat' dir='ltr'><strong>usque</strong></span> <span class='ocrx_word' id='word_1_129' title='bbox 1144 2072 1188 2138; x_wconf 93' lang='lat' dir='ltr'><strong>ad</strong></span> <span class='ocrx_word' id='word_1_130' title='bbox 1204 2074 1255 2156; x_wconf 90' lang='lat'><strong>80,</strong></span> <span class='ocrx_word' id='word_1_131' title='bbox 1281 2072 1335 2137; x_wconf 90' lang='lat' dir='ltr'><strong>vel</strong></span> <span class='ocrx_word' id='word_1_132' title='bbox 1352 2093 1377 2137; x_wconf 93' lang='lat' dir='ltr'><strong>s.</strong></span> <span class='ocrx_word' id='word_1_133' title='bbox 1394 2091 1424 2137; x_wconf 92' lang='lat' dir='ltr'><strong>c.</strong></span> <span class='ocrx_word' id='word_1_134' title='bbox 1439 2092 1544 2156; x_wconf 90' lang='lat' dir='ltr'><strong>usque</strong></span> <span class='ocrx_word' id='word_1_135' title='bbox 1560 2071 1604 2137; x_wconf 88' lang='lat' dir='ltr'><strong>ad</strong></span> <span class='ocrx_word' id='word_1_136' title='bbox 1625 2092 1664 2156; x_wconf 84' lang='lat'><strong>50</strong></span> <span class='ocrx_word' id='word_1_137' title='bbox 1689 2073 1758 2154; x_wconf 92' lang='lat' dir='ltr'><strong>lib.,</strong></span> <span class='ocrx_word' id='word_1_138' title='bbox 1775 2094 1843 2139; x_wconf 90' lang='lat' dir='ltr'><strong>sec.</strong></span> <span class='ocrx_word' id='word_1_139' title='bbox 1859 2081 1924 2139; x_wconf 88' lang='lat' dir='ltr'><strong>tax.</strong></span> 
     </span>
     <span class='ocr_line' id='line_1_14' title="bbox 562 2174 1925 2262; baseline 0.001 -20"><span class='ocrx_word' id='word_1_140' title='bbox 562 2176 701 2256; x_wconf 89' lang='lat' dir='ltr'><strong>decime,</strong></span> <span class='ocrx_word' id='word_1_141' title='bbox 731 2186 836 2262; x_wconf 91' lang='lat' dir='ltr'><strong>spect.</strong></span> <span class='ocrx_word' id='word_1_142' title='bbox 864 2177 908 2242; x_wconf 93' lang='lat' dir='ltr'><strong>ad</strong></span> <span class='ocrx_word' id='word_1_143' title='bbox 934 2178 1043 2242; x_wconf 79' lang='lat' dir='ltr'><strong>coll...</strong></span> <span class='ocrx_word' id='word_1_144' title='bbox 1068 2176 1181 2262; x_wconf 72' lang='lat' dir='ltr'><strong>episc,</strong></span> <span class='ocrx_word' id='word_1_145' title='bbox 1204 2176 1328 2241; x_wconf 83' lang='lat' dir='ltr'><strong>decet</strong></span> <span class='ocrx_word' id='word_1_146' title='bbox 1349 2195 1422 2260; x_wconf 93' lang='lat' dir='ltr'><strong>cap.</strong></span> <span class='ocrx_word' id='word_1_147' title='bbox 1447 2174 1720 2260; x_wconf 84' lang='lat' dir='ltr'><strong>singulorumque</strong></span> <span class='ocrx_word' id='word_1_148' title='bbox 1747 2178 1925 2243; x_wconf 91' lang='lat' dir='ltr'><strong>canonico·</strong></span> 
     </span>
     <span class='ocr_line' id='line_1_15' title="bbox 562 2277 1925 2360; baseline 0 -15"><span class='ocrx_word' id='word_1_149' title='bbox 562 2302 645 2360; x_wconf 91' lang='lat' dir='ltr'><strong>rum,</strong></span> <span class='ocrx_word' id='word_1_150' title='bbox 662 2280 763 2345; x_wconf 90' lang='lat' dir='ltr'><strong>etiam</strong></span> <span class='ocrx_word' id='word_1_151' title='bbox 779 2282 805 2346; x_wconf 91' lang='lat' dir='ltr'><strong>si</strong></span> <span class='ocrx_word' id='word_1_152' title='bbox 822 2281 855 2345; x_wconf 94' lang='lat' dir='ltr'><strong>in</strong></span> <span class='ocrx_word' id='word_1_153' title='bbox 872 2282 954 2347; x_wconf 90' lang='lat' dir='ltr'><strong>eccl.</strong></span> <span class='ocrx_word' id='word_1_154' title='bbox 971 2280 1119 2347; x_wconf 87' lang='lat' dir='ltr'><strong>cathedr.</strong></span> <span class='ocrx_word' id='word_1_155' title='bbox 1136 2280 1269 2360; x_wconf 88' lang='lat' dir='ltr'><strong>existat,</strong></span> <span class='ocrx_word' id='word_1_156' title='bbox 1286 2281 1368 2345; x_wconf 87' lang='lat' dir='ltr'><strong>eccl.</strong></span> <span class='ocrx_word' id='word_1_157' title='bbox 1396 2277 1641 2344; x_wconf 84' lang='lat' dir='ltr'><strong>Cath&#39;alaunen.</strong></span> <span class='ocrx_word' id='word_1_158' title='bbox 1659 2320 1702 2327; x_wconf 97' lang='lat'><em>-</em></span> <span class='ocrx_word' id='word_1_159' title='bbox 1719 2278 1797 2344; x_wconf 90' lang='lat' dir='ltr'><strong>Fiat</strong></span> <span class='ocrx_word' id='word_1_160' title='bbox 1823 2280 1925 2345; x_wconf 88' lang='lat' dir='ltr'><strong>etiam</strong></span> 
     </span>
     <span class='ocr_line' id='line_1_16' title="bbox 564 2384 964 2451; baseline 0.003 -3"><span class='ocrx_word' id='word_1_161' title='bbox 564 2384 589 2448; x_wconf 93' lang='lat' dir='ltr'><strong>si</strong></span> <span class='ocrx_word' id='word_1_162' title='bbox 607 2384 640 2447; x_wconf 92' lang='lat' dir='ltr'><strong>in</strong></span> <span class='ocrx_word' id='word_1_163' title='bbox 657 2385 739 2450; x_wconf 91' lang='lat' dir='ltr'><strong>eccl.</strong></span> <span class='ocrx_word' id='word_1_164' title='bbox 756 2385 905 2451; x_wconf 88' lang='lat' dir='ltr'><strong>cathedr.</strong></span> <span class='ocrx_word' id='word_1_165' title='bbox 924 2384 964 2449; x_wconf 91' lang='lat' dir='ltr'><strong>R.</strong></span> 
     </span>
    </p>

    <p class='ocr_par' dir='ltr' id='par_1_4' title="bbox 609 2487 1341 2572">
     <span class='ocr_line' id='line_1_17' title="bbox 609 2487 1341 2572; baseline 0.003 -22"><span class='ocrx_word' id='word_1_166' title='bbox 609 2487 687 2551; x_wconf 91' lang='lat' dir='ltr'><strong>Dat.</strong></span> <span class='ocrx_word' id='word_1_167' title='bbox 704 2487 803 2552; x_wconf 82' lang='lat' dir='ltr'><strong>Avin.</strong></span> <span class='ocrx_word' id='word_1_168' title='bbox 824 2509 861 2572; x_wconf 82' lang='lat'><strong>14</strong></span> <span class='ocrx_word' id='word_1_169' title='bbox 878 2488 943 2552; x_wconf 91' lang='lat' dir='ltr'><strong>kal.</strong></span> <span class='ocrx_word' id='word_1_170' title='bbox 959 2509 1037 2553; x_wconf 73' lang='lat' dir='ltr'><strong>nov</strong></span> <span class='ocrx_word' id='word_1_171' title='bbox 1053 2495 1086 2553; x_wconf 91' lang='lat' dir='ltr'><strong>a⁰</strong></span> <span class='ocrx_word' id='word_1_172' title='bbox 1104 2496 1145 2571; x_wconf 89' lang='lat'><strong>5⁰.</strong></span> <span class='ocrx_word' id='word_1_173' title='bbox 1163 2488 1234 2571; x_wconf 89' lang='lat'><strong>(12,</strong></span> <span class='ocrx_word' id='word_1_174' title='bbox 1255 2489 1341 2572; x_wconf 89' lang='lat'><strong>121).</strong></span> 
     </span>
    </p>
   </div>
   <div class='ocr_carea' id='block_1_3' title="bbox 617 2623 1885 2723">
    <p class='ocr_par' dir='ltr' id='par_1_5' title="bbox 617 2623 1885 2723">
     <span class='ocr_line' id='line_1_18' title="bbox 617 2623 1885 2723; baseline 0 -21"><span class='ocrx_word' id='word_1_175' title='bbox 617 2623 918 2708; x_wconf 85' lang='lat'>1088-1090</span> <span class='ocrx_word' id='word_1_176' title='bbox 1574 2639 1669 2723; x_wconf 67' lang='lat'><strong>1346,</strong></span> <span class='ocrx_word' id='word_1_177' title='bbox 1686 2658 1729 2719; x_wconf 83' lang='lat'><strong>25</strong></span> <span class='ocrx_word' id='word_1_178' title='bbox 1745 2638 1885 2704; x_wconf 70' lang='lat' dir='ltr'><strong>octobre.</strong></span> 
     </span>
    </p>
   </div>
   <div class='ocr_carea' id='block_1_4' title="bbox 563 2741 1929 3038">
    <p class='ocr_par' dir='ltr' id='par_1_6' title="bbox 563 2741 1929 3038">
     <span class='ocr_line' id='line_1_19' title="bbox 608 2741 1929 2829; baseline -0.002 -22"><span class='ocrx_word' id='word_1_179' title='bbox 608 2743 708 2829; x_wconf 87' lang='lat' dir='ltr'><strong>Supp.</strong></span> <span class='ocrx_word' id='word_1_180' title='bbox 734 2742 903 2808; x_wconf 89' lang='lat' dir='ltr'><strong>comitissa</strong></span> <span class='ocrx_word' id='word_1_181' title='bbox 928 2742 1085 2809; x_wconf 90' lang='lat' dir='ltr'><strong>Hanonie</strong></span> <span class='ocrx_word' id='word_1_182' title='bbox 1098 2742 1210 2829; x_wconf 89' lang='lat' dir='ltr'><strong>junior</strong></span> <span class='ocrx_word' id='word_1_183' title='bbox 1227 2756 1245 2823; x_wconf 86' lang='lat'><strong>¹,</strong></span> <span class='ocrx_word' id='word_1_184' title='bbox 1262 2751 1297 2808; x_wconf 91' lang='lat' dir='ltr'><strong>et</strong></span> <span class='ocrx_word' id='word_1_185' title='bbox 1312 2741 1490 2810; x_wconf 91' lang='lat' dir='ltr'><strong>domicella</strong></span> <span class='ocrx_word' id='word_1_186' title='bbox 1509 2745 1670 2826; x_wconf 84' lang='lat' dir='ltr'><strong>Eliaabet,</strong></span> <span class='ocrx_word' id='word_1_187' title='bbox 1687 2763 1780 2809; x_wconf 90' lang='lat' dir='ltr'><strong>soror</strong></span> <span class='ocrx_word' id='word_1_188' title='bbox 1795 2742 1929 2809; x_wconf 88' lang='lat' dir='ltr'><strong>comitis</strong></span> 
     </span>
     <span class='ocr_line' id='line_1_20' title="bbox 566 2845 1928 2934; baseline -0.001 -22"><span class='ocrx_word' id='word_1_189' title='bbox 566 2846 725 2913; x_wconf 91' lang='lat' dir='ltr'><strong>Hanonie</strong></span> <span class='ocrx_word' id='word_1_190' title='bbox 754 2868 860 2934; x_wconf 91' lang='lat' dir='ltr'><strong>nuper</strong></span> <span class='ocrx_word' id='word_1_191' title='bbox 889 2847 1039 2913; x_wconf 88' lang='lat' dir='ltr'><strong>defuncti</strong></span> <span class='ocrx_word' id='word_1_192' title='bbox 1064 2857 1083 2927; x_wconf 86' lang='lat'><strong>²,</strong></span> <span class='ocrx_word' id='word_1_193' title='bbox 1109 2845 1209 2931; x_wconf 92' lang='lat' dir='ltr'><strong>quod,</strong></span> <span class='ocrx_word' id='word_1_194' title='bbox 1237 2866 1312 2910; x_wconf 91' lang='lat' dir='ltr'><strong>cum</strong></span> <span class='ocrx_word' id='word_1_195' title='bbox 1343 2847 1474 2913; x_wconf 90' lang='lat' dir='ltr'><strong>ratione</strong></span> <span class='ocrx_word' id='word_1_196' title='bbox 1504 2849 1593 2915; x_wconf 93' lang='lat' dir='ltr'><strong>dotis</strong></span> <span class='ocrx_word' id='word_1_197' title='bbox 1620 2857 1654 2914; x_wconf 92' lang='lat' dir='ltr'><strong>et</strong></span> <span class='ocrx_word' id='word_1_198' title='bbox 1678 2847 1928 2933; x_wconf 86' lang='lat' dir='ltr'><strong>temporalium,</strong></span> 
     </span>
     <span class='ocr_line' id='line_1_21' title="bbox 563 2948 1929 3038; baseline -0.001 -22"><span class='ocrx_word' id='word_1_199' title='bbox 563 2958 709 3017; x_wconf 88' lang='lat' dir='ltr'><strong>tractare</strong></span> <span class='ocrx_word' id='word_1_200' title='bbox 720 2972 760 3016; x_wconf 90' lang='lat' dir='ltr'><strong>ac</strong></span> <span class='ocrx_word' id='word_1_201' title='bbox 773 2952 961 3018; x_wconf 90' lang='lat' dir='ltr'><strong>conversari</strong></span> <span class='ocrx_word' id='word_1_202' title='bbox 973 2952 1122 3018; x_wconf 90' lang='lat' dir='ltr'><strong>habeant</strong></span> <span class='ocrx_word' id='word_1_203' title='bbox 1138 2971 1217 3015; x_wconf 91' lang='lat' dir='ltr'><strong>cum</strong></span> <span class='ocrx_word' id='word_1_204' title='bbox 1233 2948 1408 3016; x_wconf 89' lang='lat' dir='ltr'><strong>Bavarissa</strong></span> <span class='ocrx_word' id='word_1_205' title='bbox 1418 2960 1438 3033; x_wconf 86' lang='lat'><strong>³,</strong></span> <span class='ocrx_word' id='word_1_206' title='bbox 1452 2974 1516 3037; x_wconf 89' lang='lat' dir='ltr'><strong>que</strong></span> <span class='ocrx_word' id='word_1_207' title='bbox 1528 2974 1564 3019; x_wconf 91' lang='lat' dir='ltr'><strong>se</strong></span> <span class='ocrx_word' id='word_1_208' title='bbox 1575 2956 1661 3038; x_wconf 88' lang='lat' dir='ltr'><strong>gerit</strong></span> <span class='ocrx_word' id='word_1_209' title='bbox 1672 2972 1733 3036; x_wconf 92' lang='lat' dir='ltr'><strong>pro</strong></span> <span class='ocrx_word' id='word_1_210' title='bbox 1746 2950 1929 3029; x_wconf 88' lang='lat' dir='ltr'><strong>comitissa,</strong></span> 
     </span>
    </p>
   </div>
   <div class='ocr_carea' id='block_1_5' title="bbox 564 3053 1931 3535">
    <p class='ocr_par' dir='ltr' id='par_1_7' title="bbox 564 3053 1931 3535">
     <span class='ocr_line' id='line_1_22' title="bbox 564 3053 1929 3143; baseline 0 -25"><span class='ocrx_word' id='word_1_211' title='bbox 564 3056 700 3120; x_wconf 91' lang='lat' dir='ltr'><strong>nomine</strong></span> <span class='ocrx_word' id='word_1_212' title='bbox 724 3054 756 3121; x_wconf 88' lang='lat' dir='ltr'><strong>S.</strong></span> <span class='ocrx_word' id='word_1_213' title='bbox 772 3054 812 3121; x_wconf 90' lang='lat' dir='ltr'><strong>V.</strong></span> <span class='ocrx_word' id='word_1_214' title='bbox 837 3058 973 3141; x_wconf 90' lang='lat' dir='ltr'><strong>placeat</strong></span> <span class='ocrx_word' id='word_1_215' title='bbox 998 3056 1032 3119; x_wconf 94' lang='lat' dir='ltr'><strong>in</strong></span> <span class='ocrx_word' id='word_1_216' title='bbox 1059 3055 1131 3121; x_wconf 92' lang='lat' dir='ltr'><strong>foro</strong></span> <span class='ocrx_word' id='word_1_217' title='bbox 1154 3053 1360 3119; x_wconf 88' lang='lat' dir='ltr'><strong>conscientie</strong></span> <span class='ocrx_word' id='word_1_218' title='bbox 1375 3064 1413 3120; x_wconf 90' lang='lat' dir='ltr'><strong>ut</strong></span> <span class='ocrx_word' id='word_1_219' title='bbox 1429 3076 1505 3121; x_wconf 86' lang='lat' dir='ltr'><strong>curn</strong></span> <span class='ocrx_word' id='word_1_220' title='bbox 1522 3056 1673 3143; x_wconf 90' lang='lat' dir='ltr'><strong>predicta</strong></span> <span class='ocrx_word' id='word_1_221' title='bbox 1689 3053 1877 3135; x_wconf 87' lang='lat' dir='ltr'><strong>Bavarissa,</strong></span> <span class='ocrx_word' id='word_1_222' title='bbox 1893 3065 1929 3119; x_wconf 93' lang='lat' dir='ltr'><strong>ut</strong></span> 
     </span>
     <span class='ocr_line' id='line_1_23' title="bbox 564 3157 1931 3246; baseline 0.001 -25"><span class='ocrx_word' id='word_1_223' title='bbox 564 3158 776 3243; x_wconf 85' lang='lat' dir='ltr'><strong>premittitur,</strong></span> <span class='ocrx_word' id='word_1_224' title='bbox 802 3159 990 3225; x_wconf 84' lang='lat' dir='ltr'><strong>conversari</strong></span> <span class='ocrx_word' id='word_1_225' title='bbox 1010 3160 1154 3238; x_wconf 89' lang='lat' dir='ltr'><strong>valeant,</strong></span> <span class='ocrx_word' id='word_1_226' title='bbox 1173 3177 1249 3222; x_wconf 91' lang='lat' dir='ltr'><strong>cum</strong></span> <span class='ocrx_word' id='word_1_227' title='bbox 1265 3157 1391 3223; x_wconf 91' lang='lat' dir='ltr'><strong>eisdem</strong></span> <span class='ocrx_word' id='word_1_228' title='bbox 1407 3158 1608 3246; x_wconf 90' lang='lat' dir='ltr'><strong>dispensare,</strong></span> <span class='ocrx_word' id='word_1_229' title='bbox 1625 3169 1659 3225; x_wconf 90' lang='lat' dir='ltr'><strong>et</strong></span> <span class='ocrx_word' id='word_1_230' title='bbox 1675 3158 1776 3243; x_wconf 91' lang='lat' dir='ltr'><strong>quod,</strong></span> <span class='ocrx_word' id='word_1_231' title='bbox 1792 3167 1931 3244; x_wconf 88' lang='lat' dir='ltr'><strong>propter</strong></span> 
     </span>
     <span class='ocr_line' id='line_1_24' title="bbox 564 3260 1931 3348; baseline 0.001 -23"><span class='ocrx_word' id='word_1_232' title='bbox 564 3262 751 3345; x_wconf 88' lang='lat' dir='ltr'><strong>hujusmodi</strong></span> <span class='ocrx_word' id='word_1_233' title='bbox 778 3264 1078 3342; x_wconf 86' lang='lat' dir='ltr'><strong>conversationem,</strong></span> <span class='ocrx_word' id='word_1_234' title='bbox 1104 3261 1262 3348; x_wconf 89' lang='lat' dir='ltr'><strong>predictis</strong></span> <span class='ocrx_word' id='word_1_235' title='bbox 1286 3261 1328 3327; x_wconf 92' lang='lat' dir='ltr'><strong>ad</strong></span> <span class='ocrx_word' id='word_1_236' title='bbox 1350 3283 1486 3348; x_wconf 86' lang='lat' dir='ltr'><strong>presens</strong></span> <span class='ocrx_word' id='word_1_237' title='bbox 1501 3286 1564 3330; x_wconf 90' lang='lat' dir='ltr'><strong>nec</strong></span> <span class='ocrx_word' id='word_1_238' title='bbox 1580 3265 1613 3328; x_wconf 92' lang='lat' dir='ltr'><strong>in</strong></span> <span class='ocrx_word' id='word_1_239' title='bbox 1630 3264 1777 3328; x_wconf 90' lang='lat' dir='ltr'><strong>futurum</strong></span> <span class='ocrx_word' id='word_1_240' title='bbox 1793 3260 1931 3347; x_wconf 91' lang='lat' dir='ltr'><strong>aliquod</strong></span> 
     </span>
     <span class='ocr_line' id='line_1_25' title="bbox 564 3364 1931 3451; baseline 0.001 -23"><span class='ocrx_word' id='word_1_241' title='bbox 564 3366 781 3451; x_wconf 85' lang='lat' dir='ltr'><strong>prejudicium</strong></span> <span class='ocrx_word' id='word_1_242' title='bbox 797 3366 930 3431; x_wconf 86' lang='lat' dir='ltr'><strong>existat.</strong></span> <span class='ocrx_word' id='word_1_243' title='bbox 942 3408 986 3415; x_wconf 95' lang='lat'>—</span> <span class='ocrx_word' id='word_1_244' title='bbox 1002 3364 1103 3430; x_wconf 89' lang='lat' dir='ltr'><strong>Fiant</strong></span> <span class='ocrx_word' id='word_1_245' title='bbox 1114 3366 1225 3430; x_wconf 89' lang='lat' dir='ltr'><strong>littere</strong></span> <span class='ocrx_word' id='word_1_246' title='bbox 1242 3366 1274 3429; x_wconf 92' lang='lat' dir='ltr'><strong>in</strong></span> <span class='ocrx_word' id='word_1_247' title='bbox 1291 3367 1498 3449; x_wconf 89' lang='lat' dir='ltr'><strong>cancellaria,</strong></span> <span class='ocrx_word' id='word_1_248' title='bbox 1511 3368 1596 3434; x_wconf 93' lang='lat' dir='ltr'><strong>sicut</strong></span> <span class='ocrx_word' id='word_1_249' title='bbox 1608 3367 1670 3432; x_wconf 89' lang='lat' dir='ltr'><strong>fuit</strong></span> <span class='ocrx_word' id='word_1_250' title='bbox 1682 3366 1716 3430; x_wconf 92' lang='lat' dir='ltr'><strong>in</strong></span> <span class='ocrx_word' id='word_1_251' title='bbox 1730 3365 1931 3431; x_wconf 88' lang='lat' dir='ltr'><strong>consistorio</strong></span> 
     </span>
     <span class='ocr_line' id='line_1_26' title="bbox 565 3468 824 3535; baseline 0.004 -2"><span class='ocrx_word' id='word_1_252' title='bbox 565 3468 766 3535; x_wconf 88' lang='lat' dir='ltr'><strong>ordinatum.</strong></span> <span class='ocrx_word' id='word_1_253' title='bbox 784 3469 824 3534; x_wconf 90' lang='lat' dir='ltr'><strong>R.</strong></span> 
     </span>
    </p>
   </div>
   <div class='ocr_carea' id='block_1_6' title="bbox 565 3606 1931 3988">
    <p class='ocr_par' dir='ltr' id='par_1_8' title="bbox 565 3606 1931 3988">
     <span class='ocr_line' id='line_1_27' title="bbox 611 3606 1931 3697; baseline 0.001 -24"><span class='ocrx_word' id='word_1_254' title='bbox 611 3617 713 3677; x_wconf 88' lang='lat'><strong>1089.</strong></span> <span class='ocrx_word' id='word_1_255' title='bbox 741 3608 828 3675; x_wconf 88' lang='lat' dir='ltr'><strong>Item</strong></span> <span class='ocrx_word' id='word_1_256' title='bbox 844 3610 963 3676; x_wconf 88' lang='lat' dir='ltr'><strong>eedem</strong></span> <span class='ocrx_word' id='word_1_257' title='bbox 979 3632 1073 3697; x_wconf 92' lang='lat' dir='ltr'><strong>supp.</strong></span> <span class='ocrx_word' id='word_1_258' title='bbox 1090 3619 1183 3695; x_wconf 93' lang='lat' dir='ltr'><strong>quat.</strong></span> <span class='ocrx_word' id='word_1_259' title='bbox 1200 3610 1441 3676; x_wconf 89' lang='lat' dir='ltr'><strong>dornicellabus</strong></span> <span class='ocrx_word' id='word_1_260' title='bbox 1456 3610 1522 3675; x_wconf 87' lang='lat' dir='ltr'><strong>suis</strong></span> <span class='ocrx_word' id='word_1_261' title='bbox 1544 3609 1711 3689; x_wconf 86' lang='lat' dir='ltr'><strong>Eustacie,</strong></span> <span class='ocrx_word' id='word_1_262' title='bbox 1728 3606 1931 3694; x_wconf 86' lang='lat' dir='ltr'><strong>Margarete,</strong></span> 
     </span>
     <span class='ocr_line' id='line_1_28' title="bbox 565 3712 1930 3801; baseline 0.001 -25"><span class='ocrx_word' id='word_1_263' title='bbox 565 3712 728 3794; x_wconf 87' lang='lat' dir='ltr'><strong>Eliaabet,</strong></span> <span class='ocrx_word' id='word_1_264' title='bbox 745 3735 784 3778; x_wconf 88' lang='lat' dir='ltr'><strong>ac</strong></span> <span class='ocrx_word' id='word_1_265' title='bbox 802 3713 909 3779; x_wconf 90' lang='lat' dir='ltr'><strong>Marie</strong></span> <span class='ocrx_word' id='word_1_266' title='bbox 925 3714 1077 3780; x_wconf 77' lang='lat' dir='ltr'><strong>Loenis“</strong></span> <span class='ocrx_word' id='word_1_267' title='bbox 1097 3714 1180 3801; x_wconf 89' lang='lat' dir='ltr'><strong>[ind.</strong></span> <span class='ocrx_word' id='word_1_268' title='bbox 1196 3715 1230 3778; x_wconf 92' lang='lat' dir='ltr'><strong>in</strong></span> <span class='ocrx_word' id='word_1_269' title='bbox 1246 3722 1307 3780; x_wconf 90' lang='lat' dir='ltr'><strong>art.</strong></span> <span class='ocrx_word' id='word_1_270' title='bbox 1323 3712 1439 3800; x_wconf 77' lang='lat' dir='ltr'><strong>mort]</strong></span> <span class='ocrx_word' id='word_1_271' title='bbox 1459 3713 1644 3779; x_wconf 87' lang='lat' dir='ltr'><strong>concedere</strong></span> <span class='ocrx_word' id='word_1_272' title='bbox 1666 3712 1852 3797; x_wconf 87' lang='lat' dir='ltr'><strong>dignemini</strong></span> <span class='ocrx_word' id='word_1_273' title='bbox 1871 3715 1930 3777; x_wconf 88' lang='lat' dir='ltr'><strong>sub</strong></span> 
     </span>
     <span class='ocr_line' id='line_1_29' title="bbox 565 3813 1931 3904; baseline -0.001 -22"><span class='ocrx_word' id='word_1_274' title='bbox 565 3817 671 3902; x_wconf 83' lang='lat' dir='ltr'><strong>sigillo</strong></span> <span class='ocrx_word' id='word_1_275' title='bbox 687 3818 777 3883; x_wconf 89' lang='lat' dir='ltr'><strong>dom.</strong></span> <span class='ocrx_word' id='word_1_276' title='bbox 793 3820 982 3904; x_wconf 90' lang='lat' dir='ltr'><strong>patriarche</strong></span> <span class='ocrx_word' id='word_1_277' title='bbox 998 3818 1017 3896; x_wconf 93' lang='lat' dir='ltr'>J</span> <span class='ocrx_word' id='word_1_278' title='bbox 1021 3813 1260 3885; x_wconf 75' lang='lat' dir='ltr'><strong>erosolimit&#39;ani</strong></span> <span class='ocrx_word' id='word_1_279' title='bbox 1275 3831 1296 3899; x_wconf 79' lang='lat'><strong>⁴,</strong></span> <span class='ocrx_word' id='word_1_280' title='bbox 1313 3820 1366 3882; x_wconf 91' lang='lat' dir='ltr'><strong>vel</strong></span> <span class='ocrx_word' id='word_1_281' title='bbox 1383 3818 1473 3883; x_wconf 92' lang='lat' dir='ltr'><strong>dom.</strong></span> <span class='ocrx_word' id='word_1_282' title='bbox 1490 3818 1591 3904; x_wconf 89' lang='lat' dir='ltr'><strong>episc.</strong></span> <span class='ocrx_word' id='word_1_283' title='bbox 1608 3817 1787 3896; x_wconf 84' lang='lat' dir='ltr'><strong>Grassen.⁵,</strong></span> <span class='ocrx_word' id='word_1_284' title='bbox 1801 3816 1931 3881; x_wconf 90' lang='lat' dir='ltr'><strong>confes-</strong></span> 
     </span>
     <span class='ocr_line' id='line_1_30' title="bbox 566 3921 1145 3988; baseline 0.003 -3"><span class='ocrx_word' id='word_1_285' title='bbox 566 3922 647 3985; x_wconf 91' lang='lat' dir='ltr'><strong>soris</strong></span> <span class='ocrx_word' id='word_1_286' title='bbox 663 3921 693 3986; x_wconf 78' lang='lat' dir='ltr'><strong>S.</strong></span> <span class='ocrx_word' id='word_1_287' title='bbox 711 3921 750 3987; x_wconf 86' lang='lat' dir='ltr'><strong>V.</strong></span> <span class='ocrx_word' id='word_1_288' title='bbox 772 3960 804 3969; x_wconf 90' lang='lat'><em>-</em></span> <span class='ocrx_word' id='word_1_289' title='bbox 826 3922 903 3987; x_wconf 92' lang='lat' dir='ltr'><strong>Fiat</strong></span> <span class='ocrx_word' id='word_1_290' title='bbox 919 3923 952 3987; x_wconf 92' lang='lat' dir='ltr'><strong>in</strong></span> <span class='ocrx_word' id='word_1_291' title='bbox 969 3923 1084 3988; x_wconf 91' lang='lat' dir='ltr'><strong>forma.</strong></span> <span class='ocrx_word' id='word_1_292' title='bbox 1106 3922 1145 3987; x_wconf 89' lang='lat' dir='ltr'><strong>R.</strong></span> 
     </span>
    </p>
   </div>
   <div class='ocr_carea' id='block_1_7' title="bbox 564 4054 1927 4662">
    <p class='ocr_par' dir='ltr' id='par_1_9' title="bbox 564 4054 1927 4662">
     <span class='ocr_line' id='line_1_31' title="bbox 611 4054 1927 4145; baseline -0.005 -22"><span class='ocrx_word' id='word_1_293' title='bbox 611 4067 712 4125; x_wconf 88' lang='grc'>1090.</span> <span class='ocrx_word' id='word_1_294' title='bbox 730 4058 818 4123; x_wconf 91' lang='lat' dir='ltr'><strong>Item</strong></span> <span class='ocrx_word' id='word_1_295' title='bbox 834 4081 929 4145; x_wconf 90' lang='lat' dir='ltr'><strong>supp.</strong></span> <span class='ocrx_word' id='word_1_296' title='bbox 946 4069 1037 4144; x_wconf 91' lang='lat' dir='ltr'><strong>quat.</strong></span> <span class='ocrx_word' id='word_1_297' title='bbox 1055 4060 1190 4124; x_wconf 90' lang='lat' dir='ltr'><strong>fratrem</strong></span> <span class='ocrx_word' id='word_1_298' title='bbox 1206 4058 1398 4135; x_wconf 90' lang='lat' dir='ltr'><strong>Johannem</strong></span> <span class='ocrx_word' id='word_1_299' title='bbox 1414 4057 1456 4123; x_wconf 91' lang='lat' dir='ltr'><strong>de</strong></span> <span class='ocrx_word' id='word_1_300' title='bbox 1472 4058 1503 4123; x_wconf 88' lang='lat' dir='ltr'><strong>S.</strong></span> <span class='ocrx_word' id='word_1_301' title='bbox 1522 4057 1672 4123; x_wconf 87' lang='lat' dir='ltr'><strong>Martiuo</strong></span> <span class='ocrx_word' id='word_1_302' title='bbox 1680 4057 1701 4138; x_wconf 88' lang='lat'><strong>⁶,</strong></span> <span class='ocrx_word' id='word_1_303' title='bbox 1717 4058 1881 4122; x_wconf 86' lang='lat' dir='ltr'><strong>lectorem</strong></span> <span class='ocrx_word' id='word_1_304' title='bbox 1897 4054 1927 4118; x_wconf 88' lang='lat' dir='ltr'><strong>in</strong></span> 
     </span>
     <span class='ocr_line' id='line_1_32' title="bbox 565 4157 1927 4246; baseline -0.002 -21"><span class='ocrx_word' id='word_1_305' title='bbox 565 4163 677 4241; x_wconf 75' lang='lat' dir='ltr'><strong>theol,</strong></span> <span class='ocrx_word' id='word_1_306' title='bbox 702 4163 770 4227; x_wconf 89' lang='lat' dir='ltr'><strong>ord.</strong></span> <span class='ocrx_word' id='word_1_307' title='bbox 798 4163 1063 4243; x_wconf 86' lang='lat' dir='ltr'><strong>Carmelitarurn,</strong></span> <span class='ocrx_word' id='word_1_308' title='bbox 1091 4163 1267 4246; x_wconf 89' lang='lat' dir='ltr'><strong>antiquum</strong></span> <span class='ocrx_word' id='word_1_309' title='bbox 1292 4161 1515 4226; x_wconf 89' lang='lat' dir='ltr'><strong>confessorem</strong></span> <span class='ocrx_word' id='word_1_310' title='bbox 1541 4182 1664 4241; x_wconf 88' lang='lat' dir='ltr'><strong>earum,</strong></span> <span class='ocrx_word' id='word_1_311' title='bbox 1689 4160 1732 4225; x_wconf 89' lang='lat' dir='ltr'><strong>ad</strong></span> <span class='ocrx_word' id='word_1_312' title='bbox 1751 4157 1927 4244; x_wconf 88' lang='lat' dir='ltr'><strong>legendum</strong></span> 
     </span>
     <span class='ocr_line' id='line_1_33' title="bbox 564 4264 1926 4350; baseline -0.001 -22"><span class='ocrx_word' id='word_1_313' title='bbox 564 4266 702 4329; x_wconf 89' lang='lat' dir='ltr'><strong>bibliam</strong></span> <span class='ocrx_word' id='word_1_314' title='bbox 719 4275 753 4330; x_wconf 90' lang='lat' dir='ltr'><strong>et</strong></span> <span class='ocrx_word' id='word_1_315' title='bbox 777 4266 961 4331; x_wconf 86' lang='lat' dir='ltr'><strong>sententias</strong></span> <span class='ocrx_word' id='word_1_316' title='bbox 986 4266 1127 4330; x_wconf 87' lang='lat' dir='ltr'><strong>Parisius</strong></span> <span class='ocrx_word' id='word_1_317' title='bbox 1150 4266 1317 4349; x_wconf 87' lang='lat' dir='ltr'><strong>assignare</strong></span> <span class='ocrx_word' id='word_1_318' title='bbox 1340 4286 1379 4330; x_wconf 92' lang='lat' dir='ltr'><strong>ac</strong></span> <span class='ocrx_word' id='word_1_319' title='bbox 1400 4286 1599 4350; x_wconf 83' lang='lat' dir='ltr'><strong>promovere</strong></span> <span class='ocrx_word' id='word_1_320' title='bbox 1614 4264 1735 4344; x_wconf 74' lang='lat' dir='ltr'><strong>velitis</strong></span> <span class='ocrx_word' id='word_1_321' title='bbox 1760 4265 1816 4328; x_wconf 88' lang='lat' dir='ltr'><strong>vel</strong></span> <span class='ocrx_word' id='word_1_322' title='bbox 1840 4284 1926 4330; x_wconf 91' lang='lat' dir='ltr'><strong>com·</strong></span> 
     </span>
     <span class='ocr_line' id='line_1_34' title="bbox 566 4367 1926 4453; baseline 0.001 -23"><span class='ocrx_word' id='word_1_323' title='bbox 566 4368 698 4431; x_wconf 89' lang='lat' dir='ltr'><strong>mittere</strong></span> <span class='ocrx_word' id='word_1_324' title='bbox 715 4369 747 4431; x_wconf 92' lang='lat' dir='ltr'><strong>in</strong></span> <span class='ocrx_word' id='word_1_325' title='bbox 763 4368 826 4432; x_wconf 91' lang='lat' dir='ltr'><strong>hiis</strong></span> <span class='ocrx_word' id='word_1_326' title='bbox 842 4370 1079 4434; x_wconf 91' lang='lat' dir='ltr'><strong>auctoritatem</strong></span> <span class='ocrx_word' id='word_1_327' title='bbox 1095 4370 1125 4434; x_wconf 79' lang='lat' dir='ltr'><strong>S.</strong></span> <span class='ocrx_word' id='word_1_328' title='bbox 1144 4368 1182 4433; x_wconf 86' lang='lat' dir='ltr'><strong>V.</strong></span> <span class='ocrx_word' id='word_1_329' title='bbox 1199 4368 1289 4434; x_wconf 93' lang='lat' dir='ltr'><strong>dom.</strong></span> <span class='ocrx_word' id='word_1_330' title='bbox 1305 4368 1494 4453; x_wconf 88' lang='lat' dir='ltr'><strong>patriarche</strong></span> <span class='ocrx_word' id='word_1_331' title='bbox 1506 4367 1526 4444; x_wconf 95' lang='lat' dir='ltr'>J</span> <span class='ocrx_word' id='word_1_332' title='bbox 1530 4367 1791 4448; x_wconf 90' lang='lat' dir='ltr'><strong>erosolimitano,</strong></span> <span class='ocrx_word' id='word_1_333' title='bbox 1802 4368 1857 4432; x_wconf 90' lang='lat' dir='ltr'><strong>vel</strong></span> <span class='ocrx_word' id='word_1_334' title='bbox 1872 4367 1926 4431; x_wconf 81' lang='lat' dir='ltr'><strong>do</strong></span> 
     </span>
     <span class='ocr_line' id='line_1_35' title="bbox 566 4471 1925 4557; baseline -0.001 -23"><span class='ocrx_word' id='word_1_335' title='bbox 566 4472 658 4535; x_wconf 89' lang='lat' dir='ltr'><strong>mino</strong></span> <span class='ocrx_word' id='word_1_336' title='bbox 670 4473 770 4557; x_wconf 88' lang='lat' dir='ltr'><strong>episc.</strong></span> <span class='ocrx_word' id='word_1_337' title='bbox 784 4472 950 4554; x_wconf 78' lang='lat' dir='ltr'><strong>Grassen,</strong></span> <span class='ocrx_word' id='word_1_338' title='bbox 962 4474 1141 4538; x_wconf 88' lang='lat' dir='ltr'><strong>confessori</strong></span> <span class='ocrx_word' id='word_1_339' title='bbox 1155 4473 1186 4538; x_wconf 86' lang='lat' dir='ltr'><strong>S.</strong></span> <span class='ocrx_word' id='word_1_340' title='bbox 1200 4472 1249 4553; x_wconf 75' lang='lat' dir='ltr'><strong>V,</strong></span> <span class='ocrx_word' id='word_1_341' title='bbox 1261 4474 1314 4536; x_wconf 84' lang='lat' dir='ltr'><strong>vel</strong></span> <span class='ocrx_word' id='word_1_342' title='bbox 1326 4475 1498 4552; x_wconf 67' lang='lat' dir='ltr'><strong>ambobus</strong></span> <span class='ocrx_word' id='word_1_343' title='bbox 1511 4472 1537 4536; x_wconf 94' lang='lat' dir='ltr'><strong>si</strong></span> <span class='ocrx_word' id='word_1_344' title='bbox 1550 4471 1719 4536; x_wconf 88' lang='lat' dir='ltr'><strong>sufficiens</strong></span> <span class='ocrx_word' id='word_1_345' title='bbox 1730 4471 1925 4536; x_wconf 86' lang='lat' dir='ltr'><strong>inveniatur.</strong></span> 
     </span>
     <span class='ocr_line' id='line_1_36' title="bbox 572 4575 1495 4662; baseline 0 -22"><span class='ocrx_word' id='word_1_346' title='bbox 572 4614 603 4622; x_wconf 99' lang='lat'><strong>—</strong></span> <span class='ocrx_word' id='word_1_347' title='bbox 625 4575 733 4640; x_wconf 91' lang='lat' dir='ltr'><strong>Possit</strong></span> <span class='ocrx_word' id='word_1_348' title='bbox 749 4576 819 4640; x_wconf 89' lang='lat' dir='ltr'><strong>fieri</strong></span> <span class='ocrx_word' id='word_1_349' title='bbox 835 4597 894 4662; x_wconf 89' lang='lat' dir='ltr'><strong>per</strong></span> <span class='ocrx_word' id='word_1_350' title='bbox 909 4578 1144 4662; x_wconf 86' lang='lat' dir='ltr'><strong>patriarcham,</strong></span> <span class='ocrx_word' id='word_1_351' title='bbox 1161 4577 1187 4641; x_wconf 86' lang='lat' dir='ltr'><strong>si</strong></span> <span class='ocrx_word' id='word_1_352' title='bbox 1204 4577 1246 4641; x_wconf 94' lang='lat' dir='ltr'><strong>sit</strong></span> <span class='ocrx_word' id='word_1_353' title='bbox 1263 4575 1441 4641; x_wconf 88' lang='lat' dir='ltr'><strong>sufficiens.</strong></span> <span class='ocrx_word' id='word_1_354' title='bbox 1455 4575 1495 4640; x_wconf 94' lang='lat' dir='ltr'><strong>R.</strong></span> 
     </span>
    </p>
   </div>
   <div class='ocr_carea' id='block_1_8' title="bbox 599 4777 814 4839">
    <p class='ocr_par' dir='ltr' id='par_1_10' title="bbox 599 4777 814 4839">
     <span class='ocr_line' id='line_1_37' title="bbox 599 4777 814 4839; baseline 0.005 -12"><span class='ocrx_word' id='word_1_355' title='bbox 599 4781 627 4839; x_wconf 87' lang='lat' dir='ltr'><strong>a)</strong></span> <span class='ocrx_word' id='word_1_356' title='bbox 645 4779 700 4828; x_wconf 70' lang='lat' dir='ltr'><strong>(brt.</strong></span> <span class='ocrx_word' id='word_1_357' title='bbox 714 4777 814 4828; x_wconf 67' lang='lat' dir='ltr'><strong>Iasonis.</strong></span> 
     </span>
    </p>
   </div>
   <div class='ocr_carea' id='block_1_9' title="bbox 568 5007 1925 5284">
    <p class='ocr_par' dir='ltr' id='par_1_11' title="bbox 568 5007 1925 5284">
     <span class='ocr_line' id='line_1_38' title="bbox 601 5007 1925 5069; baseline -0.001 -16"><span class='ocrx_word' id='word_1_358' title='bbox 601 5010 621 5054; x_wconf 94' lang='lat' dir='ltr'><strong>l.</strong></span> <span class='ocrx_word' id='word_1_359' title='bbox 635 5007 798 5065; x_wconf 69' lang='lat' dir='ltr'><strong>Marpuerite.</strong></span> <span class='ocrx_word' id='word_1_360' title='bbox 810 5036 842 5043; x_wconf 86' lang='lat'><em>-</em></span> <span class='ocrx_word' id='word_1_361' title='bbox 861 5012 883 5056; x_wconf 81' lang='lat'><strong>2.</strong></span> <span class='ocrx_word' id='word_1_362' title='bbox 905 5009 1052 5055; x_wconf 85' lang='lat' dir='ltr'><strong>Guillnumo</strong></span> <span class='ocrx_word' id='word_1_363' title='bbox 1073 5008 1107 5066; x_wconf 95' lang='grc' dir='ltr'><strong>ΙΙ,</strong></span> <span class='ocrx_word' id='word_1_364' title='bbox 1126 5008 1203 5056; x_wconf 72' lang='lat' dir='ltr'><strong>tuda</strong></span> <span class='ocrx_word' id='word_1_365' title='bbox 1225 5009 1250 5056; x_wconf 87' lang='lat' dir='ltr'><strong>la</strong></span> <span class='ocrx_word' id='word_1_366' title='bbox 1271 5009 1376 5056; x_wconf 87' lang='lat' dir='ltr'><strong>hataille</strong></span> <span class='ocrx_word' id='word_1_367' title='bbox 1394 5009 1425 5055; x_wconf 87' lang='lat' dir='ltr'><strong>de</strong></span> <span class='ocrx_word' id='word_1_368' title='bbox 1444 5009 1565 5055; x_wconf 76' lang='lat' dir='ltr'><strong>staveren</strong></span> <span class='ocrx_word' id='word_1_369' title='bbox 1579 5008 1601 5053; x_wconf 83' lang='lat' dir='ltr'><strong>le</strong></span> <span class='ocrx_word' id='word_1_370' title='bbox 1613 5010 1644 5054; x_wconf 76' lang='grc'><strong>26</strong></span> <span class='ocrx_word' id='word_1_371' title='bbox 1657 5007 1801 5069; x_wconf 82' lang='lat' dir='ltr'><strong>septembre</strong></span> <span class='ocrx_word' id='word_1_372' title='bbox 1816 5008 1883 5054; x_wconf 71' lang='lat'><strong>1345.</strong></span> <span class='ocrx_word' id='word_1_373' title='bbox 1902 5030 1925 5036; x_wconf 84' lang='lat'><strong>--</strong></span> 
     </span>
     <span class='ocr_line' id='line_1_39' title="bbox 568 5080 1924 5143; baseline 0.001 -17"><span class='ocrx_word' id='word_1_374' title='bbox 568 5083 589 5127; x_wconf 79' lang='lat'><strong>3.</strong></span> <span class='ocrx_word' id='word_1_375' title='bbox 603 5081 758 5139; x_wconf 68' lang='lat' dir='ltr'><strong>Margucrito</strong></span> <span class='ocrx_word' id='word_1_376' title='bbox 778 5082 810 5129; x_wconf 89' lang='lat' dir='ltr'><strong>dc</strong></span> <span class='ocrx_word' id='word_1_377' title='bbox 830 5082 952 5139; x_wconf 85' lang='lat' dir='ltr'><strong>Haiuaut,</strong></span> <span class='ocrx_word' id='word_1_378' title='bbox 975 5081 1013 5143; x_wconf 67' lang='lat' dir='ltr'><strong>op.</strong></span> <span class='ocrx_word' id='word_1_379' title='bbox 1027 5082 1058 5129; x_wconf 83' lang='lat' dir='ltr'><strong>do</strong></span> <span class='ocrx_word' id='word_1_380' title='bbox 1071 5082 1147 5128; x_wconf 83' lang='lat' dir='ltr'><strong>Louis</strong></span> <span class='ocrx_word' id='word_1_381' title='bbox 1159 5083 1191 5129; x_wconf 75' lang='lat' dir='ltr'><strong>«le</strong></span> <span class='ocrx_word' id='word_1_382' title='bbox 1207 5081 1318 5130; x_wconf 72' lang='lat' dir='ltr'><strong>Bavi&#39;tuu.</strong></span> <span class='ocrx_word' id='word_1_383' title='bbox 1336 5083 1375 5129; x_wconf 77' lang='lat' dir='ltr'><strong>Cf.</strong></span> <span class='ocrx_word' id='word_1_384' title='bbox 1388 5081 1492 5138; x_wconf 77' lang='lat' dir='ltr'><strong>lliozlur,</strong></span> <span class='ocrx_word' id='word_1_385' title='bbox 1507 5096 1530 5128; x_wconf 87' lang='lat'><strong>11.</strong></span> <span class='ocrx_word' id='word_1_386' title='bbox 1544 5082 1615 5129; x_wconf 72' lang='lat'><strong>2304.</strong></span> <span class='ocrx_word' id='word_1_387' title='bbox 1628 5108 1660 5114; x_wconf 91' lang='lat'><em>-</em></span> <span class='ocrx_word' id='word_1_388' title='bbox 1672 5082 1695 5128; x_wconf 77' lang='lat' dir='ltr'><strong>t.</strong></span> <span class='ocrx_word' id='word_1_389' title='bbox 1709 5080 1794 5128; x_wconf 85' lang='lat' dir='ltr'><strong>Pierrc</strong></span> <span class='ocrx_word' id='word_1_390' title='bbox 1806 5080 1838 5128; x_wconf 83' lang='lat' dir='ltr'><strong>de</strong></span> <span class='ocrx_word' id='word_1_391' title='bbox 1853 5080 1924 5127; x_wconf 62' lang='lat' dir='ltr'><strong>Besso.</strong></span> 
     </span>
     <span class='ocr_line' id='line_1_40' title="bbox 569 5149 1924 5216; baseline -0.001 -19"><span class='ocrx_word' id='word_1_392' title='bbox 569 5154 597 5202; x_wconf 84' lang='lat' dir='ltr'><strong>(l.</strong></span> <span class='ocrx_word' id='word_1_393' title='bbox 611 5154 810 5215; x_wconf 82' lang='lat' dir='ltr'><strong>t&#39;nr111.(Eul›cl,</strong></span> <span class='ocrx_word' id='word_1_394' title='bbox 825 5157 844 5212; x_wconf 90' lang='lat' dir='ltr'><strong>I,</strong></span> <span class='ocrx_word' id='word_1_395' title='bbox 858 5157 926 5216; x_wconf 75' lang='lat'><strong>277).</strong></span> <span class='ocrx_word' id='word_1_396' title='bbox 938 5184 968 5189; x_wconf 88' lang='lat'><strong>--</strong></span> <span class='ocrx_word' id='word_1_397' title='bbox 980 5159 1002 5201; x_wconf 73' lang='grc' dir='ltr'><strong>Γ).</strong></span> <span class='ocrx_word' id='word_1_398' title='bbox 1014 5156 1095 5202; x_wconf 79' lang='lat' dir='ltr'><strong>l&#39;icrrc</strong></span> <span class='ocrx_word' id='word_1_399' title='bbox 1106 5156 1138 5203; x_wconf 85' lang='lat' dir='ltr'><strong>de</strong></span> <span class='ocrx_word' id='word_1_400' title='bbox 1151 5158 1222 5213; x_wconf 69' lang='lat' dir='ltr'><strong>(asa,</strong></span> <span class='ocrx_word' id='word_1_401' title='bbox 1236 5156 1265 5203; x_wconf 83' lang='lat' dir='ltr'><strong>O.</strong></span> <span class='ocrx_word' id='word_1_402' title='bbox 1279 5158 1362 5204; x_wconf 76' lang='lat' dir='ltr'><strong>t‘arnr.</strong></span> <span class='ocrx_word' id='word_1_403' title='bbox 1376 5155 1480 5216; x_wconf 75' lang='lat' dir='ltr'><strong>(lluhcl,</strong></span> <span class='ocrx_word' id='word_1_404' title='bbox 1496 5155 1514 5213; x_wconf 90' lang='grc' dir='ltr'><strong>Ι,</strong></span> <span class='ocrx_word' id='word_1_405' title='bbox 1526 5154 1594 5215; x_wconf 71' lang='grc'>287).</span> <span class='ocrx_word' id='word_1_406' title='bbox 1604 5182 1635 5188; x_wconf 77' lang='lat'><em>-</em></span> <span class='ocrx_word' id='word_1_407' title='bbox 1648 5157 1671 5202; x_wconf 84' lang='lat'><strong>6.</strong></span> <span class='ocrx_word' id='word_1_408' title='bbox 1686 5153 1792 5214; x_wconf 84' lang='lat' dir='ltr'><strong>Denific,</strong></span> <span class='ocrx_word' id='word_1_409' title='bbox 1809 5149 1924 5204; x_wconf 62' lang='lat' dir='ltr'><strong>[hortm.</strong></span> 
     </span>
     <span class='ocr_line' id='line_1_41' title="bbox 571 5226 672 5284; baseline 0.05 -13"><span class='ocrx_word' id='word_1_410' title='bbox 571 5226 604 5284; x_wconf 94' lang='lat' dir='ltr'><strong>ll,</strong></span> <span class='ocrx_word' id='word_1_411' title='bbox 618 5231 672 5276; x_wconf 77' lang='lat' dir='ltr'><strong>aaa.</strong></span> 
     </span>
    </p>
   </div>
   <div class='ocr_carea' id='block_1_10' title="bbox 0 0 2341 6052">
    <p class='ocr_par' dir='ltr' id='par_1_12' title="bbox 0 0 2341 6052">
     <span class='ocr_line' id='line_1_42' title="bbox 0 0 2341 6052; baseline 0 0"><span class='ocrx_word' id='word_1_412' title='bbox 0 0 2341 6052; x_wconf 95' lang='lat' dir='ltr'><strong> </strong></span> 
     </span>
    </p>
   </div>
  </div>
 </body>
</html>
