4650 6059
556 788 597 850 50
1094 785 1181 854 1342.
1205 785 1223 848 5
1246 785 1374 849 octobre.

609 935 719 1019 233·
1588 970 1606 1013 r
1606 969 1683 1033 342,
1699 969 1720 1031 5
1737 952 1876 1015 octobre.

604 1051 691 1116 Item
717 1070 812 1135 supp.
833 1048 1002 1135 predictus
1025 1069 1111 1132 mag.
1135 1048 1321 1132 [Johannes
1343 1049 1386 1114 de
1406 1050 1616 1116 Wannerrua
1632 1052 1666 1135 ¹],
1692 1072 1770 1117 eum
1791 1054 1918 1118 ratione

560 1156 608 1221 sui
625 1155 806 1220 decanatus
822 1160 975 1218 teneatur
989 1152 1032 1217 ad
1046 1152 1260 1218 residentiam
1290 1155 1501 1239 personalem
1517 1155 1550 1219 in
1567 1157 1649 1221 eccl.
1674 1155 1706 1221 S.
1732 1154 1824 1221 Petri
1849 1176 1919 1241 pre-

560 1260 650 1325 dicta
665 1259 708 1324 de
724 1257 871 1337 Casleto,
886 1257 973 1322 dioc.
991 1255 1169 1337 Mormon,
1183 1265 1272 1342 quat.
1284 1257 1389 1343 possit
1404 1258 1439 1321 in
1455 1258 1565 1324 studio
1581 1258 1740 1324 Parisien.
1752 1259 1897 1326 residere
1910 1284 1918 1340 3

561 1363 734 1448 presertim
751 1382 827 1425 cum
843 1360 935 1425 dicto
950 1360 1126 1425 decanatui
1143 1381 1222 1426 cura
1236 1361 1422 1426 animarum
1452 1382 1521 1428 non
1544 1362 1587 1427 sit
1611 1382 1752 1428 annexa.
1775 1403 1820 1412 -
1847 1360 1920 1428 Fiat

561 1465 603 1530 ad
619 1464 806 1530 triennium.
825 1463 864 1528 R.

606 1569 681 1633 Dat.
694 1568 794 1632 Avin.
812 1588 829 1652 3
846 1587 925 1633 nou.
942 1577 1008 1634 oct.
1024 1575 1057 1632 a⁰
1077 1575 1106 1631 1⁰
1121 1588 1183 1653 pro
1199 1569 1262 1633 ista
1277 1569 1404 1633 ultima.
1422 1566 1465 1652 (Ι,
1480 1570 1570 1654 237).

611 1714 726 1795 234.
1591 1746 1687 1811 1542,
1702 1745 1724 1807 5
1740 1727 1880 1791 octobre.

605 1832 706 1917 Supp.
723 1830 924 1895 Wilhelmus
940 1828 1108 1914 Rudolphi
1125 1829 1206 1894 dicti
1223 1829 1328 1894 Taem
1341 1839 1362 1909 ²,
1379 1831 1456 1895 cler.
1472 1829 1768 1915 Trajecteu.dioc.,
1790 1828 1924 1895 scutifer

563 1936 731 2002 Laurentii
749 1934 918 2019 quondam
935 1954 1006 2018 cap.
1024 1932 1135 2012 vestri,
1146 1934 1369 2018 procuratoris
1384 1933 1473 1999 dom.
1489 1934 1575 2019 regis
1585 1932 1724 1999 Boemie
1732 1942 1753 2015 ³,
1760 1941 1853 2018 quat.
1863 1932 1923 1998 sibi

562 2040 693 2105 decan.
710 2047 744 2104 et
762 2040 854 2124 preb.
871 2038 952 2102 eccl.
969 2038 1044 2102 coll.
1062 2036 1092 2101 S.
1109 2035 1128 2113 J
1132 2038 1273 2102 ohannis
1298 2035 1457 2102 Leodien.
1473 2038 1654 2122 dignemini
1679 2037 1868 2122 providere.
1882 2076 1926 2086 —

564 2143 639 2208 Fiat
664 2142 703 2206 R.

609 2247 686 2311 Dat.
702 2245 803 2308 Acin.
822 2264 839 2328 3
855 2265 934 2309 non.
951 2253 1017 2309 oct.
1033 2252 1067 2308 a⁰
1087 2253 1125 2309 1⁰.
1142 2243 1186 2327 (Ι,
1205 2245 1309 2329 2381).

616 2391 729 2472 235.
1592 2423 1687 2487 1332,
1703 2421 1724 2483 5
1741 2403 1882 2467 octobre.

611 2507 710 2573 Motu
726 2507 861 2593 proprio
876 2507 1090 2592 providemus
1102 2506 1249 2573 Guidoni
1259 2517 1279 2588 ⁴,
1295 2506 1347 2572 tit.
1364 2506 1396 2571 S.
1413 2505 1538 2571 Ceciiie
1553 2508 1660 2592 presb.
1677 2505 1777 2586 card,
1792 2504 1837 2571 de
1852 2524 1924 2570 can.

565 2615 625 2678 sub
651 2632 725 2697 exp.
741 2613 833 2696 preb.
858 2619 893 2675 et
917 2610 1189 2675 archidiaconatu
1213 2609 1407 2675 Flandrensi
1433 2610 1467 2673 in
1483 2611 1564 2675 eccl.
1582 2608 1761 2690 Morinen.,
1777 2629 1852 2674 vac.
1867 2627 1926 2694 per

566 2714 792 2801 provisionem
815 2734 835 2777 a
860 2712 938 2779 sede
965 2722 1072 2798 apost.
1098 2714 1207 2779 eidem
1232 2712 1320 2778 card.
1343 2713 1385 2778 de
1416 2712 1611 2798 Lugdunen.
1636 2712 1716 2777 olim
1742 2712 1869 2778 factam
1891 2718 1925 2776 et

565 2838 687 2883 munus
702 2816 962 2883 consecrationis
976 2816 1018 2881 de
1034 2816 1194 2882 mandato
1210 2816 1358 2901 ejusdem
1373 2815 1460 2881 sedis
1476 2816 1536 2881 sibi
1561 2815 1650 2901 apud
1665 2815 1772 2900 ipsam
1796 2815 1925 2901 impen-

565 2942 649 2987 sum.
664 2962 706 2970 -
723 2921 964 3006 Dispensamus
981 2918 1021 2984 R.

609 3026 688 3090 Dat.
704 3025 805 3089 Avin.
823 3045 840 3107 3
857 3044 936 3089 non.
952 3032 1019 3088 oct.
1035 3029 1068 3088 a⁰
1088 3032 1127 3089 1⁰.
1146 3023 1189 3108 (I,
1208 3026 1297 3107 239).

617 3170 730 3254 236.
1595 3200 1690 3264 1542,
1706 3199 1727 3261 5
1743 3180 1883 3244 octobre.

609 3287 711 3371 Supp.
727 3285 908 3363 Johannes,
922 3285 1021 3369 episc.
1039 3284 1230 3350 Portuensis
1240 3293 1259 3366 ⁵,
1276 3295 1366 3369 quat.
1377 3286 1522 3370 [Danieli
1534 3284 1576 3349 de
1586 3282 1737 3363 Brakele,
1749 3303 1823 3349 can.
1835 3283 1922 3368 preb.

566 3391 648 3455 eccl.
665 3388 703 3452 B.
722 3387 770 3452 M.
791 3388 967 3471 Aquensis,
990 3387 1148 3453 Leodien.
1168 3388 1265 3470 dioc,
1287 3391 1375 3469 cler„
1397 3398 1430 3453 et
1450 3389 1610 3454 continuo
1626 3407 1811 3453 commens.
1837 3382 1923 3471 suo],

566 3493 609 3558 de
625 3492 773 3557 cantoria
784 3492 886 3576 ipsius
901 3493 993 3572 eccl„
1004 3513 1076 3557 vac.
1086 3512 1146 3577 per
1154 3500 1298 3557 mortem
1310 3493 1479 3576 quondam
1489 3491 1659 3556 Wilhelmi
1668 3490 1711 3556 de
1721 3486 1925 3575 Stocheym⁶,

566 3596 654 3661 sedis
678 3603 784 3680 apost.
801 3614 884 3679 cap,
901 3595 955 3678 qui
973 3595 1006 3659 in
1022 3595 1086 3660 illis
1101 3596 1250 3681 partibus
1265 3596 1354 3660 diem
1371 3596 1489 3661 clausit
1504 3603 1690 3660 extremum
1708 3616 1717 3674 ;
1734 3614 1836 3677 quam
1852 3611 1926 3659 can·

568 3699 698 3779 toriam,
714 3707 791 3784 post
806 3705 950 3762 mortem
966 3698 1047 3764 dicti
1065 3697 1246 3780 Wilhelmi,
1264 3698 1429 3764 Gerardus
1452 3699 1494 3764 de
1521 3699 1746 3765 Schonhoven
1772 3696 1817 3762 de
1840 3694 1927 3761 facto

568 3804 714 3870 obtinuit
725 3801 876 3894 ,quandiu
892 3803 985 3883 vixit,
1002 3811 1036 3868 et
1051 3824 1151 3885 nunc,
1168 3812 1245 3889 post
1261 3804 1362 3889 ipsius
1378 3802 1515 3868 Gerardi
1531 3803 1715 3883 decessum,
1732 3800 1927 3867 Gotscalcus

568 3910 610 3975 de
636 3908 814 3987 Lovinber,
832 3926 903 3972 can.
925 3910 1016 3993 preb.
1033 3906 1182 3991 ejusdem
1201 3909 1292 3988 eccl„
1310 3907 1351 3972 de
1367 3907 1457 3973 facto
1481 3915 1647 3993 occupat;
1673 3925 1751 3971 cum
1775 3902 1929 3969 omnibus

569 4013 635 4078 suis
658 4013 785 4098 juribus
809 4017 844 4075 et
867 4011 1078 4095 pertinentiis
1102 4010 1263 4075 universis
1285 4033 1293 4090 ;
1320 4010 1412 4095 cujus
1435 4010 1570 4095 quidem
1598 4008 1748 4074 cantorie
1773 4006 1928 4072 tructus...

571 4116 794 4181 communiter
813 4134 873 4179 roo
888 4115 962 4180 tlor.
977 4114 1047 4179 auri
1064 4116 1212 4179 valorem
1229 4135 1376 4179 annuum
1386 4134 1455 4178 non
1468 4112 1644 4190 excedunt,
1660 4110 1702 4175 de
1722 4108 1929 4195 benignitate

572 4219 658 4283 sedis
683 4227 789 4302 apost.
815 4218 996 4302 dignemini
1022 4217 1225 4302 providere3
1251 4218 1425 4303 presertim
1450 4238 1526 4281 cum
1552 4216 1643 4297 nulli,
1660 4215 1722 4280 nisi
1748 4236 1822 4281 can.
1838 4215 1928 4300 preb.

572 4320 673 4406 ipsius
689 4322 781 4400 ecci,
798 4321 840 4385 de
855 4321 946 4385 dicta
961 4322 1111 4386 cantoria
1122 4321 1332 4386 consueverit
1348 4321 1524 4405 provideri.
1541 4319 1587 4385 Et
1602 4340 1670 4384 non
1684 4321 1770 4385 obst.
1779 4318 1930 4384 detenta·

576 4424 667 4488 tione
683 4424 798 4488 illicita
814 4422 1050 4508 predictorum.
1066 4464 1109 4472 -
1127 4424 1202 4488 Fiat
1220 4423 1259 4488 R.

616 4526 695 4593 Dat.
710 4527 810 4591 Avin.
829 4547 846 4610 3
864 4547 942 4591 non.
959 4536 1025 4591 oct.
1041 4535 1074 4592 a⁰
1094 4535 1132 4592 1⁰.
1151 4526 1194 4611 (1,
1209 4528 1297 4610 244).

625 4671 865 4755 237-238.
1602 4683 1891 4768 naamam.

618 4789 718 4875 Supp.
736 4788 854 4853 Petrus
868 4788 910 4853 de
927 4787 1124 4868 Probavilla,
1141 4789 1318 4853 archidiac.
1329 4789 1370 4854 de
1381 4787 1474 4854 Ocea
1489 4787 1522 4852 in
1540 4790 1620 4854 eccl.
1639 4787 1827 4867 Ebroicen.,
1843 4793 1932 4870 quat.

609 4998 629 5043 l.
641 4995 704 5041 Voir
715 5009 740 5041 u.
753 4996 791 5042 51.
803 5022 835 5027 —
847 4997 869 5041 2.
882 4993 965 5050 Brom,
979 4993 1013 5051 ΙΙ,
1028 4994 1074 5041 183
1086 5010 1092 5050 ;
1105 4993 1172 5042 Mon.
1180 4994 1234 5041 Vat.
1246 4994 1318 5052 Bab,
1332 4995 1351 5052 1,
1362 5009 1386 5041 n.
1398 4994 1450 5042 114.
1460 5021 1492 5027 —-
1504 4995 1526 5042 3.
1539 4993 1669 5040 Pom-ture
1682 4992 1796 5038 Loureut
1808 4988 1932 5044 Hartiieb,

581 5068 634 5130 (ib,
647 5082 672 5130 p.
682 5068 749 5128 832).
762 5095 794 5101 -
805 5070 828 5116 4.
840 5067 900 5127 Guy
911 5066 943 5114 de
956 5067 1092 5126 Boulogne,
1104 5068 1205 5115 archev.
1217 5068 1249 5115 de
1261 5068 1341 5128 Lyoo,
1353 5067 1422 5115 card.
1433 5067 1457 5115 le
1469 5070 1499 5114 20
1516 5071 1581 5129 sept.
1597 5067 1657 5113 1342
1669 5062 1771 5125 (Euboi,
1786 5063 1806 5121 1,
1826 5065 1863 5121 17,
1875 5064 1916 5120 39)
1928 5076 1933 5116 ;

573 5141 675 5200 detuit,
693 5141 743 5188 lore
754 5141 786 5187 de
797 5154 825 5187 sa
836 5142 989 5202 promotion‚
1001 5139 1158 5189 archidiaoro
1170 5142 1202 5189 de
1213 5141 1324 5188 Flandre
1341 5141 1405 5188 dorm
1421 5140 1516 5201 l'eglise
1533 5140 1565 5188 do
1582 5138 1751 5186 derouanue
1762 5135 1814 5195 ab,
1827 5135 1847 5196 Ι,
1860 5136 1918 5194 330)
1928 5148 1951 5189 ς·

575 5216 631 5262 voir
642 5229 667 5264 n.
679 5217 717 5272 29,
732 5216 786 5262 150.
797 5241 828 5248 --
841 5218 863 5261 ὀ.
875 5213 940 5261 deren
952 5214 984 5261 de
997 5213 1159 5274 Comminges
1172 5213 1271 5272 (Rubel,
1286 5214 1305 5273 Ι,
1318 5216 1367 5274 35).
1379 5242 1384 5247 -
1396 5242 1410 5247 --
1423 5216 1444 5261 b.
1460 5214 1519 5260 Voir
1531 5228 1555 5261 n.
1569 5216 1624 5260 2⁰2.
