4650 6059
477 783 540 847 432
1039 771 1126 845 1349,
1150 770 1190 835 22
1214 769 1283 836 111111.

487 952 489 956 ·
525 936 625 997 1606.
643 930 733 1015 Mag.
748 929 894 995 Ricardo
910 924 1019 1004 Prelli,
1037 922 1288 1007 Rothomagen.
1300 921 1399 1005 dioc,
1411 923 1541 991 decan.
1556 931 1593 990 01
1608 928 1706 1011 preb.
1719 924 1829 991 9110111
1868 945 1874 990 τ

480 1036 671 1117 lnsulensis,
701 1034 889 1101 Tomacen.
919 1030 1004 1097 dioc
1031 1051 1040 1109 ;
1067 1048 1138 1093 non
1162 1028 1249 1092 obst.
1273 1025 1364 1111 quod
1391 1028 1544 1093 obtineat
1577 1028 1738 1114 parroch.
1764 1030 1829 1095 eccl

479 1142 508 1206 S.
526 1138 663 1226 Sydonii
680 1139 722 1204 de
738 1138 898 1215 Avirone,
915 1133 1092 1199 Ebroicen.
1108 1131 1196 1197 dioc.
1211 1153 1221 1211 ς
1238 1131 1332 1217 cujus
1346 1132 1479 1199 taxatio
1493 1152 1664 1199 siunmarn
1684 1152 1722 1218 15
1739 1132 1832 1200 hhnr.

479 1244 647 1310 Turonen.
663 1263 733 1308 11011
749 1240 893 1307 excedit.
916 1276 947 1287 -
970 1236 1106 1303 Habeat
1122 1242 1159 1300 ut
1174 1235 1271 1321 petit,
1288 1233 1331 1299 de
1347 1236 1426 1302 data
1441 1256 1459 1317 9
1482 1235 1550 1324 lral.
1563 1236 1649 1322 junii
1666 1243 1702 1302 a⁰
1719 1238 1761 1303 8⁰.
1775 1239 1830 1321 (19,

482 1349 586 1428 1001).

526 1494 628 1555 1607.
645 1483 739 1569 Mag.
756 1483 907 1549 Roberto
922 1478 1118 1559 Clementis,
1136 1476 1293 1563 Bajocen.
1316 1477 1415 1559 dioc,
1431 1499 1463 1547 c.
1477 1499 1508 1546 c.
1522 1478 1580 1545 vel
1594 1498 1623 1546 st
1639 1499 1681 1558 c.,
1698 1498 1831 1545 commu

480 1591 568 1655 niter
582 1589 636 1652 vel
652 1586 796 1667 divisim,
813 1586 857 1651 ad
873 1585 960 1665 coll,
976 1591 1053 1665 etc,
1070 1581 1204 1648 abbatis
1219 1590 1254 1647 et
1277 1592 1465 1649 conventus
1480 1582 1510 1651 S.
1527 1583 1675 1650 Dionisii
1693 1586 1728 1649 in
1744 1582 1832 1650 Fran-

480 1695 541 1775 cia,
558 1692 718 1759 Parisien.
734 1691 830 1772 dioc,
847 1690 889 1756 Ο.
906 1690 938 1755 S.
954 1688 993 1754 B.
1007 1710 1015 1768 ;
1032 1708 1101 1753 11011
1117 1690 1204 1753 obst.
1220 1685 1312 1771 quod
1327 1687 1480 1773 parrcch.
1495 1688 1580 1754 eccl.
1596 1686 1630 1752 S.
1646 1685 1787 1755 Leobini
1798 1685 1832 1752 de

481 1797 636 1876 Pravilla,
654 1795 837 1861 Camoten.
853 1792 951 1873 dioc,
969 1812 1009 1876 30
1025 1791 1126 1857 libras
1140 1789 1311 1856 Turonen.
1327 1811 1396 1856 non
1423 1790 1658 1872 excedentem,
1687 1801 1723 1858 et
1746 1811 1833 1857 unam

480 1900 742 1967 matriculariam
757 1899 792 1964 in
808 1900 890 1965 eccl.
906 1898 948 1963 de
965 1896 1159 1976 Herentals,
1176 1894 1394 1963 Cameracen.
1409 1895 1508 1977 dioc,
1524 1895 1692 1977 obtineat,
1708 1904 1743 1962 et
1756 1894 1833 1980 quod

481 2012 640 2091 expectet
655 2024 684 2070 c.
701 2023 730 2069 c.
745 2004 801 2068 vel
827 2010 904 2082 etc,
931 2001 975 2067 ad
1001 2003 1077 2067 coll.
1104 1999 1266 2086 episcopi,
1293 1999 1411 2066 decani
1438 2008 1473 2066 et
1498 2000 1636 2087 capituli
1664 1998 1833 2067 Carnoten

483 2109 613 2176 etiamsi
624 2110 661 2174 in
676 2109 759 2174 eccl.
775 2106 971 2173 cathedrali.
986 2145 1030 2156 -
1047 2104 1186 2171 Habeat
1202 2104 1237 2169 in
1254 2104 1371 2184 forma,
1384 2104 1427 2170 de
1439 2102 1521 2171 data
1538 2123 1556 2184 9
1571 2102 1641 2170 kal.
1653 2104 1740 2189 junii
1753 2110 1785 2170 a⁰
1798 2103 1833 2168 8⁰.

483 2217 554 2295 (19,
572 2213 662 2295 201).

530 2356 632 2417 1608.
651 2347 743 2432 Mag.
761 2347 905 2413 Ricardo
930 2347 1086 2429 Richerii,
1110 2345 1294 2414 Lexovien.
1317 2347 1415 2427 dioc,
1432 2367 1462 2413 0.
1478 2367 1508 2413 0.
1522 2347 1578 2413 vel
1594 2366 1622 2413 s.
1637 2367 1680 2428 c.,
1698 2366 1832 2414 commu·

483 2454 571 2519 niter
585 2453 639 2517 vel
655 2453 797 2533 divisim,
824 2452 868 2518 ad
882 2453 969 2518 coll..
986 2460 1052 2518 etc.
1067 2451 1216 2539 episcopi
1241 2450 1449 2531 Laudunen,
1469 2448 1591 2516 decani
1618 2458 1656 2516 et
1676 2449 1833 2537 capituli...

484 2557 625 2624 ecclesie
640 2557 801 2643 predicte,
817 2557 947 2623 etiamsi
965 2576 1040 2622 can.
1056 2563 1092 2621 et
1114 2558 1217 2642 preb,
1233 2563 1291 2621 aut
1316 2554 1464 2640 dignitas
1488 2553 1523 2619 in
1550 2554 1633 2620 eccl.
1658 2553 1833 2639 collegiata

483 2669 692 2749 personatus,
709 2660 937 2746 capiceriatus,
953 2658 1285 2746 archipresbiteratus
1300 2658 1425 2740 ruralis,
1448 2658 1644 2740 decanatus,
1669 2678 1729 2724 seu
1743 2655 1834 2743 quod·

483 2785 627 2850 cumque
644 2765 734 2831 aliud
749 2763 898 2831 officium
914 2765 984 2829 sive
998 2765 1182 2846 00110001,
1199 2764 1330 2829 etiamsi
1345 2764 1380 2829 in
1396 2764 1479 2844 eccl.
1496 2761 1684 2829 cathedrali
1700 2763 1832 2841 0111011111

482 2888 551 2933 11011
567 2870 652 2934 obst.
669 2868 759 2953 quod
774 2868 928 2954 parroch.
944 2869 1024 2934 eccl.
1041 2868 1073 2934 S.
1090 2868 1226 2935 Paterni
1243 2868 1285 2934 de
1301 2868 1449 2959 Bervilla
1459 2868 1495 2933 in
1508 2866 1707 2956 Campania,
1718 2866 1832 2934 Rotho

482 2992 613 3056 magen.
629 2971 726 3052 dioc,
742 2979 901 3037 noscatur
916 2972 1078 3038 obtinere.
1093 3011 1136 3023 -
1161 2972 1298 3038 Habeat
1314 2992 1388 3038 can.
1405 2973 1465 3038 sub
1492 2991 1569 3058 exp.
1584 2973 1680 3058 preb.
1705 2972 1740 3037 in
1761 2970 1830 3037 eocl.

483 3075 515 3140 S.
533 3074 708 3159 Gaugerici
726 3075 945 3140 Cameracen.
963 3078 1034 3160 (19,
1052 3079 1142 3161 201).

528 3220 630 3280 1609.
649 3211 740 3297 Mag.
757 3212 938 3278 Guillelmo
955 3212 1085 3295 Militis,
1101 3215 1287 3300 presbitero
1314 3215 1445 3300 Sagien.
1472 3215 1571 3296 dioc,
1599 3235 1628 3281 c.
1646 3236 1676 3282 0.
1692 3216 1746 3280 vel
1761 3236 1785 3279 s.
1799 3234 1830 3290 c.,
1872 3201 1875 3260 1

482 3317 707 3382 communiter
723 3319 777 3381 vel
804 3316 947 3398 divisim,
971 3317 1014 3383 ad
1039 3319 1115 3384 coll.
1140 3327 1216 3400 etc,
1245 3319 1392 3385 cantoris
1418 3328 1453 3385 et
1480 3318 1617 3405 capituli
1644 3319 1785 3386 ecclesie
1803 3314 1832 3381 B.

486 3418 596 3484 Marie
612 3420 655 3484 de
671 3420 840 3503 Corbolio,
858 3421 1015 3488 Parisien.
1031 3422 1117 3488 dioc.
1134 3445 1142 3503 ;
1159 3444 1229 3489 11011
1246 3425 1332 3489 obst.
1356 3421 1446 3507 quod
1469 3423 1623 3508 parroch.
1640 3410 1724 3490 eccl.
1741 3421 1778 3487 B.
1794 3417 1833 3485 M.

482 3523 524 3589 de
539 3521 688 3605 Tuillies,
706 3523 866 3590 Leodien.
882 3524 980 3606 dioc,
1004 3527 1213 3592 taxationem
1241 3528 1346 3592 fonne
1373 3526 1561 3592 communis
1587 3522 1656 3592 non
1685 3524 1834 3593 exceden-

483 3638 564 3709 tem,
581 3639 739 3695 noscatur
755 3630 917 3697 obtinere.
933 3672 976 3680 —
993 3630 1131 3696 Habeat
1147 3639 1184 3697 ut
1200 3632 1233 3697 in
1256 3631 1363 3698 forma
1379 3629 1423 3695 ad
1450 3630 1526 3695 coll.
1542 3629 1706 3717 episcopi,
1729 3625 1833 3695 decani

484 3740 518 3797 et
534 3732 671 3818 capituli
689 3733 887 3819 Lingonen,
904 3734 1129 3801 communiter
1138 3737 1194 3801 vel
1209 3735 1353 3816 divisim,
1364 3733 1495 3800 etiamsi
1507 3734 1542 3798 in
1554 3734 1635 3800 eccl.
1648 3730 1834 3808 cathedrali,

483 3834 525 3900 de
541 3836 619 3902 data
636 3858 653 3918 9
671 3836 738 3903 kal.
751 3838 835 3923 junii
851 3847 884 3903 a⁰
900 3840 942 3904 8⁰.
960 3840 1030 3921 (19,
1045 3841 1135 3923 201).

991 3996 1095 4061 illatio
1111 3997 1346 4062 Picardorum.

529 4109 627 4171 1610.
652 4107 740 4190 Sign.
758 4108 789 4172 S.
806 4108 846 4174 V.
862 4109 976 4174 devoti
993 4118 1028 4175 et
1043 4111 1186 4176 humiles
1202 4110 1302 4176 vestri
1319 4108 1376 4173 filii
1393 4127 1511 4173 omnes
1522 4114 1558 4172 et
1567 4104 1689 4191 singuli
1700 4103 1835 4192 magistri

485 4207 641 4273 >lationis
658 4208 884 4291 Picardorum,
902 4211 935 4275 in
952 4214 1073 4278 artium
1086 4214 1246 4279 facultate
1262 4212 1367 4279 Studii
1385 4209 1683 4295 Parisiensis,quod
1698 4219 1837 4297 exparte

485 4312 630 4396 ipsorum
647 4311 708 4376 fuit
725 4313 755 4376 S.
773 4312 812 4378 V.
829 4334 914 4379 unus
939 4318 1077 4397 rotulus,
1094 4318 1128 4381 in
1152 4319 1264 4382 rotulo
1281 4314 1520 4382 Universitatis
1544 4312 1742 4379 Parisiensis
1768 4333 1836 4379 con-

484 4434 598 4493 nexus,
630 4415 807 4480 continens
832 4417 942 4501 plures
974 4421 1237 4507 supplicationes
1259 4419 1386 4487 tenoris
1412 4418 1610 4505 infrascripti
1634 4426 1837 4504 presentatus

486 4538 502 4599 3
520 4515 588 4580 kal.
604 4515 790 4583 decembris
807 4520 926 4586 ultimo
942 4524 1091 4606 preteriti
1108 4548 1117 4604 ;
1143 4524 1232 4590 unde
1257 4527 1446 4612 supplicant
1470 4531 1637 4609 quatenus
1662 4523 1788 4589 eisdem
1810 4529 1836 4585 et

484 4622 620 4687 cuilibet
636 4642 762 4703 eorum,
779 4622 887 4688 modis
903 4626 1022 4709 quibus
1039 4636 1169 4713 petunt,
1185 4628 1444 4695 misericorditer
1459 4626 1642 4713 dignemini
1660 4627 1835 4713 providere.

483 4746 560 4790 cum
577 4725 733 4791 clausulis
749 4730 996 4811 reservationis,
1013 4730 1230 4813 inhibitionis,
1248 4741 1283 4798 et
1310 4733 1384 4798 aliis
1407 4730 1581 4818 oportunis
1607 4738 1646 4795 ut
1663 4730 1697 4795 in
1714 4731 1834 4805 fonna;

483 4839 518 4894 et
534 4830 567 4894 in
584 4829 681 4895 dictis
698 4831 999 4916 supplicationibus
1014 4835 1181 4921 prefatam
1196 4835 1314 4902 datam
1329 4835 1512 4923 dignemini
1528 4854 1702 4922 apponere
1718 4834 1760 4901 de
1773 4852 1833 4920 gra·

483 4932 529 4997 tia
545 4933 691 5019 speciali.
709 4935 778 5017 (19,
797 4937 887 5020 203).

530 5077 623 5136 1611.
641 5069 732 5155 Mag.
748 5071 897 5148 Johanni
910 5073 1100 5159 Regnaboti
1116 5076 1158 5142 de
1175 5075 1331 5158 Vervino,
1348 5077 1471 5144 clerico
1486 5075 1683 5143 Laudunen.
1694 5076 1788 5155 dioc,
1798 5070 1829 5137 de

483 5175 560 5237 ben.
577 5176 655 5238 eccl.
673 5196 697 5240 s.
716 5196 744 5240 c.
761 5186 936 5262 spectante
957 5182 1181 5246 communiter
1196 5183 1250 5247 vel
1272 5181 1404 5247 divisim
1420 5181 1462 5248 ad
1479 5181 1555 5248 coll.
1571 5189 1637 5248 etc.
1665 5179 1780 5248 decani
1801 5181 1826 5239 et
