4650 6059
1002 780 1089 853 1349,
1112 780 1131 844 2
1154 798 1242 846 mars.
1740 787 1803 852 407

462 939 556 996 tute
575 930 822 997 commissionis
837 952 896 1017 per
911 930 943 997 S.
960 930 999 995 V.
1016 929 1077 995 sibi
1094 929 1192 1011 facte,
1215 930 1408 1016 providerit,
1435 930 1591 1016 idemque
1616 932 1803 1001 Ademarus

464 1045 507 1100 te
526 1035 695 1121 adeptam
710 1035 956 1121 possessionem
972 1033 1191 1100 canonicatus
1207 1042 1242 1099 et
1253 1037 1345 1121 preb.
1357 1033 1584 1120 predictorum
1597 1043 1692 1102 extra
1703 1036 1802 1104 Rom.

462 1140 559 1204 riam
576 1138 668 1203 diem
684 1139 839 1205 clauserit
854 1147 1054 1217 extremum,
1070 1157 1166 1223 supp.
1185 1135 1289 1222 Hugo
1304 1137 1347 1203 de
1363 1136 1479 1219 Podio,
1492 1137 1592 1204 frater
1603 1138 1684 1206 dicti
1696 1161 1802 1226 quon-

463 1265 508 1307 m
526 1242 701 1323 Ademari,
718 1250 808 1326 quat.
828 1241 923 1329 [sibi]
941 1242 984 1308 de
1000 1262 1073 1307 can.
1100 1248 1136 1305 et
1158 1243 1252 1327 preb.
1279 1239 1437 1326 predictis
1465 1242 1513 1307 sic
1528 1261 1601 1307 vac.
1617 1241 1801 1327 dignemini

462 1346 635 1426 ovidere;
652 1366 720 1412 non
736 1348 822 1411 obst.
838 1345 930 1431 quod
946 1366 1019 1412 can.
1036 1347 1096 1411 sub
1113 1366 1189 1431 exp.
1204 1346 1295 1431 preb.
1323 1344 1405 1410 eccl.
1433 1344 1464 1411 S.
1482 1342 1663 1411 Frontonis
1688 1345 1801 1412 Petra-

462 1450 583 1516 »ricen
598 1449 748 1515 noscitur
763 1450 926 1532 obtinere,
942 1468 1000 1516 seu
1016 1448 1107 1534 quod
1121 1448 1156 1514 in
1173 1457 1264 1514 etate
1279 1447 1406 1534 patitur
1413 1446 1594 1531 defectum,
1605 1470 1682 1516 cum
1694 1450 1728 1515 in
1749 1454 1801 1515 16⁰

462 1553 534 1619 atis
562 1572 622 1618 sue
648 1572 739 1618 anno
764 1555 819 1618 vel
846 1552 934 1619 circa
960 1553 1054 1618 illum
1081 1552 1283 1619 constitutus
1309 1552 1440 1633 existat,
1466 1572 1580 1619 secum
1603 1562 1650 1635 ut,
1666 1555 1800 1622 defectu

463 1656 637 1743 rjusmodi,
661 1677 794 1723 necnon
817 1656 982 1742 generalis
1008 1656 1141 1722 concilii
1158 1663 1194 1721 et
1210 1655 1360 1741 qualibet
1376 1655 1442 1720 alia
1458 1656 1698 1723 constitutione
1721 1680 1799 1726 con-

462 1761 536 1826 aria
551 1780 769 1846 nequaquam
785 1762 881 1841 obst,
907 1759 1016 1826 dictos
1040 1779 1115 1825 can.
1142 1767 1178 1824 et
1201 1762 1293 1846 preb.
1317 1759 1568 1846 presbiteralem
1594 1760 1742 1848 recipere
1765 1771 1800 1828 et

462 1865 526 1931 :ite
552 1863 667 1929 valeat
691 1863 845 1945 retinere,
871 1862 1054 1948 dignemini
1078 1862 1282 1949 dispensare.
1298 1903 1342 1913 —
1358 1861 1435 1927 Fiat
1452 1861 1492 1928 R.
1508 1903 1552 1913 —
1567 1862 1613 1928 Et
1628 1863 1798 1950 dispensa·

462 1989 512 2036 lus
528 1967 572 2035 R.

475 2074 559 2139 Dat.
576 2073 676 2138 Avin.
694 2092 712 2156 3
728 2071 795 2138 kal.
812 2080 910 2138 mart.
927 2078 960 2137 a⁰
974 2077 1016 2155 7⁰.
1034 2072 1104 2157 (17,
1125 2072 1213 2156 180).

488 2227 783 2313 1513-1518.
1505 2258 1600 2324 1349,
1617 2262 1635 2304 2
1653 2262 1757 2308 mars.

478 2345 584 2431 Supp.
601 2343 832 2429 Engelbertus,
849 2343 950 2429 episc.
967 2340 1139 2423 Leodien.,
1154 2348 1246 2426 quat.
1262 2339 1393 2407 dilectis
1420 2341 1486 2407 suis
1508 2344 1702 2425 secretariis,
1727 2364 1801 2430 pre-

462 2450 567 2529 ositiS,
594 2448 809 2514 servitoribus
834 2446 1027 2531 subscriptis
1050 2444 1177 2531 gratias
1202 2444 1313 2510 facere
1340 2443 1522 2529 dignemini
1549 2447 1722 2533 speciales.
1756 2447 1801 2513 Et

462 2553 546 2618 rimo
564 2549 719 2617 Menrico
735 2549 822 2616 Galli
839 2560 857 2631 ¹,
874 2549 1046 2636 preposito
1061 2547 1202 2614 ecclesie
1217 2547 1418 2629 Zeflicensis,
1435 2547 1611 2616 Colonien.
1627 2551 1725 2632 dioc,
1741 2571 1802 2637 per

462 2677 547 2722 >sum
564 2655 759 2742 episcopum
775 2655 818 2721 ad
834 2654 874 2720 V.
891 2654 922 2720 S.
938 2654 1144 2734 transmisso,
1157 2652 1201 2719 de
1216 2661 1336 2719 canet
1348 2655 1440 2739 preb.
1457 2655 1538 2719 eccl.
1555 2653 1714 2721 Leodien.
1727 2676 1800 2731 vac,

462 2760 527 2846 pud
542 2760 657 2826 sedem
672 2768 780 2846 apost.
797 2777 856 2844 per
872 2759 926 2823 ob.
943 2755 1114 2841 quondam
1129 2755 1277 2840 Adulphi
1293 2754 1336 2820 de
1352 2754 1526 2837 Waldeke,
1542 2757 1643 2842 ipsius
1659 2758 1800 2824 ecclesie

462 2864 591 2930 monici
607 2874 627 2945 ²,
644 2864 737 2948 cujus
760 2861 925 2928 beneficia
940 2867 1019 2926 ante
1035 2859 1137 2946 ipsius
1163 2858 1293 2925 obitum
1319 2857 1451 2923 fuerant
1475 2867 1653 2942 reservata,
1678 2860 1801 2945 quique

462 2977 531 3033 xtra
560 2966 658 3033 Rom.
674 2968 800 3033 curiam
823 2965 912 3030 diem
939 2963 1058 3029 clausit
1086 2970 1283 3043 extremum,
1311 2961 1493 3047 dignemini
1516 2963 1714 3049 providere;
1730 2984 1800 3031 non

462 3073 523 3137 bst.
548 3070 640 3155 quod
663 3069 851 3156 predictam
878 3067 1133 3154 preposituram,
1150 3074 1185 3131 et
1201 3065 1232 3132 S.
1250 3065 1342 3131 Pauli
1361 3064 1532 3147 Leodien.,
1549 3086 1590 3132 ac
1611 3066 1642 3132 S.
1666 3065 1801 3132 Andree

462 3175 624 3255 {olonien.,
649 3195 783 3239 necnon
811 3171 1009 3237 Sosatiensis
1025 3169 1242 3236 ecclesiarum
1259 3170 1478 3235 canonicatus
1494 3178 1528 3235 et
1543 3172 1645 3256 preb,
1663 3190 1703 3235 ac
1726 3191 1801 3257 par-

462 3279 528 3344 och.
558 3278 640 3343 eccl.
665 3279 697 3344 S.
720 3277 852 3342 Thome
869 3275 1078 3356 Sosatiensis
1095 3274 1245 3361 predicte
1262 3274 1436 3341 Colonien.
1453 3274 1550 3357 dioc,
1567 3296 1644 3341 cum
1667 3275 1800 3361 dispen-

462 3383 566 3446 atione
582 3381 701 3446 Vestre
718 3379 912 3446 Sanctitatis
927 3379 1077 3444 noscitur
1092 3378 1254 3444 obtinere.
1270 3419 1313 3427 —
1329 3377 1405 3443 Fiat
1422 3378 1462 3444 R.

485 3523 583 3584 1514.
602 3517 691 3582 Item
707 3517 789 3601 sign.
808 3516 847 3582 E.
864 3515 895 3580 S.
912 3515 1003 3600 quod
1019 3537 1096 3581 curn
1112 3514 1152 3582 V.
1169 3515 1201 3581 S.
1217 3536 1333 3601 nuper,
1361 3515 1403 3581 ad
1425 3517 1526 3602 ipsius
1550 3517 1699 3604 episcopi
1723 3540 1798 3605 sup-

462 3622 667 3702 licationem,
684 3621 717 3685 in
734 3622 793 3685 lite
809 3629 843 3684 et
859 3640 958 3685 causa
974 3640 1013 3685 ac
1029 3619 1248 3704 possessione,
1265 3628 1330 3685 etc.
1347 3641 1448 3703 quam
1465 3641 1522 3685 seu
1538 3642 1619 3704 quas
1630 3623 1799 3705 quondam

462 3726 612 3813 tdulphus
638 3726 680 3790 de
696 3723 869 3802 Waldeke,
894 3724 1075 3789 canonicus
1102 3722 1263 3789 Leodien.
1288 3732 1322 3788 et
1350 3726 1453 3788 abbas
1480 3726 1634 3790 secularis
1659 3727 1799 3791 ecclesie

462 3830 660 3909 lmaniensiS,
674 3827 834 3893 Leodien.
847 3828 945 3908 dioc,
958 3826 1140 3913 possidens,
1153 3826 1210 3912 qui
1223 3834 1317 3892 extra
1329 3826 1425 3891 Rom.
1439 3828 1566 3892 curiam
1578 3828 1667 3893 diem
1680 3827 1799 3891 clausit

462 3944 635 4012 extremum,
652 3933 797 3998 habebat
814 3933 847 3995 in
864 3932 904 3998 V.
921 3932 952 3997 S.
969 3932 1059 3997 curia
1087 3939 1204 3997 contra
1232 3930 1400 3996 Ferricum
1427 3932 1469 3996 de
1494 3931 1658 3996 Pinconio
1673 3942 1684 3977 ³
1700 3950 1798 4015 super

462 4056 507 4119 psa
523 4037 662 4104 abbatia
678 4045 712 4101 et
729 4037 799 4121 ejus
815 4036 1003 4117 occasione,
1029 4036 1256 4121 subrogaverit
1283 4035 1392 4099 eidem
1416 4035 1576 4121 Adulpho
1601 4034 1795 4119 magistrum

462 4138 613 4208 ilbertum
629 4141 671 4205 de
688 4139 885 4205 Betincourt
912 4192 920 4220 ,
937 4140 1136 4206 canonicum
1154 4139 1324 4220 Leodien.,
1340 4140 1612 4226 propositumque
1628 4149 1640 4175 ¹
1656 4138 1796 4204 ecclesie

462 4244 473 4307 ἱ.
486 4245 625 4312 Martini
642 4243 813 4324 Leodien.,
838 4246 956 4309 rolens
981 4244 1108 4309 Eadem
1125 4243 1292 4309 Sanctitas
1316 4243 1406 4326 quod
1422 4244 1510 4308 idem
1540 4242 1693 4309 Elbertus
1719 4251 1797 4329 post

462 4351 681 4417 ssecutionem
698 4348 874 4433 pacificam
901 4347 991 4413 dicte
1018 4347 1162 4427 abbatie,
1179 4367 1244 4431 que
1259 4346 1403 4432 dignitas
1426 4355 1541 4413 curata
1557 4347 1680 4428 existit,
1697 4348 1796 4413 solita

462 4451 601 4520 luntaxat
628 4472 688 4538 per
714 4452 916 4517 canonicum
942 4450 1102 4517 Leodien.
1129 4451 1314 4536 gubernari,
1341 4452 1526 4538 predictam
1542 4450 1794 4538 preposituram,

462 4575 500 4636 lue
515 4558 662 4642 dignitas
689 4565 739 4620 est
766 4557 837 4620 sine
864 4577 951 4635 cura,
979 4557 1021 4621 ad
1048 4576 1148 4642 quam
1175 4576 1308 4639 quoque
1335 4557 1517 4623 canonicus
1544 4555 1703 4621 Leodien.
1720 4556 1796 4639 eligi

464 4660 621 4741 onsuevit,
637 4659 806 4725 dimittere
821 4669 976 4725 teneatur
991 4682 999 4739 ;
1016 4680 1111 4745 supp.
1127 4660 1217 4725 idem
1234 4662 1410 4746 episcopus
1425 4671 1589 4744 quatenus
1605 4661 1694 4745 quod
1706 4662 1795 4726 idem

462 4760 593 4831 ilbertus
619 4764 805 4850 predictam
839 4785 932 4829 suam
967 4765 1213 4850 preposituram
1246 4765 1279 4830 in
1307 4786 1442 4830 omnem
1469 4775 1628 4831 eventum
1652 4765 1794 4830 retinere

462 4869 550 4949 ussit,
567 4889 607 4933 ac
623 4870 649 4933 si
666 4869 699 4932 in
715 4869 813 4935 dictis
829 4870 897 4948 lite,
915 4889 1016 4935 causa
1043 4878 1077 4933 et
1104 4870 1313 4956 possessione
1329 4879 1393 4934 etc.
1411 4891 1511 4954 quam
1536 4879 1707 4935 assecutus
1731 4877 1793 4948 est,

475 5054 496 5114 a)
511 5055 565 5104 eva.
578 5058 722 5118 ipsumque.

462 5149 690 5166 *-

479 5222 498 5268 l.
507 5222 566 5271 Voir
578 5238 602 5272 n.
614 5226 668 5282 930,
682 5226 735 5285 981,
749 5227 804 5273 995.
816 5252 848 5260 -
865 5228 887 5273 2.
906 5226 968 5272 Voir
979 5241 1005 5276 n.
1019 5226 1088 5273 1442.
1100 5252 1133 5264 -
1145 5227 1167 5274 ³.
1180 5223 1219 5273 lh.
1232 5251 1264 5261 -
1275 5226 1298 5272 4.
1311 5224 1373 5272 Voir
1384 5239 1409 5273 n.
1421 5225 1536 5273 tot-807.
