<?xml version="1.0" encoding="UTF-8"?>
<!DOCTYPE html PUBLIC "-//W3C//DTD XHTML 1.0 Transitional//EN"
    "http://www.w3.org/TR/xhtml1/DTD/xhtml1-transitional.dtd">
<html xmlns="http://www.w3.org/1999/xhtml" xml:lang="en" lang="en">
 <head>
  <title>
</title>
<meta http-equiv="Content-Type" content="text/html;charset=utf-8" />
  <meta name='ocr-system' content='tesseract 3.04.00' />
  <meta name='ocr-capabilities' content='ocr_page ocr_carea ocr_par ocr_line ocrx_word'/>
</head>
<body>
  <div class='ocr_page' id='page_1' title='image "./suppliquesdeclm00goog_0237.png"; bbox 0 0 4650 6059; ppageno 0'>
   <div class='ocr_carea' id='block_1_1' title="bbox 479 772 1314 843">
    <p class='ocr_par' dir='ltr' id='par_1_1' title="bbox 479 772 1314 843">
     <span class='ocr_line' id='line_1_1' title="bbox 479 772 1314 843; baseline -0.005 -4"><span class='ocrx_word' id='word_1_1' title='bbox 479 775 534 839; x_wconf 87' lang='lat'>182</span> <span class='ocrx_word' id='word_1_2' title='bbox 995 773 1082 843; x_wconf 78' lang='lat'>1344,</span> <span class='ocrx_word' id='word_1_3' title='bbox 1105 774 1125 834; x_wconf 82' lang='lat'>4</span> <span class='ocrx_word' id='word_1_4' title='bbox 1148 772 1314 835; x_wconf 79' lang='lat' dir='ltr'>novembre</span> 
     </span>
    </p>
   </div>
   <div class='ocr_carea' id='block_1_2' title="bbox 479 920 1848 4329">
    <p class='ocr_par' dir='ltr' id='par_1_2' title="bbox 479 920 1848 4329">
     <span class='ocr_line' id='line_1_2' title="bbox 479 920 1842 1010; baseline -0.004 -18"><span class='ocrx_word' id='word_1_5' title='bbox 479 938 513 991; x_wconf 90' lang='lat' dir='ltr'>et</span> <span class='ocrx_word' id='word_1_6' title='bbox 529 925 676 1010; x_wconf 88' lang='lat' dir='ltr'>quelibet</span> <span class='ocrx_word' id='word_1_7' title='bbox 691 924 836 1010; x_wconf 88' lang='lat' dir='ltr'>ipsarum</span> <span class='ocrx_word' id='word_1_8' title='bbox 853 924 1000 1009; x_wconf 90' lang='lat' dir='ltr'>partium</span> <span class='ocrx_word' id='word_1_9' title='bbox 1016 943 1114 1007; x_wconf 91' lang='lat' dir='ltr'>super</span> <span class='ocrx_word' id='word_1_10' title='bbox 1129 922 1220 988; x_wconf 86' lang='lat' dir='ltr'>sacto</span> <span class='ocrx_word' id='word_1_11' title='bbox 1232 930 1267 988; x_wconf 90' lang='lat' dir='ltr'>et</span> <span class='ocrx_word' id='word_1_12' title='bbox 1281 930 1431 988; x_wconf 89' lang='lat' dir='ltr'>tractatu</span> <span class='ocrx_word' id='word_1_13' title='bbox 1446 922 1625 989; x_wconf 86' lang='lat' dir='ltr'><strong>concordie</strong></span> <span class='ocrx_word' id='word_1_14' title='bbox 1641 920 1729 987; x_wconf 88' lang='lat' dir='ltr'>inter</span> <span class='ocrx_word' id='word_1_15' title='bbox 1753 922 1842 1007; x_wconf 89' lang='lat' dir='ltr'>ipsas</span> 
     </span>
     <span class='ocr_line' id='line_1_3' title="bbox 479 1025 1843 1115; baseline -0.003 -20"><span class='ocrx_word' id='word_1_16' title='bbox 479 1029 707 1115; x_wconf 89' lang='lat' dir='ltr'>supplicasset·</span> <span class='ocrx_word' id='word_1_17' title='bbox 723 1027 872 1112; x_wconf 89' lang='lat' dir='ltr'>pluribus</span> <span class='ocrx_word' id='word_1_18' title='bbox 897 1027 940 1092; x_wconf 91' lang='lat' dir='ltr'>de</span> <span class='ocrx_word' id='word_1_19' title='bbox 958 1025 1241 1091; x_wconf 86' lang='lat' dir='ltr'>reverendissimis</span> <span class='ocrx_word' id='word_1_20' title='bbox 1266 1027 1415 1111; x_wconf 89' lang='lat' dir='ltr'>patribus</span> <span class='ocrx_word' id='word_1_21' title='bbox 1430 1034 1442 1061; x_wconf 80' lang='lat'>⁸</span> <span class='ocrx_word' id='word_1_22' title='bbox 1458 1026 1603 1093; x_wconf 90' lang='lat' dir='ltr'>dominis</span> <span class='ocrx_word' id='word_1_23' title='bbox 1618 1026 1843 1092; x_wconf 88' lang='lat' dir='ltr'>cardinalibus</span> 
     </span>
     <span class='ocr_line' id='line_1_4' title="bbox 480 1128 1843 1219; baseline -0.002 -20"><span class='ocrx_word' id='word_1_24' title='bbox 480 1134 522 1199; x_wconf 93' lang='lat' dir='ltr'>de</span> <span class='ocrx_word' id='word_1_25' title='bbox 538 1153 621 1219; x_wconf 90' lang='lat' dir='ltr'>pace</span> <span class='ocrx_word' id='word_1_26' title='bbox 636 1140 671 1196; x_wconf 89' lang='lat' dir='ltr'>et</span> <span class='ocrx_word' id='word_1_27' title='bbox 686 1130 866 1196; x_wconf 90' lang='lat' dir='ltr'>concordia</span> <span class='ocrx_word' id='word_1_28' title='bbox 883 1128 1094 1215; x_wconf 87' lang='lat' dir='ltr'>apponenda,</span> <span class='ocrx_word' id='word_1_29' title='bbox 1110 1137 1145 1193; x_wconf 89' lang='lat' dir='ltr'>et</span> <span class='ocrx_word' id='word_1_30' title='bbox 1161 1130 1222 1195; x_wconf 89' lang='lat' dir='ltr'>sub</span> <span class='ocrx_word' id='word_1_31' title='bbox 1243 1130 1300 1195; x_wconf 91' lang='lat' dir='ltr'>illa</span> <span class='ocrx_word' id='word_1_32' title='bbox 1315 1151 1374 1216; x_wconf 90' lang='lat' dir='ltr'>spe</span> <span class='ocrx_word' id='word_1_33' title='bbox 1389 1130 1479 1196; x_wconf 88' lang='lat' dir='ltr'>idem</span> <span class='ocrx_word' id='word_1_34' title='bbox 1494 1131 1681 1217; x_wconf 92' lang='lat' dir='ltr'>episcopus,</span> <span class='ocrx_word' id='word_1_35' title='bbox 1698 1130 1843 1196; x_wconf 90' lang='lat' dir='ltr'>vicarius</span> 
     </span>
     <span class='ocr_line' id='line_1_5' title="bbox 481 1233 1841 1322; baseline -0.003 -19"><span class='ocrx_word' id='word_1_36' title='bbox 481 1248 514 1303; x_wconf 92' lang='lat' dir='ltr'>et</span> <span class='ocrx_word' id='word_1_37' title='bbox 530 1247 646 1321; x_wconf 83' lang='lat' dir='ltr'>gentes</span> <span class='ocrx_word' id='word_1_38' title='bbox 661 1237 763 1322; x_wconf 89' lang='lat' dir='ltr'>ipsius</span> <span class='ocrx_word' id='word_1_39' title='bbox 779 1235 1002 1301; x_wconf 90' lang='lat' dir='ltr'>consisterent</span> <span class='ocrx_word' id='word_1_40' title='bbox 1015 1257 1023 1313; x_wconf 91' lang='lat'>;</span> <span class='ocrx_word' id='word_1_41' title='bbox 1040 1233 1279 1300; x_wconf 90' lang='lat' dir='ltr'>nichilominus</span> <span class='ocrx_word' id='word_1_42' title='bbox 1290 1234 1465 1311; x_wconf 85' lang='lat' dir='ltr'>Jobannes</span> <span class='ocrx_word' id='word_1_43' title='bbox 1478 1236 1521 1301; x_wconf 89' lang='lat' dir='ltr'>de</span> <span class='ocrx_word' id='word_1_44' title='bbox 1532 1235 1630 1321; x_wconf 90' lang='lat' dir='ltr'>Roya</span> <span class='ocrx_word' id='word_1_45' title='bbox 1642 1234 1841 1321; x_wconf 86' lang='lat' dir='ltr'>prepositus,</span> 
     </span>
     <span class='ocr_line' id='line_1_6' title="bbox 481 1330 1841 1424; baseline -0.002 -19"><span class='ocrx_word' id='word_1_46' title='bbox 481 1342 677 1406; x_wconf 84' lang='lat' dir='ltr'>Guillelmus</span> <span class='ocrx_word' id='word_1_47' title='bbox 703 1340 746 1405; x_wconf 89' lang='lat' dir='ltr'>de</span> <span class='ocrx_word' id='word_1_48' title='bbox 767 1337 929 1404; x_wconf 86' lang='lat' dir='ltr'>Crekiaco</span> <span class='ocrx_word' id='word_1_49' title='bbox 943 1339 1027 1418; x_wconf 72' lang='lat' dir='ltr'>dec,</span> <span class='ocrx_word' id='word_1_50' title='bbox 1043 1336 1258 1403; x_wconf 88' lang='lat' dir='ltr'>Theobaldus</span> <span class='ocrx_word' id='word_1_51' title='bbox 1273 1338 1315 1405; x_wconf 92' lang='lat' dir='ltr'>de</span> <span class='ocrx_word' id='word_1_52' title='bbox 1332 1337 1455 1404; x_wconf 88' lang='lat' dir='ltr'>Meldis</span> <span class='ocrx_word' id='word_1_53' title='bbox 1482 1360 1568 1418; x_wconf 83' lang='lat' dir='ltr'>can,</span> <span class='ocrx_word' id='word_1_54' title='bbox 1581 1330 1592 1374; x_wconf 49' lang='lat'>&#39;¹</span> <span class='ocrx_word' id='word_1_55' title='bbox 1609 1347 1644 1404; x_wconf 91' lang='lat' dir='ltr'>et</span> <span class='ocrx_word' id='word_1_56' title='bbox 1659 1339 1771 1424; x_wconf 88' lang='lat' dir='ltr'>plures</span> <span class='ocrx_word' id='word_1_57' title='bbox 1786 1338 1841 1402; x_wconf 91' lang='lat' dir='ltr'>alii</span> 
     </span>
     <span class='ocr_line' id='line_1_7' title="bbox 481 1441 1843 1528; baseline -0.004 -18"><span class='ocrx_word' id='word_1_58' title='bbox 481 1444 633 1510; x_wconf 89' lang='lat' dir='ltr'>canonici</span> <span class='ocrx_word' id='word_1_59' title='bbox 650 1445 732 1509; x_wconf 88' lang='lat' dir='ltr'>eccl.</span> <span class='ocrx_word' id='word_1_60' title='bbox 749 1442 965 1508; x_wconf 86' lang='lat' dir='ltr'>Cameracen.</span> <span class='ocrx_word' id='word_1_61' title='bbox 979 1441 1138 1527; x_wconf 85' lang='lat' dir='ltr'>predicte,</span> <span class='ocrx_word' id='word_1_62' title='bbox 1155 1441 1304 1526; x_wconf 87' lang='lat' dir='ltr'>maligno</span> <span class='ocrx_word' id='word_1_63' title='bbox 1319 1442 1437 1527; x_wconf 91' lang='lat' dir='ltr'>spiritu</span> <span class='ocrx_word' id='word_1_64' title='bbox 1462 1442 1634 1523; x_wconf 89' lang='lat' dir='ltr'>concita-ti,</span> <span class='ocrx_word' id='word_1_65' title='bbox 1653 1462 1753 1528; x_wconf 90' lang='lat' dir='ltr'>super</span> <span class='ocrx_word' id='word_1_66' title='bbox 1768 1463 1843 1527; x_wconf 92' lang='lat' dir='ltr'>pre·</span> 
     </span>
     <span class='ocr_line' id='line_1_8' title="bbox 480 1534 1841 1631; baseline -0.001 -19"><span class='ocrx_word' id='word_1_67' title='bbox 480 1549 587 1613; x_wconf 91' lang='lat' dir='ltr'>missis</span> <span class='ocrx_word' id='word_1_68' title='bbox 618 1546 846 1631; x_wconf 89' lang='lat' dir='ltr'>questionibus</span> <span class='ocrx_word' id='word_1_69' title='bbox 876 1554 910 1612; x_wconf 88' lang='lat' dir='ltr'>et</span> <span class='ocrx_word' id='word_1_70' title='bbox 940 1545 1080 1624; x_wconf 88' lang='lat' dir='ltr'>debatis,</span> <span class='ocrx_word' id='word_1_71' title='bbox 1114 1566 1134 1610; x_wconf 94' lang='lat' dir='ltr'>a</span> <span class='ocrx_word' id='word_1_72' title='bbox 1164 1545 1292 1610; x_wconf 87' lang='lat' dir='ltr'>semitis</span> <span class='ocrx_word' id='word_1_73' title='bbox 1318 1534 1446 1630; x_wconf 81' lang='lat' dir='ltr'>justitie</span> <span class='ocrx_word' id='word_1_74' title='bbox 1476 1547 1626 1612; x_wconf 91' lang='lat' dir='ltr'>totaliter</span> <span class='ocrx_word' id='word_1_75' title='bbox 1655 1545 1841 1625; x_wconf 88' lang='lat' dir='ltr'>deviantes,</span> 
     </span>
     <span class='ocr_line' id='line_1_9' title="bbox 480 1649 1842 1735; baseline -0.002 -18"><span class='ocrx_word' id='word_1_76' title='bbox 480 1651 722 1717; x_wconf 86' lang='lat' dir='ltr'>ecclesiasticas</span> <span class='ocrx_word' id='word_1_77' title='bbox 747 1670 904 1735; x_wconf 89' lang='lat' dir='ltr'>personas</span> <span class='ocrx_word' id='word_1_78' title='bbox 927 1650 1080 1735; x_wconf 88' lang='lat' dir='ltr'>potentie</span> <span class='ocrx_word' id='word_1_79' title='bbox 1104 1649 1244 1715; x_wconf 89' lang='lat' dir='ltr'>seculari</span> <span class='ocrx_word' id='word_1_80' title='bbox 1269 1650 1442 1735; x_wconf 87' lang='lat' dir='ltr'>subjugare</span> <span class='ocrx_word' id='word_1_81' title='bbox 1457 1651 1615 1731; x_wconf 89' lang='lat' dir='ltr'>nitentes,</span> <span class='ocrx_word' id='word_1_82' title='bbox 1632 1650 1696 1714; x_wconf 93' lang='lat' dir='ltr'>Dei</span> <span class='ocrx_word' id='word_1_83' title='bbox 1720 1651 1842 1716; x_wconf 89' lang='lat' dir='ltr'>timore</span> 
     </span>
     <span class='ocr_line' id='line_1_10' title="bbox 480 1753 1841 1840; baseline -0.001 -20"><span class='ocrx_word' id='word_1_84' title='bbox 480 1755 678 1840; x_wconf 88' lang='lat' dir='ltr'>postposito,</span> <span class='ocrx_word' id='word_1_85' title='bbox 695 1754 761 1819; x_wconf 89' lang='lat' dir='ltr'>suis</span> <span class='ocrx_word' id='word_1_86' title='bbox 776 1754 872 1819; x_wconf 88' lang='lat' dir='ltr'>malis</span> <span class='ocrx_word' id='word_1_87' title='bbox 889 1753 1157 1840; x_wconf 89' lang='lat' dir='ltr'>persuasionibus</span> <span class='ocrx_word' id='word_1_88' title='bbox 1181 1764 1446 1838; x_wconf 89' lang='lat' dir='ltr'>procuraverunt</span> <span class='ocrx_word' id='word_1_89' title='bbox 1472 1763 1507 1819; x_wconf 86' lang='lat' dir='ltr'>et</span> <span class='ocrx_word' id='word_1_90' title='bbox 1523 1775 1600 1820; x_wconf 92' lang='lat' dir='ltr'>cum</span> <span class='ocrx_word' id='word_1_91' title='bbox 1615 1754 1738 1820; x_wconf 87' lang='lat' dir='ltr'>effectu</span> <span class='ocrx_word' id='word_1_92' title='bbox 1755 1755 1841 1820; x_wconf 88' lang='lat' dir='ltr'>sece-</span> 
     </span>
     <span class='ocr_line' id='line_1_11' title="bbox 480 1856 1843 1946; baseline -0.004 -19"><span class='ocrx_word' id='word_1_93' title='bbox 480 1870 559 1927; x_wconf 90' lang='lat' dir='ltr'>runt</span> <span class='ocrx_word' id='word_1_94' title='bbox 573 1880 633 1946; x_wconf 89' lang='lat' dir='ltr'>per</span> <span class='ocrx_word' id='word_1_95' title='bbox 648 1857 863 1942; x_wconf 84' lang='lat' dir='ltr'>magnificum</span> <span class='ocrx_word' id='word_1_96' title='bbox 879 1866 914 1921; x_wconf 91' lang='lat' dir='ltr'>et</span> <span class='ocrx_word' id='word_1_97' title='bbox 931 1863 1108 1942; x_wconf 89' lang='lat' dir='ltr'>potentem</span> <span class='ocrx_word' id='word_1_98' title='bbox 1122 1856 1231 1921; x_wconf 91' lang='lat' dir='ltr'>vimm</span> <span class='ocrx_word' id='word_1_99' title='bbox 1247 1857 1420 1923; x_wconf 91' lang='lat' dir='ltr'>dominum</span> <span class='ocrx_word' id='word_1_100' title='bbox 1445 1856 1664 1937; x_wconf 92' lang='lat' dir='ltr'>Ludovicum,</span> <span class='ocrx_word' id='word_1_101' title='bbox 1681 1857 1843 1923; x_wconf 88' lang='lat' dir='ltr'>comitem</span> 
     </span>
     <span class='ocr_line' id='line_1_12' title="bbox 482 1959 1843 2047; baseline -0.002 -18"><span class='ocrx_word' id='word_1_102' title='bbox 482 1964 647 2041; x_wconf 90' lang='lat' dir='ltr'>Flandrie,</span> <span class='ocrx_word' id='word_1_103' title='bbox 664 1962 824 2027; x_wconf 90' lang='lat' dir='ltr'>vicarium</span> <span class='ocrx_word' id='word_1_104' title='bbox 840 1969 875 2026; x_wconf 89' lang='lat' dir='ltr'>et</span> <span class='ocrx_word' id='word_1_105' title='bbox 889 1968 1008 2044; x_wconf 85' lang='lat' dir='ltr'>gentes</span> <span class='ocrx_word' id='word_1_106' title='bbox 1023 1959 1125 2044; x_wconf 90' lang='lat' dir='ltr'>ipsius</span> <span class='ocrx_word' id='word_1_107' title='bbox 1148 1960 1297 2046; x_wconf 89' lang='lat' dir='ltr'>episcopi</span> <span class='ocrx_word' id='word_1_108' title='bbox 1322 1960 1474 2041; x_wconf 88' lang='lat' dir='ltr'>diffidari,</span> <span class='ocrx_word' id='word_1_109' title='bbox 1499 1961 1588 2047; x_wconf 91' lang='lat' dir='ltr'>ipsos</span> <span class='ocrx_word' id='word_1_110' title='bbox 1604 1960 1745 2026; x_wconf 90' lang='lat' dir='ltr'>interfici</span> <span class='ocrx_word' id='word_1_111' title='bbox 1762 1961 1843 2026; x_wconf 88' lang='lat' dir='ltr'>totis</span> 
     </span>
     <span class='ocr_line' id='line_1_13' title="bbox 481 2063 1843 2151; baseline -0.003 -20"><span class='ocrx_word' id='word_1_112' title='bbox 481 2069 606 2133; x_wconf 88' lang='lat' dir='ltr'>viribus</span> <span class='ocrx_word' id='word_1_113' title='bbox 620 2073 858 2151; x_wconf 87' lang='lat' dir='ltr'>procurantes;</span> <span class='ocrx_word' id='word_1_114' title='bbox 876 2073 911 2129; x_wconf 92' lang='lat' dir='ltr'>et</span> <span class='ocrx_word' id='word_1_115' title='bbox 922 2064 993 2149; x_wconf 84' lang='lat' dir='ltr'>jam</span> <span class='ocrx_word' id='word_1_116' title='bbox 1009 2063 1147 2129; x_wconf 86' lang='lat' dir='ltr'>fuissent</span> <span class='ocrx_word' id='word_1_117' title='bbox 1166 2064 1256 2128; x_wconf 91' lang='lat' dir='ltr'>male</span> <span class='ocrx_word' id='word_1_118' title='bbox 1280 2064 1415 2130; x_wconf 89' lang='lat' dir='ltr'>tractati</span> <span class='ocrx_word' id='word_1_119' title='bbox 1440 2073 1474 2129; x_wconf 89' lang='lat' dir='ltr'>et</span> <span class='ocrx_word' id='word_1_120' title='bbox 1490 2064 1623 2144; x_wconf 91' lang='lat' dir='ltr'>mortui,</span> <span class='ocrx_word' id='word_1_121' title='bbox 1639 2064 1701 2129; x_wconf 92' lang='lat' dir='ltr'>nisi</span> <span class='ocrx_word' id='word_1_122' title='bbox 1718 2085 1754 2129; x_wconf 90' lang='lat' dir='ltr'>se</span> <span class='ocrx_word' id='word_1_123' title='bbox 1770 2064 1843 2130; x_wconf 93' lang='lat' dir='ltr'>dili-</span> 
     </span>
     <span class='ocr_line' id='line_1_14' title="bbox 481 2167 1842 2256; baseline -0.002 -20"><span class='ocrx_word' id='word_1_124' title='bbox 481 2170 674 2256; x_wconf 86' lang='lat' dir='ltr'>gentissime</span> <span class='ocrx_word' id='word_1_125' title='bbox 690 2168 905 2234; x_wconf 89' lang='lat' dir='ltr'>custodirent.</span> <span class='ocrx_word' id='word_1_126' title='bbox 923 2168 1137 2254; x_wconf 82' lang='lat' dir='ltr'>Quapropter</span> <span class='ocrx_word' id='word_1_127' title='bbox 1161 2167 1272 2233; x_wconf 89' lang='lat' dir='ltr'>eidem</span> <span class='ocrx_word' id='word_1_128' title='bbox 1293 2168 1323 2232; x_wconf 92' lang='lat' dir='ltr'>S.</span> <span class='ocrx_word' id='word_1_129' title='bbox 1341 2167 1380 2234; x_wconf 84' lang='lat' dir='ltr'>V.</span> <span class='ocrx_word' id='word_1_130' title='bbox 1396 2189 1491 2254; x_wconf 91' lang='lat' dir='ltr'>supp.</span> <span class='ocrx_word' id='word_1_131' title='bbox 1508 2168 1609 2254; x_wconf 91' lang='lat' dir='ltr'>episc.</span> <span class='ocrx_word' id='word_1_132' title='bbox 1625 2176 1842 2249; x_wconf 90' lang='lat' dir='ltr'>memoratus,</span> 
     </span>
     <span class='ocr_line' id='line_1_15' title="bbox 482 2252 1843 2359; baseline -0.001 -20"><span class='ocrx_word' id='word_1_133' title='bbox 482 2284 572 2359; x_wconf 90' lang='lat' dir='ltr'>quat.</span> <span class='ocrx_word' id='word_1_134' title='bbox 589 2273 751 2355; x_wconf 87' lang='lat' dir='ltr'>aliquibus</span> <span class='ocrx_word' id='word_1_135' title='bbox 767 2273 820 2335; x_wconf 92' lang='lat' dir='ltr'>vel</span> <span class='ocrx_word' id='word_1_136' title='bbox 836 2271 934 2336; x_wconf 89' lang='lat' dir='ltr'>alicui</span> <span class='ocrx_word' id='word_1_137' title='bbox 950 2292 1025 2335; x_wconf 89' lang='lat' dir='ltr'>ven.</span> <span class='ocrx_word' id='word_1_138' title='bbox 1035 2270 1114 2335; x_wconf 90' lang='lat' dir='ltr'>viris</span> <span class='ocrx_word' id='word_1_139' title='bbox 1130 2273 1184 2335; x_wconf 92' lang='lat' dir='ltr'>vel</span> <span class='ocrx_word' id='word_1_140' title='bbox 1199 2270 1282 2351; x_wconf 89' lang='lat' dir='ltr'>viro,</span> <span class='ocrx_word' id='word_1_141' title='bbox 1299 2271 1333 2335; x_wconf 94' lang='lat' dir='ltr'>in</span> <span class='ocrx_word' id='word_1_142' title='bbox 1349 2272 1620 2338; x_wconf 87' lang='lat' dir='ltr'>Attrebaten.vel</span> <span class='ocrx_word' id='word_1_143' title='bbox 1637 2252 1843 2338; x_wconf 72' lang='lat' dir='ltr'>Ndviomen.</span> 
     </span>
     <span class='ocr_line' id='line_1_16' title="bbox 483 2375 1844 2461; baseline 0.001 -19"><span class='ocrx_word' id='word_1_144' title='bbox 483 2379 546 2442; x_wconf 90' lang='lat' dir='ltr'>civ.</span> <span class='ocrx_word' id='word_1_145' title='bbox 563 2379 616 2441; x_wconf 92' lang='lat' dir='ltr'>vel</span> <span class='ocrx_word' id='word_1_146' title='bbox 631 2376 765 2455; x_wconf 85' lang='lat' dir='ltr'>dioces,</span> <span class='ocrx_word' id='word_1_147' title='bbox 782 2376 861 2441; x_wconf 91' lang='lat' dir='ltr'>dare</span> <span class='ocrx_word' id='word_1_148' title='bbox 876 2375 1058 2459; x_wconf 87' lang='lat' dir='ltr'>dignemini</span> <span class='ocrx_word' id='word_1_149' title='bbox 1071 2375 1190 2440; x_wconf 87' lang='lat' dir='ltr'>vestris</span> <span class='ocrx_word' id='word_1_150' title='bbox 1205 2375 1324 2440; x_wconf 87' lang='lat' dir='ltr'>litteris</span> <span class='ocrx_word' id='word_1_151' title='bbox 1339 2375 1372 2440; x_wconf 92' lang='lat' dir='ltr'>in</span> <span class='ocrx_word' id='word_1_152' title='bbox 1389 2375 1567 2457; x_wconf 88' lang='lat' dir='ltr'>mandatis,</span> <span class='ocrx_word' id='word_1_153' title='bbox 1580 2385 1618 2442; x_wconf 91' lang='lat' dir='ltr'>ut</span> <span class='ocrx_word' id='word_1_154' title='bbox 1626 2376 1668 2442; x_wconf 89' lang='lat' dir='ltr'>de</span> <span class='ocrx_word' id='word_1_155' title='bbox 1685 2377 1844 2461; x_wconf 88' lang='lat' dir='ltr'>predictis</span> 
     </span>
     <span class='ocr_line' id='line_1_17' title="bbox 482 2478 1843 2566; baseline -0.003 -19"><span class='ocrx_word' id='word_1_156' title='bbox 482 2480 700 2547; x_wconf 88' lang='lat' dir='ltr'>diffidationis</span> <span class='ocrx_word' id='word_1_157' title='bbox 724 2480 959 2564; x_wconf 89' lang='lat' dir='ltr'>procuratione</span> <span class='ocrx_word' id='word_1_158' title='bbox 989 2499 1028 2544; x_wconf 93' lang='lat' dir='ltr'>ac</span> <span class='ocrx_word' id='word_1_159' title='bbox 1059 2479 1276 2563; x_wconf 87' lang='lat' dir='ltr'>instigatione</span> <span class='ocrx_word' id='word_1_160' title='bbox 1306 2478 1394 2544; x_wconf 87' lang='lat' dir='ltr'>facta</span> <span class='ocrx_word' id='word_1_161' title='bbox 1423 2500 1483 2564; x_wconf 88' lang='lat' dir='ltr'>per</span> <span class='ocrx_word' id='word_1_162' title='bbox 1509 2480 1598 2566; x_wconf 90' lang='lat' dir='ltr'>ipsos</span> <span class='ocrx_word' id='word_1_163' title='bbox 1621 2480 1843 2566; x_wconf 90' lang='lat' dir='ltr'>prepositum,</span> 
     </span>
     <span class='ocr_line' id='line_1_18' title="bbox 482 2583 1844 2666; baseline -0.001 -16"><span class='ocrx_word' id='word_1_164' title='bbox 482 2585 646 2650; x_wconf 87' lang='lat' dir='ltr'>decanum</span> <span class='ocrx_word' id='word_1_165' title='bbox 672 2592 707 2648; x_wconf 93' lang='lat' dir='ltr'>et</span> <span class='ocrx_word' id='word_1_166' title='bbox 731 2584 913 2649; x_wconf 91' lang='lat' dir='ltr'>canonicos</span> <span class='ocrx_word' id='word_1_167' title='bbox 927 2584 1017 2649; x_wconf 86' lang='lat' dir='ltr'>dicte</span> <span class='ocrx_word' id='word_1_168' title='bbox 1042 2584 1261 2650; x_wconf 89' lang='lat' dir='ltr'>Cameracen.</span> <span class='ocrx_word' id='word_1_169' title='bbox 1277 2585 1369 2666; x_wconf 74' lang='lat' dir='ltr'>eccl,</span> <span class='ocrx_word' id='word_1_170' title='bbox 1386 2605 1422 2649; x_wconf 94' lang='lat' dir='ltr'>se</span> <span class='ocrx_word' id='word_1_171' title='bbox 1445 2583 1629 2665; x_wconf 38' lang='lat' dir='ltr'>„informent</span> <span class='ocrx_word' id='word_1_172' title='bbox 1651 2585 1844 2663; x_wconf 87' lang='lat' dir='ltr'>summarie,</span> 
     </span>
     <span class='ocr_line' id='line_1_19' title="bbox 482 2686 1843 2773; baseline 0.002 -22"><span class='ocrx_word' id='word_1_173' title='bbox 482 2687 677 2772; x_wconf 89' lang='lat' dir='ltr'>simpliciter</span> <span class='ocrx_word' id='word_1_174' title='bbox 691 2695 725 2751; x_wconf 89' lang='lat' dir='ltr'>et</span> <span class='ocrx_word' id='word_1_175' title='bbox 741 2686 783 2752; x_wconf 92' lang='lat' dir='ltr'>de</span> <span class='ocrx_word' id='word_1_176' title='bbox 798 2690 911 2773; x_wconf 88' lang='lat' dir='ltr'>plano,</span> <span class='ocrx_word' id='word_1_177' title='bbox 927 2695 962 2753; x_wconf 87' lang='lat' dir='ltr'>et</span> <span class='ocrx_word' id='word_1_178' title='bbox 986 2688 1058 2753; x_wconf 87' lang='lat' dir='ltr'>sine</span> <span class='ocrx_word' id='word_1_179' title='bbox 1088 2687 1232 2773; x_wconf 88' lang='lat' dir='ltr'>strepitu</span> <span class='ocrx_word' id='word_1_180' title='bbox 1258 2695 1294 2752; x_wconf 89' lang='lat' dir='ltr'>et</span> <span class='ocrx_word' id='word_1_181' title='bbox 1320 2688 1424 2773; x_wconf 87' lang='lat' dir='ltr'>ligura</span> <span class='ocrx_word' id='word_1_182' title='bbox 1447 2689 1573 2771; x_wconf 89' lang='lat' dir='ltr'>judicii,</span> <span class='ocrx_word' id='word_1_183' title='bbox 1600 2697 1645 2769; x_wconf 89' lang='lat' dir='ltr'>et,</span> <span class='ocrx_word' id='word_1_184' title='bbox 1661 2690 1688 2754; x_wconf 92' lang='lat' dir='ltr'>si</span> <span class='ocrx_word' id='word_1_185' title='bbox 1716 2690 1765 2755; x_wconf 90' lang='lat' dir='ltr'>eis</span> <span class='ocrx_word' id='word_1_186' title='bbox 1789 2691 1843 2755; x_wconf 88' lang='lat' dir='ltr'>vel</span> 
     </span>
     <span class='ocr_line' id='line_1_20' title="bbox 482 2790 1844 2880; baseline 0.003 -25"><span class='ocrx_word' id='word_1_187' title='bbox 482 2811 597 2856; x_wconf 89' lang='lat' dir='ltr'>eorum</span> <span class='ocrx_word' id='word_1_188' title='bbox 624 2792 719 2855; x_wconf 90' lang='lat' dir='ltr'>alteri</span> <span class='ocrx_word' id='word_1_189' title='bbox 735 2811 795 2876; x_wconf 91' lang='lat' dir='ltr'>per</span> <span class='ocrx_word' id='word_1_190' title='bbox 809 2791 935 2857; x_wconf 91' lang='lat' dir='ltr'>dictam</span> <span class='ocrx_word' id='word_1_191' title='bbox 950 2792 1165 2856; x_wconf 90' lang='lat' dir='ltr'>summariam</span> <span class='ocrx_word' id='word_1_192' title='bbox 1181 2790 1453 2857; x_wconf 86' lang='lat' dir='ltr'>insonnationem</span> <span class='ocrx_word' id='word_1_193' title='bbox 1469 2793 1657 2858; x_wconf 89' lang='lat' dir='ltr'>constiterit</span> <span class='ocrx_word' id='word_1_194' title='bbox 1668 2794 1759 2878; x_wconf 88' lang='lat' dir='ltr'>ipsos</span> <span class='ocrx_word' id='word_1_195' title='bbox 1770 2814 1844 2880; x_wconf 93' lang='lat' dir='ltr'>pre-</span> 
     </span>
     <span class='ocr_line' id='line_1_21' title="bbox 482 2892 1844 2983; baseline 0.002 -24"><span class='ocrx_word' id='word_1_196' title='bbox 482 2895 639 2980; x_wconf 85' lang='lat' dir='ltr'>positum,</span> <span class='ocrx_word' id='word_1_197' title='bbox 655 2895 829 2974; x_wconf 90' lang='lat' dir='ltr'>decanum,</span> <span class='ocrx_word' id='word_1_198' title='bbox 845 2894 1078 2960; x_wconf 88' lang='lat' dir='ltr'>Theobaldum</span> <span class='ocrx_word' id='word_1_199' title='bbox 1092 2894 1135 2959; x_wconf 97' lang='lat' dir='ltr'>de</span> <span class='ocrx_word' id='word_1_200' title='bbox 1151 2892 1275 2960; x_wconf 91' lang='lat' dir='ltr'>Meldis</span> <span class='ocrx_word' id='word_1_201' title='bbox 1298 2903 1334 2959; x_wconf 88' lang='lat' dir='ltr'>et</span> <span class='ocrx_word' id='word_1_202' title='bbox 1357 2895 1441 2960; x_wconf 90' lang='lat' dir='ltr'>alios</span> <span class='ocrx_word' id='word_1_203' title='bbox 1457 2896 1637 2962; x_wconf 89' lang='lat' dir='ltr'>canonicos</span> <span class='ocrx_word' id='word_1_204' title='bbox 1651 2897 1734 2962; x_wconf 91' lang='lat' dir='ltr'>eccl.</span> <span class='ocrx_word' id='word_1_205' title='bbox 1751 2917 1844 2983; x_wconf 92' lang='lat' dir='ltr'>sepe-</span> 
     </span>
     <span class='ocr_line' id='line_1_22' title="bbox 483 2998 1843 3086; baseline 0.001 -23"><span class='ocrx_word' id='word_1_206' title='bbox 483 2999 583 3077; x_wconf 91' lang='lat' dir='ltr'>dicte,</span> <span class='ocrx_word' id='word_1_207' title='bbox 599 3000 654 3062; x_wconf 85' lang='lat' dir='ltr'>vel</span> <span class='ocrx_word' id='word_1_208' title='bbox 669 3019 784 3063; x_wconf 90' lang='lat' dir='ltr'>eorum</span> <span class='ocrx_word' id='word_1_209' title='bbox 800 2999 948 3081; x_wconf 88' lang='lat' dir='ltr'>aliquem</span> <span class='ocrx_word' id='word_1_210' title='bbox 972 3019 1031 3064; x_wconf 89' lang='lat' dir='ltr'>seu</span> <span class='ocrx_word' id='word_1_211' title='bbox 1055 2998 1185 3081; x_wconf 88' lang='lat' dir='ltr'>aliquos</span> <span class='ocrx_word' id='word_1_212' title='bbox 1204 3019 1276 3063; x_wconf 89' lang='lat' dir='ltr'>esse</span> <span class='ocrx_word' id='word_1_213' title='bbox 1292 2999 1477 3084; x_wconf 89' lang='lat' dir='ltr'>culpabiles</span> <span class='ocrx_word' id='word_1_214' title='bbox 1502 2999 1544 3064; x_wconf 92' lang='lat' dir='ltr'>de</span> <span class='ocrx_word' id='word_1_215' title='bbox 1570 3000 1739 3086; x_wconf 90' lang='lat' dir='ltr'>premissis</span> <span class='ocrx_word' id='word_1_216' title='bbox 1755 3000 1843 3066; x_wconf 88' lang='lat' dir='ltr'>diffi-</span> 
     </span>
     <span class='ocr_line' id='line_1_23' title="bbox 483 3102 1843 3190; baseline 0 -22"><span class='ocrx_word' id='word_1_217' title='bbox 483 3104 720 3185; x_wconf 90' lang='lat' dir='ltr'>dationemque</span> <span class='ocrx_word' id='word_1_218' title='bbox 754 3102 943 3186; x_wconf 87' lang='lat' dir='ltr'>hujusmodi</span> <span class='ocrx_word' id='word_1_219' title='bbox 970 3102 1158 3186; x_wconf 88' lang='lat' dir='ltr'>aliqualiter</span> <span class='ocrx_word' id='word_1_220' title='bbox 1189 3123 1395 3187; x_wconf 89' lang='lat' dir='ltr'>procurasse,</span> <span class='ocrx_word' id='word_1_221' title='bbox 1426 3104 1516 3188; x_wconf 92' lang='lat' dir='ltr'>quod</span> <span class='ocrx_word' id='word_1_222' title='bbox 1539 3103 1635 3190; x_wconf 84' lang='lat' dir='ltr'>ipsos</span> <span class='ocrx_word' id='word_1_223' title='bbox 1661 3113 1696 3169; x_wconf 92' lang='lat' dir='ltr'>et</span> <span class='ocrx_word' id='word_1_224' title='bbox 1726 3125 1843 3170; x_wconf 87' lang='lat' dir='ltr'>eonun</span> 
     </span>
     <span class='ocr_line' id='line_1_24' title="bbox 484 3205 1844 3293; baseline 0.001 -22"><span class='ocrx_word' id='word_1_225' title='bbox 484 3207 631 3289; x_wconf 86' lang='lat' dir='ltr'>singulos</span> <span class='ocrx_word' id='word_1_226' title='bbox 646 3214 795 3291; x_wconf 91' lang='lat' dir='ltr'>repertos</span> <span class='ocrx_word' id='word_1_227' title='bbox 811 3205 994 3290; x_wconf 90' lang='lat' dir='ltr'>culpabiles</span> <span class='ocrx_word' id='word_1_228' title='bbox 1009 3205 1117 3269; x_wconf 89' lang='lat' dir='ltr'>citent</span> <span class='ocrx_word' id='word_1_229' title='bbox 1132 3226 1191 3271; x_wconf 92' lang='lat' dir='ltr'>seu</span> <span class='ocrx_word' id='word_1_230' title='bbox 1207 3206 1300 3270; x_wconf 88' lang='lat' dir='ltr'>citari</span> <span class='ocrx_word' id='word_1_231' title='bbox 1322 3205 1448 3271; x_wconf 88' lang='lat' dir='ltr'>faciant</span> <span class='ocrx_word' id='word_1_232' title='bbox 1463 3207 1664 3272; x_wconf 90' lang='lat' dir='ltr'>nominatim</span> <span class='ocrx_word' id='word_1_233' title='bbox 1680 3217 1715 3272; x_wconf 90' lang='lat' dir='ltr'>et</span> <span class='ocrx_word' id='word_1_234' title='bbox 1731 3228 1844 3293; x_wconf 90' lang='lat' dir='ltr'>perso-</span> 
     </span>
     <span class='ocr_line' id='line_1_25' title="bbox 484 3309 1845 3395; baseline 0.001 -22"><span class='ocrx_word' id='word_1_235' title='bbox 484 3311 615 3388; x_wconf 90' lang='lat' dir='ltr'>naliter,</span> <span class='ocrx_word' id='word_1_236' title='bbox 632 3310 658 3373; x_wconf 90' lang='lat' dir='ltr'>si</span> <span class='ocrx_word' id='word_1_237' title='bbox 685 3309 774 3393; x_wconf 90' lang='lat' dir='ltr'>ipsos</span> <span class='ocrx_word' id='word_1_238' title='bbox 798 3309 1000 3387; x_wconf 90' lang='lat' dir='ltr'>invenerint,</span> <span class='ocrx_word' id='word_1_239' title='bbox 1028 3310 1110 3373; x_wconf 89' lang='lat' dir='ltr'>alias</span> <span class='ocrx_word' id='word_1_240' title='bbox 1134 3309 1168 3372; x_wconf 93' lang='lat' dir='ltr'>in</span> <span class='ocrx_word' id='word_1_241' title='bbox 1193 3309 1372 3375; x_wconf 92' lang='lat' dir='ltr'>domiciliis</span> <span class='ocrx_word' id='word_1_242' title='bbox 1409 3310 1579 3375; x_wconf 90' lang='lat' dir='ltr'>consuetis</span> <span class='ocrx_word' id='word_1_243' title='bbox 1604 3310 1763 3395; x_wconf 89' lang='lat' dir='ltr'>ipsorum,</span> <span class='ocrx_word' id='word_1_244' title='bbox 1793 3312 1845 3375; x_wconf 85' lang='lat' dir='ltr'>vel</span> 
     </span>
     <span class='ocr_line' id='line_1_26' title="bbox 485 3412 1844 3499; baseline 0 -20"><span class='ocrx_word' id='word_1_245' title='bbox 485 3415 618 3498; x_wconf 88' lang='lat' dir='ltr'>publice</span> <span class='ocrx_word' id='word_1_246' title='bbox 634 3415 667 3477; x_wconf 94' lang='lat' dir='ltr'>in</span> <span class='ocrx_word' id='word_1_247' title='bbox 694 3412 910 3478; x_wconf 89' lang='lat' dir='ltr'>Cameracen.</span> <span class='ocrx_word' id='word_1_248' title='bbox 927 3415 1019 3493; x_wconf 85' lang='lat' dir='ltr'>eccl,</span> <span class='ocrx_word' id='word_1_249' title='bbox 1045 3412 1089 3478; x_wconf 90' lang='lat' dir='ltr'>ad</span> <span class='ocrx_word' id='word_1_250' title='bbox 1105 3413 1368 3497; x_wconf 90' lang='lat' dir='ltr'>comparendum</span> <span class='ocrx_word' id='word_1_251' title='bbox 1385 3415 1604 3499; x_wconf 90' lang='lat' dir='ltr'>personaliter</span> <span class='ocrx_word' id='word_1_252' title='bbox 1625 3435 1739 3480; x_wconf 90' lang='lat' dir='ltr'>coram</span> <span class='ocrx_word' id='word_1_253' title='bbox 1758 3415 1788 3479; x_wconf 84' lang='lat' dir='ltr'>S.</span> <span class='ocrx_word' id='word_1_254' title='bbox 1805 3413 1844 3479; x_wconf 93' lang='lat' dir='ltr'>V.</span> 
     </span>
     <span class='ocr_line' id='line_1_27' title="bbox 484 3516 1845 3604; baseline 0.001 -24"><span class='ocrx_word' id='word_1_255' title='bbox 484 3517 623 3604; x_wconf 81' lang='lat' dir='ltr'>prefata,</span> <span class='ocrx_word' id='word_1_256' title='bbox 640 3524 731 3581; x_wconf 90' lang='lat' dir='ltr'>certa</span> <span class='ocrx_word' id='word_1_257' title='bbox 746 3525 781 3580; x_wconf 89' lang='lat' dir='ltr'>et</span> <span class='ocrx_word' id='word_1_258' title='bbox 797 3517 1003 3602; x_wconf 89' lang='lat' dir='ltr'>competenti</span> <span class='ocrx_word' id='word_1_259' title='bbox 1018 3516 1073 3581; x_wconf 89' lang='lat' dir='ltr'>die</span> <span class='ocrx_word' id='word_1_260' title='bbox 1099 3516 1226 3582; x_wconf 89' lang='lat' dir='ltr'>eisdem</span> <span class='ocrx_word' id='word_1_261' title='bbox 1251 3526 1416 3582; x_wconf 89' lang='lat' dir='ltr'>eteorum</span> <span class='ocrx_word' id='word_1_262' title='bbox 1432 3518 1568 3582; x_wconf 92' lang='lat' dir='ltr'>cuilibet</span> <span class='ocrx_word' id='word_1_263' title='bbox 1584 3518 1786 3604; x_wconf 88' lang='lat' dir='ltr'>prefigenda,</span> <span class='ocrx_word' id='word_1_264' title='bbox 1803 3519 1845 3584; x_wconf 92' lang='lat' dir='ltr'>de</span> 
     </span>
     <span class='ocr_line' id='line_1_28' title="bbox 485 3620 1844 3707; baseline 0.001 -24"><span class='ocrx_word' id='word_1_265' title='bbox 485 3641 550 3705; x_wconf 86' lang='lat' dir='ltr'>qua</span> <span class='ocrx_word' id='word_1_266' title='bbox 565 3620 619 3684; x_wconf 91' lang='lat' dir='ltr'>die</span> <span class='ocrx_word' id='word_1_267' title='bbox 635 3640 784 3704; x_wconf 87' lang='lat' dir='ltr'>persnas</span> <span class='ocrx_word' id='word_1_268' title='bbox 800 3628 957 3705; x_wconf 90' lang='lat' dir='ltr'>patentes</span> <span class='ocrx_word' id='word_1_269' title='bbox 973 3621 1101 3685; x_wconf 88' lang='lat' dir='ltr'>litteras</span> <span class='ocrx_word' id='word_1_270' title='bbox 1115 3620 1221 3705; x_wconf 91' lang='lat' dir='ltr'>possit</span> <span class='ocrx_word' id='word_1_271' title='bbox 1245 3621 1369 3704; x_wconf 88' lang='lat' dir='ltr'>liquide</span> <span class='ocrx_word' id='word_1_272' title='bbox 1393 3642 1553 3707; x_wconf 91' lang='lat' dir='ltr'>apparere</span> <span class='ocrx_word' id='word_1_273' title='bbox 1570 3644 1577 3699; x_wconf 89' lang='lat'>;</span> <span class='ocrx_word' id='word_1_274' title='bbox 1594 3642 1726 3687; x_wconf 89' lang='lat' dir='ltr'>necnon</span> <span class='ocrx_word' id='word_1_275' title='bbox 1745 3622 1844 3687; x_wconf 82' lang='lat' dir='ltr'>infor-</span> 
     </span>
     <span class='ocr_line' id='line_1_29' title="bbox 485 3724 1844 3811; baseline 0.001 -23"><span class='ocrx_word' id='word_1_276' title='bbox 485 3725 669 3788; x_wconf 88' lang='lat' dir='ltr'>mationem</span> <span class='ocrx_word' id='word_1_277' title='bbox 685 3745 784 3807; x_wconf 92' lang='lat' dir='ltr'>quam</span> <span class='ocrx_word' id='word_1_278' title='bbox 801 3724 939 3789; x_wconf 83' lang='lat' dir='ltr'>fecerint</span> <span class='ocrx_word' id='word_1_279' title='bbox 953 3725 996 3790; x_wconf 93' lang='lat' dir='ltr'>de</span> <span class='ocrx_word' id='word_1_280' title='bbox 1021 3724 1190 3809; x_wconf 89' lang='lat' dir='ltr'>premissis</span> <span class='ocrx_word' id='word_1_281' title='bbox 1215 3724 1299 3789; x_wconf 88' lang='lat' dir='ltr'>infra</span> <span class='ocrx_word' id='word_1_282' title='bbox 1324 3725 1430 3811; x_wconf 91' lang='lat' dir='ltr'>ipsam</span> <span class='ocrx_word' id='word_1_283' title='bbox 1456 3725 1546 3791; x_wconf 89' lang='lat' dir='ltr'>diem</span> <span class='ocrx_word' id='word_1_284' title='bbox 1563 3725 1594 3789; x_wconf 91' lang='lat' dir='ltr'>S.</span> <span class='ocrx_word' id='word_1_285' title='bbox 1612 3724 1651 3799; x_wconf 86' lang='lat' dir='ltr'>V.</span> <span class='ocrx_word' id='word_1_286' title='bbox 1667 3726 1844 3791; x_wconf 88' lang='lat' dir='ltr'>remittant</span> 
     </span>
     <span class='ocr_line' id='line_1_30' title="bbox 484 3828 1844 3914; baseline 0 -20"><span class='ocrx_word' id='word_1_287' title='bbox 484 3832 543 3894; x_wconf 89' lang='lat' dir='ltr'>sub</span> <span class='ocrx_word' id='word_1_288' title='bbox 560 3848 620 3892; x_wconf 92' lang='lat' dir='ltr'>suo</span> <span class='ocrx_word' id='word_1_289' title='bbox 635 3828 743 3912; x_wconf 88' lang='lat' dir='ltr'>sigillo</span> <span class='ocrx_word' id='word_1_290' title='bbox 758 3828 901 3893; x_wconf 89' lang='lat' dir='ltr'>fideliter</span> <span class='ocrx_word' id='word_1_291' title='bbox 915 3830 1140 3908; x_wconf 87' lang='lat' dir='ltr'>interclusam,</span> <span class='ocrx_word' id='word_1_292' title='bbox 1158 3829 1322 3913; x_wconf 90' lang='lat' dir='ltr'>recepturi</span> <span class='ocrx_word' id='word_1_293' title='bbox 1338 3849 1437 3914; x_wconf 90' lang='lat' dir='ltr'>super</span> <span class='ocrx_word' id='word_1_294' title='bbox 1452 3838 1550 3894; x_wconf 90' lang='lat' dir='ltr'>tanto</span> <span class='ocrx_word' id='word_1_295' title='bbox 1566 3849 1705 3894; x_wconf 85' lang='lat' dir='ltr'>excessu</span> <span class='ocrx_word' id='word_1_296' title='bbox 1720 3850 1741 3893; x_wconf 87' lang='lat' dir='ltr'>a</span> <span class='ocrx_word' id='word_1_297' title='bbox 1757 3828 1789 3895; x_wconf 87' lang='lat' dir='ltr'>S.</span> <span class='ocrx_word' id='word_1_298' title='bbox 1804 3829 1844 3894; x_wconf 83' lang='lat' dir='ltr'>V.</span> 
     </span>
     <span class='ocr_line' id='line_1_31' title="bbox 481 3931 1846 4018; baseline 0 -20"><span class='ocrx_word' id='word_1_299' title='bbox 481 3934 608 4018; x_wconf 86' lang='lat' dir='ltr'>justitie</span> <span class='ocrx_word' id='word_1_300' title='bbox 625 3933 922 4017; x_wconf 89' lang='lat' dir='ltr'>complementum.</span> <span class='ocrx_word' id='word_1_301' title='bbox 945 3974 973 3982; x_wconf 95' lang='lat'>-</span> <span class='ocrx_word' id='word_1_302' title='bbox 997 3931 1185 3998; x_wconf 84' lang='lat' dir='ltr'>Informent</span> <span class='ocrx_word' id='word_1_303' title='bbox 1201 3952 1236 3996; x_wconf 91' lang='lat' dir='ltr'>se</span> <span class='ocrx_word' id='word_1_304' title='bbox 1252 3933 1429 3997; x_wconf 86' lang='lat' dir='ltr'>summarie</span> <span class='ocrx_word' id='word_1_305' title='bbox 1445 3941 1480 3996; x_wconf 90' lang='lat' dir='ltr'>et</span> <span class='ocrx_word' id='word_1_306' title='bbox 1495 3933 1538 3998; x_wconf 91' lang='lat' dir='ltr'>de</span> <span class='ocrx_word' id='word_1_307' title='bbox 1553 3934 1666 4018; x_wconf 87' lang='lat' dir='ltr'>plano,</span> <span class='ocrx_word' id='word_1_308' title='bbox 1683 3933 1787 3998; x_wconf 89' lang='lat' dir='ltr'>etiam</span> <span class='ocrx_word' id='word_1_309' title='bbox 1804 3933 1846 3998; x_wconf 90' lang='lat' dir='ltr'>de</span> 
     </span>
     <span class='ocr_line' id='line_1_32' title="bbox 485 4036 1848 4123; baseline 0.001 -22"><span class='ocrx_word' id='word_1_310' title='bbox 485 4038 572 4102; x_wconf 81' lang='lat' dir='ltr'>tama</span> <span class='ocrx_word' id='word_1_311' title='bbox 588 4040 641 4103; x_wconf 90' lang='lat' dir='ltr'>vel</span> <span class='ocrx_word' id='word_1_312' title='bbox 658 4038 806 4119; x_wconf 83' lang='lat' dir='ltr'>infamia,</span> <span class='ocrx_word' id='word_1_313' title='bbox 823 4046 867 4116; x_wconf 91' lang='lat' dir='ltr'>et,</span> <span class='ocrx_word' id='word_1_314' title='bbox 884 4038 910 4102; x_wconf 91' lang='lat' dir='ltr'>si</span> <span class='ocrx_word' id='word_1_315' title='bbox 923 4039 1027 4103; x_wconf 90' lang='lat' dir='ltr'>etiam</span> <span class='ocrx_word' id='word_1_316' title='bbox 1039 4041 1181 4123; x_wconf 87' lang='lat' dir='ltr'>probata</span> <span class='ocrx_word' id='word_1_317' title='bbox 1195 4057 1292 4122; x_wconf 92' lang='lat' dir='ltr'>super</span> <span class='ocrx_word' id='word_1_318' title='bbox 1308 4038 1373 4102; x_wconf 89' lang='lat' dir='ltr'>hoc</span> <span class='ocrx_word' id='word_1_319' title='bbox 1389 4036 1486 4101; x_wconf 86' lang='lat' dir='ltr'>fuerit</span> <span class='ocrx_word' id='word_1_320' title='bbox 1503 4037 1649 4115; x_wconf 83' lang='lat' dir='ltr'>infamia,</span> <span class='ocrx_word' id='word_1_321' title='bbox 1666 4036 1774 4102; x_wconf 90' lang='lat' dir='ltr'>citent</span> <span class='ocrx_word' id='word_1_322' title='bbox 1789 4059 1848 4103; x_wconf 92' lang='lat' dir='ltr'>eos</span> 
     </span>
     <span class='ocr_line' id='line_1_33' title="bbox 484 4142 770 4226; baseline 0.01 -22"><span class='ocrx_word' id='word_1_323' title='bbox 484 4143 713 4226; x_wconf 86' lang='lat' dir='ltr'>personaliter.</span> <span class='ocrx_word' id='word_1_324' title='bbox 731 4142 770 4207; x_wconf 91' lang='lat' dir='ltr'>R.</span> 
     </span>
     <span class='ocr_line' id='line_1_34' title="bbox 530 4244 1214 4329; baseline 0.003 -21"><span class='ocrx_word' id='word_1_325' title='bbox 530 4244 607 4309; x_wconf 93' lang='lat' dir='ltr'>Dat.</span> <span class='ocrx_word' id='word_1_326' title='bbox 623 4246 724 4309; x_wconf 83' lang='lat' dir='ltr'>Avin.</span> <span class='ocrx_word' id='word_1_327' title='bbox 742 4266 758 4308; x_wconf 91' lang='lat'>2</span> <span class='ocrx_word' id='word_1_328' title='bbox 776 4244 842 4310; x_wconf 86' lang='lat' dir='ltr'>kal.</span> <span class='ocrx_word' id='word_1_329' title='bbox 859 4266 938 4310; x_wconf 92' lang='lat' dir='ltr'>nov.</span> <span class='ocrx_word' id='word_1_330' title='bbox 956 4253 989 4309; x_wconf 87' lang='lat' dir='ltr'>a⁰</span> <span class='ocrx_word' id='word_1_331' title='bbox 1003 4254 1045 4328; x_wconf 81' lang='lat'>3⁰.</span> <span class='ocrx_word' id='word_1_332' title='bbox 1062 4246 1110 4328; x_wconf 88' lang='lat'>(7,</span> <span class='ocrx_word' id='word_1_333' title='bbox 1128 4247 1214 4329; x_wconf 75' lang='lat'><strong>42&#39;).</strong></span> 
     </span>
    </p>
   </div>
   <div class='ocr_carea' id='block_1_3' title="bbox 485 4383 1846 4895">
    <p class='ocr_par' dir='ltr' id='par_1_3' title="bbox 538 4383 1803 4479">
     <span class='ocr_line' id='line_1_35' title="bbox 538 4383 1803 4479; baseline -0.002 -19"><span class='ocrx_word' id='word_1_334' title='bbox 538 4383 649 4466; x_wconf 84' lang='lat'><strong>753.</strong></span> <span class='ocrx_word' id='word_1_335' title='bbox 1475 4416 1568 4479; x_wconf 71' lang='lat'>1344,</span> <span class='ocrx_word' id='word_1_336' title='bbox 1582 4418 1600 4478; x_wconf 76' lang='lat'><em>4</em></span> <span class='ocrx_word' id='word_1_337' title='bbox 1619 4395 1803 4458; x_wconf 80' lang='lat' dir='ltr'>novembre.</span> 
     </span>
    </p>

    <p class='ocr_par' dir='ltr' id='par_1_4' title="bbox 485 4497 1846 4895">
     <span class='ocr_line' id='line_1_36' title="bbox 531 4497 1845 4584; baseline -0.002 -21"><span class='ocrx_word' id='word_1_338' title='bbox 531 4498 630 4563; x_wconf 91' lang='lat' dir='ltr'>Motu</span> <span class='ocrx_word' id='word_1_339' title='bbox 646 4500 780 4584; x_wconf 88' lang='lat' dir='ltr'>proprio</span> <span class='ocrx_word' id='word_1_340' title='bbox 794 4500 1009 4584; x_wconf 89' lang='lat' dir='ltr'>providemus</span> <span class='ocrx_word' id='word_1_341' title='bbox 1025 4497 1170 4564; x_wconf 87' lang='lat' dir='ltr'>Nicolao</span> <span class='ocrx_word' id='word_1_342' title='bbox 1196 4499 1238 4564; x_wconf 89' lang='lat' dir='ltr'>de</span> <span class='ocrx_word' id='word_1_343' title='bbox 1264 4497 1489 4578; x_wconf 89' lang='lat' dir='ltr'>Monteclar0,</span> <span class='ocrx_word' id='word_1_344' title='bbox 1514 4500 1602 4578; x_wconf 72' lang='lat' dir='ltr'>cler,</span> <span class='ocrx_word' id='word_1_345' title='bbox 1629 4499 1671 4564; x_wconf 90' lang='lat' dir='ltr'>de</span> <span class='ocrx_word' id='word_1_346' title='bbox 1696 4499 1845 4583; x_wconf 88' lang='lat' dir='ltr'>prioratu</span> 
     </span>
     <span class='ocr_line' id='line_1_37' title="bbox 486 4599 1846 4685; baseline -0.001 -19"><span class='ocrx_word' id='word_1_347' title='bbox 486 4603 624 4668; x_wconf 88' lang='lat' dir='ltr'>seculari</span> <span class='ocrx_word' id='word_1_348' title='bbox 652 4602 694 4665; x_wconf 90' lang='lat' dir='ltr'>de</span> <span class='ocrx_word' id='word_1_349' title='bbox 721 4601 870 4679; x_wconf 89' lang='lat' dir='ltr'>Hunain,</span> <span class='ocrx_word' id='word_1_350' title='bbox 904 4599 1081 4667; x_wconf 88' lang='lat' dir='ltr'>Caturcen.</span> <span class='ocrx_word' id='word_1_351' title='bbox 1108 4602 1206 4681; x_wconf 85' lang='lat' dir='ltr'>dioc,</span> <span class='ocrx_word' id='word_1_352' title='bbox 1230 4622 1363 4666; x_wconf 89' lang='lat' dir='ltr'>necnon</span> <span class='ocrx_word' id='word_1_353' title='bbox 1387 4602 1430 4667; x_wconf 91' lang='lat' dir='ltr'>de</span> <span class='ocrx_word' id='word_1_354' title='bbox 1458 4622 1530 4666; x_wconf 90' lang='lat' dir='ltr'>can.</span> <span class='ocrx_word' id='word_1_355' title='bbox 1547 4610 1581 4665; x_wconf 92' lang='lat' dir='ltr'>et</span> <span class='ocrx_word' id='word_1_356' title='bbox 1596 4603 1689 4685; x_wconf 93' lang='lat' dir='ltr'>preb.</span> <span class='ocrx_word' id='word_1_357' title='bbox 1707 4601 1738 4665; x_wconf 92' lang='lat' dir='ltr'>S.</span> <span class='ocrx_word' id='word_1_358' title='bbox 1755 4600 1846 4665; x_wconf 90' lang='lat' dir='ltr'>Wal-</span> 
     </span>
     <span class='ocr_line' id='line_1_38' title="bbox 485 4703 1846 4792; baseline -0.001 -23"><span class='ocrx_word' id='word_1_359' title='bbox 485 4706 595 4788; x_wconf 85' lang='lat' dir='ltr'>burgis</span> <span class='ocrx_word' id='word_1_360' title='bbox 613 4704 802 4783; x_wconf 78' lang='lat' dir='ltr'>FumensiS,</span> <span class='ocrx_word' id='word_1_361' title='bbox 820 4703 988 4771; x_wconf 89' lang='lat' dir='ltr'>Morinen.</span> <span class='ocrx_word' id='word_1_362' title='bbox 1015 4708 1112 4784; x_wconf 83' lang='lat' dir='ltr'>dioc,</span> <span class='ocrx_word' id='word_1_363' title='bbox 1138 4728 1211 4773; x_wconf 90' lang='lat' dir='ltr'>vac.</span> <span class='ocrx_word' id='word_1_364' title='bbox 1228 4707 1272 4772; x_wconf 94' lang='lat' dir='ltr'>ad</span> <span class='ocrx_word' id='word_1_365' title='bbox 1296 4727 1432 4792; x_wconf 91' lang='lat' dir='ltr'>presens</span> <span class='ocrx_word' id='word_1_366' title='bbox 1452 4727 1511 4791; x_wconf 89' lang='lat' dir='ltr'>per</span> <span class='ocrx_word' id='word_1_367' title='bbox 1536 4709 1590 4770; x_wconf 93' lang='lat' dir='ltr'>ob.</span> <span class='ocrx_word' id='word_1_368' title='bbox 1615 4705 1786 4770; x_wconf 91' lang='lat' dir='ltr'>Guillelmi</span> <span class='ocrx_word' id='word_1_369' title='bbox 1804 4706 1846 4771; x_wconf 93' lang='lat' dir='ltr'>de</span> 
     </span>
     <span class='ocr_line' id='line_1_39' title="bbox 488 4809 1846 4895; baseline 0 -21"><span class='ocrx_word' id='word_1_370' title='bbox 488 4809 619 4890; x_wconf 87' lang='lat' dir='ltr'>Manso,</span> <span class='ocrx_word' id='word_1_371' title='bbox 636 4810 691 4893; x_wconf 92' lang='lat' dir='ltr'>qui</span> <span class='ocrx_word' id='word_1_372' title='bbox 708 4819 802 4873; x_wconf 84' lang='lat' dir='ltr'>extra</span> <span class='ocrx_word' id='word_1_373' title='bbox 815 4831 882 4875; x_wconf 88' lang='lat' dir='ltr'>cur.</span> <span class='ocrx_word' id='word_1_374' title='bbox 910 4812 998 4875; x_wconf 86' lang='lat' dir='ltr'>‹liem</span> <span class='ocrx_word' id='word_1_375' title='bbox 1024 4812 1141 4875; x_wconf 82' lang='lat' dir='ltr'>clausit</span> <span class='ocrx_word' id='word_1_376' title='bbox 1157 4822 1353 4890; x_wconf 80' lang='lat' dir='ltr'>extremum,</span> <span class='ocrx_word' id='word_1_377' title='bbox 1371 4833 1454 4894; x_wconf 88' lang='lat' dir='ltr'>quos</span> <span class='ocrx_word' id='word_1_378' title='bbox 1478 4810 1568 4875; x_wconf 88' lang='lat' dir='ltr'>dom.</span> <span class='ocrx_word' id='word_1_379' title='bbox 1591 4809 1765 4886; x_wconf 90' lang='lat' dir='ltr'>Jobannes</span> <span class='ocrx_word' id='word_1_380' title='bbox 1789 4831 1846 4895; x_wconf 91' lang='lat' dir='ltr'>pp.</span> 
     </span>
    </p>
   </div>
   <div class='ocr_carea' id='block_1_4' title="bbox 518 4998 760 5059">
    <p class='ocr_par' dir='ltr' id='par_1_5' title="bbox 518 4998 760 5059">
     <span class='ocr_line' id='line_1_40' title="bbox 518 4998 760 5059; baseline -0.008 -13"><span class='ocrx_word' id='word_1_381' title='bbox 518 5001 547 5054; x_wconf 70' lang='lat' dir='ltr'>u)</span> <span class='ocrx_word' id='word_1_382' title='bbox 563 5000 618 5047; x_wconf 82' lang='lat' dir='ltr'>(bd.</span> <span class='ocrx_word' id='word_1_383' title='bbox 636 4998 760 5059; x_wconf 80' lang='lat' dir='ltr'>portibus.</span> 
     </span>
    </p>
   </div>
   <div class='ocr_carea' id='block_1_5' title="bbox 519 5193 776 5242">
    <p class='ocr_par' dir='ltr' id='par_1_6' title="bbox 519 5193 776 5242">
     <span class='ocr_line' id='line_1_41' title="bbox 519 5193 776 5242; baseline 0.004 -2"><span class='ocrx_word' id='word_1_384' title='bbox 519 5197 540 5240; x_wconf 92' lang='lat' dir='ltr'>l.</span> <span class='ocrx_word' id='word_1_385' title='bbox 553 5193 614 5238; x_wconf 79' lang='lat' dir='ltr'>von</span> <span class='ocrx_word' id='word_1_386' title='bbox 625 5208 650 5239; x_wconf 93' lang='lat' dir='ltr'>n.</span> <span class='ocrx_word' id='word_1_387' title='bbox 663 5195 776 5242; x_wconf 65' lang='lat' dir='ltr'>ubl-oar.</span> 
     </span>
    </p>
   </div>
   <div class='ocr_carea' id='block_1_6' title="bbox 0 0 2341 6052">
    <p class='ocr_par' dir='ltr' id='par_1_7' title="bbox 0 0 2341 6052">
     <span class='ocr_line' id='line_1_42' title="bbox 0 0 2341 6052; baseline 0 0"><span class='ocrx_word' id='word_1_388' title='bbox 0 0 2341 6052; x_wconf 95' lang='lat' dir='ltr'> </span> 
     </span>
    </p>
   </div>
  </div>
 </body>
</html>
