4650 6059
510 749 571 824 322
1040 749 1129 839 1347,
1153 758 1208 824 34
1225 750 1337 841 juillet

564 908 703 993 1224.Ι
1561 939 1657 1007 1347,
1671 942 1694 1009 5
1704 922 1828 1005 juillet.

554 1028 678 1115 Supp...
701 1028 720 1106 J
724 1029 874 1097 ohannes
889 1027 932 1096 de
955 1029 1050 1096 Serra
1064 1039 1083 1111 ¹,
1100 1027 1317 1096 Lemovicen.
1334 1028 1431 1111 dioc,
1447 1027 1502 1095 lic.
1524 1026 1558 1093 in
1584 1028 1686 1110 decr,
1702 1038 1796 1116 quat.
1810 1030 1865 1097 sibi

510 1134 692 1219 specialem
715 1134 855 1221 gratiam
880 1134 1051 1216 facientes,
1068 1142 1105 1199 ut
1122 1132 1343 1201 collacionem
1367 1132 1477 1199 eidem
1494 1130 1617 1199 laetam
1633 1152 1694 1220 per
1710 1132 1753 1202 R.
1770 1134 1807 1201 P.
1826 1134 1864 1202 D.

510 1237 710 1320 Guidonem,
733 1239 835 1326 episc.
862 1239 1090 1322 Cameracen,
1112 1238 1154 1305 de
1182 1237 1295 1306 officio
1311 1237 1591 1324 aggravacionum
1607 1236 1698 1304 curie
1713 1235 1864 1306 Camera-

509 1342 625 1424 censis,
642 1343 735 1429 cujus
747 1343 940 1411 collacionis
954 1352 1054 1410 tenor
1068 1342 1217 1429 sequitur
1231 1342 1266 1407 in
1281 1342 1345 1410 hec
1361 1345 1465 1409 verba
1484 1361 1492 1409 :
1510 1339 1660 1424 «Gnido,
1677 1341 1743 1408 Dei
1758 1343 1863 1430 gracia

508 1446 721 1514 Cameracen.
733 1447 845 1534 episc..
861 1448 986 1516 dilecto
1001 1448 1156 1515 familiari
1171 1456 1289 1514 nostro
1304 1466 1392 1533 mag.
1408 1444 1428 1526 J
1431 1445 1556 1514 ohanni
1571 1444 1614 1513 de
1625 1446 1730 1528 Serra,
1747 1446 1863 1515 Lemo

506 1551 614 1629 vicen.
630 1551 728 1634 dioc,
738 1552 792 1619 lic.
809 1552 842 1617 in
855 1551 954 1635 decr,
971 1554 1114 1620 salutem
1125 1552 1160 1618 in
1178 1551 1337 1619 Domino.
1352 1550 1535 1618 Probitatis
1550 1559 1586 1617 et
1597 1548 1745 1618 sciencie
1760 1561 1864 1620 vestre

505 1655 656 1725 merita...
673 1656 967 1740 considerantes...
993 1656 1142 1725 officium
1160 1657 1447 1743 aggravacionum
1468 1656 1557 1724 curie
1572 1664 1688 1724 nostre
1712 1656 1864 1726 Camera-

509 1763 626 1843 censis,
642 1762 799 1830 videlicet
824 1762 1000 1830 scribendo
1026 1763 1154 1829 litteras
1181 1783 1299 1828 omnes
1325 1761 1730 1846 excommunicacionum,
1754 1783 1865 1852 aggra-

508 1867 685 1934 vacionum
711 1877 745 1935 et
771 1868 1055 1936 absolucionum...
1081 1867 1178 1934 vobis
1210 1874 1328 1934 tenore
1357 1866 1567 1953 presencium
1604 1868 1807 1937 conferimus
1835 1877 1865 1935 et

505 1973 788 2040 committimus...
817 1974 943 2040 Datum
970 1973 1059 2060 apud
1075 1971 1262 2039 Castellum
1286 1980 1438 2040 nostrum
1462 1971 1496 2037 in
1522 1969 1760 2041 Cameracesio
1786 1970 1864 2039 XII⁰

505 2076 559 2141 die
574 2077 697 2143 mensis
711 2079 909 2167 septembris
923 2099 1012 2145 anno
1034 2077 1173 2144 Domini
1190 2075 1469 2143 M⁰CCC⁰XLVI⁰
1479 2097 1508 2158 s,
1525 2075 1710 2162 dignemini
1723 2097 1765 2143 ex
1777 2087 1863 2145 certa

508 2180 653 2247 sciencia
669 2177 900 2249 confirmare...
911 2222 956 2233 -
972 2181 1048 2248 Fiat
1065 2181 1106 2251 R.

550 2284 627 2350 Dat.
644 2284 774 2372 Avin.5
792 2306 870 2353 non.
883 2285 955 2373 julii
971 2294 1004 2353 a⁰
1022 2292 1063 2353 6⁰.
1081 2287 1153 2373 (13,
1176 2285 1256 2371 84l).

560 2422 698 2507 1225.
726 2473 728 2477 ·
1549 2453 1645 2521 1347,
1665 2460 1684 2522 4
1696 2435 1824 2520 juillet.

548 2539 648 2608 Pater
663 2541 728 2609 8¹⁸⁰.
750 2540 882 2608 Pridem
901 2549 1050 2607 creature
1066 2547 1177 2634 vestre
1193 2537 1349 2619 Guidoni,
1371 2537 1423 2604 tit.
1440 2536 1471 2605 S.
1488 2536 1612 2605 Cecilie
1627 2545 1738 2628 presb.
1762 2542 1861 2624 card,

504 2645 546 2710 de
568 2645 776 2733 prepositura
791 2646 823 2714 S.
840 2645 1027 2713 Donaciani
1044 2644 1232 2731 Brugensis,
1242 2641 1429 2710 Tornacen.
1445 2642 1543 2724 dioc,
1559 2644 1765 2730 providistis,
1802 2668 1862 2734 que

503 2748 645 2815 cedente
661 2751 714 2816 vel
729 2749 915 2816 decedente
931 2750 1106 2817 Ottobone
1127 2749 1170 2816 de
1187 2749 1347 2816 Carreto²
1370 2749 1496 2817 dictam
1512 2750 1758 2838 preposituram
1781 2760 1861 2821 tuuc

502 2853 677 2920 obtinente
704 2853 820 2938 fuerat,
847 2854 927 2921 dum
953 2855 987 2921 in
1011 2854 1167 2920 humanis
1182 2861 1306 2940 ageret,
1322 2873 1382 2941 per
1397 2853 1451 2922 fel.
1466 2873 1533 2921 rec.
1548 2855 1639 2923 dom.
1666 2853 1861 2934 iohannem

501 2977 625 3044 papam
640 2956 755 3041 XXII,
773 2959 950 3026 collacioni
967 2958 1054 3026 sedis
1069 2958 1255 3046 apostolice
1278 2966 1456 3040 reservata,
1472 2966 1634 3045 tanquam
1650 2960 1693 3027 de
1710 2970 1860 3052 *vacante

500 3082 559 3147 per
592 3062 693 3149 ipsius
717 3062 883 3129 Ottoboni
910 3063 1050 3146 obitum,
1078 3063 1131 3129 cui
1155 3063 1337 3151 provisioni
1354 3061 1473 3130 Petrus
1487 3062 1530 3129 de
1555 3061 1798 3131 Cambeliaco³
1827 3087 1860 3132 se

500 3186 685 3253 opponens,
702 3187 836 3234 causam
853 3189 872 3233 a
888 3169 919 3236 S.
944 3168 983 3234 V.
996 3167 1134 3234 domino
1144 3167 1349 3252 B(emardo')
1375 3166 1563 3254 H(ugonis)
1580 3167 1622 3234 de
1639 3166 1859 3252 Cardalhaco,

498 3270 599 3335 vestri
629 3272 713 3338 sacri
745 3272 865 3358 palacii
896 3272 1037 3339 auditori
1054 3284 1075 3354 ⁴,
1103 3272 1271 3340 committi
1299 3272 1453 3354 obtinuit,
1485 3273 1519 3337 in
1547 3293 1613 3358 qua
1644 3292 1745 3340 causa
1776 3274 1859 3342 adeo

499 3394 692 3459 processum
708 3376 830 3458 extitit,
847 3376 937 3462 quod
960 3376 1003 3443 ad
1018 3376 1271 3464 producendum
1287 3376 1400 3443 omnia
1414 3376 1566 3443 terminis
1582 3377 1695 3443 extitit
1711 3378 1858 3464 assigna,

498 3479 542 3544 tis
557 3487 592 3544 et
608 3480 652 3546 ad
677 3482 857 3548 nonnullos
888 3482 971 3548 alios
997 3491 1093 3548 actus
1119 3482 1182 3547 fuit
1207 3502 1322 3548 coram
1346 3502 1388 3548 eo
1414 3500 1617 3568 processum.
1634 3480 1760 3550 Verum
1781 3504 1857 3551 cunr

497 3584 586 3648 idern
618 3584 736 3651 Petrus
765 3606 871 3672 nuper
896 3586 986 3652 viam
1011 3586 1109 3652 fuerit
1129 3586 1282 3652 universe
1310 3586 1419 3652 carnis
1444 3585 1617 3672 ingressus,
1645 3606 1741 3674 supp.
1768 3588 1857 3655 idem

497 3688 672 3755 cardinalis
696 3698 786 3776 quat.
803 3691 911 3776 ipsum
937 3691 969 3756 in
998 3680 1089 3757 omni
1102 3691 1185 3776 jure,
1216 3691 1244 3757 si
1264 3689 1354 3775 quod
1380 3689 1473 3757 dicto
1497 3689 1599 3756 Petro
1625 3691 1805 3778 competiit
1822 3692 1856 3757 in

496 3794 705 3879 prepositura
739 3794 927 3880 hujusmodi
964 3798 1182 3882 subrogantes
1201 3802 1222 3877 ⁵,
1245 3794 1356 3860 velitis
1385 3793 1611 3879 provisionem
1639 3794 1700 3862 sibi
1731 3794 1857 3864 factam

496 3899 607 3963 valere
634 3898 704 3965 sive
720 3919 778 3985 per
794 3900 922 3966 obitum
947 3901 1066 3988 prefati
1095 3899 1272 3981 Ottoboni,
1296 3899 1365 3966 sive
1391 3918 1451 3986 per
1473 3898 1728 3986 promocionem
1756 3899 1857 3989 ipsius

495 4001 538 4068 ad
554 4003 746 4089 Aquensem
764 4005 940 4071 ecclesiam
948 4005 981 4069 in
998 4003 1183 4073 Italia⁶aut
1199 4004 1318 4090 quovis
1328 4004 1395 4070 alio
1406 4003 1510 4070 modo
1518 4023 1658 4069 vacasse
1666 4012 1856 4072 noscatur...

495 4145 537 4157 —
555 4105 630 4172 Fiat
645 4108 963 4195 quomodocumque
978 4119 1086 4177 vacet.
1103 4110 1144 4178 R.

539 4210 618 4277 Dat.
635 4212 735 4279 Avin.
752 4236 771 4300 4
795 4234 873 4280 non.
887 4214 960 4302 julii
977 4223 1011 4281 a⁰
1029 4220 1067 4291 65³.
1086 4217 1155 4301 (13,
1174 4215 1255 4301 87l).

547 4348 683 4432 1226·
1543 4382 1638 4449 1347,
1655 4388 1675 4450 4
1685 4362 1809 4447 juillet.

536 4466 625 4552 Sign.
641 4467 673 4537 S.
690 4465 730 4535 V.
745 4468 893 4536 notarius
909 4478 1020 4536 vester
1037 4469 1231 4558 Raynaldus
1246 4469 1289 4537 de
1304 4468 1379 4536 liliis
1397 4467 1485 4551 Ursi,
1501 4468 1593 4554 quod
1606 4468 1735 4537 dudum
1759 4470 1792 4541 S.
1812 4469 1850 4538 V.

490 4573 733 4661 preposituram
748 4574 888 4642 ecclesie
905 4573 995 4642 ubl.
1012 4575 1054 4642 de
1071 4575 1178 4660 Valle,
1196 4574 1373 4644 Marsican.
1389 4581 1402 4610 ¹²
1417 4574 1514 4656 dioc,
1527 4593 1586 4662 per
1600 4573 1741 4641 liberam
1751 4574 1850 4663 resig-

520 4761 549 4822 a)
565 4761 622 4813 Cori.
635 4762 755 4812 illasitan.

521 4938 541 4984 1,
554 4934 616 4982 Voir
628 4951 653 4984 n.
665 4938 720 4983 3511.
733 4964 763 4973 -
783 4939 805 4984 2.
818 4934 880 4984 Voir
898 4950 922 4985 n.
935 4937 990 4986 ool.
1012 4936 1035 4985 Il
1055 4940 1093 4984 est
1113 4934 1164 4986 cite
1184 4951 1282 4986 comme
1301 4934 1390 5000 privet
1401 4935 1425 4985 lc
1437 4937 1451 4985 8
1464 4935 1514 4984 mai
1526 4936 1587 4984 1317
1600 4931 1715 4997 (trottae,
1727 4946 1755 4982 n.
1767 4932 1825 4982 3701
1840 4945 1845 4986 :

489 5009 558 5059 Gall.
570 5010 664 5071 clv-iat,
675 5010 704 5068 V,
714 5011 761 5058 244
775 5027 780 5068 ;
796 5012 878 5074 (lum).
891 5010 982 5070 clnou,
996 5012 1048 5073 72).
1060 5037 1093 5046 —-
1104 5014 1127 5060 3.
1137 5011 1199 5059 Voir
1214 5010 1284 5061 (ioli.
1296 5010 1392 5071 elatat,
1405 5010 1435 5069 V,
1448 5012 1495 5058 215
1508 5026 1514 5069 ;
1527 5009 1610 5073 Liarrp.
1629 5005 1749 5068 chronol,
1758 5007 1845 5061 ta-ta;

484 5083 567 5142 vnlaL
582 5085 652 5133 73115.
663 5112 696 5120 -
708 5087 730 5136 4.
744 5085 804 5133 Voir
815 5085 883 5136 ,tata
902 5084 933 5133 de
950 5084 1269 5148 ot·Louia·clca·Fr·aapuia,
1290 5092 1309 5135 t.
1322 5084 1381 5145 VII,
1403 5099 1446 5148 pp.
1459 5084 1618 5134 3111301,-
1630 5086 1653 5133 5.
1669 5081 1740 5133 Gall.
1752 5081 1842 5141 ebriat,

483 5157 513 5215 V.
533 5160 589 5209 245.
601 5184 634 5194 —-
645 5161 668 5209 6.
680 5159 760 5208 Gams
771 5158 866 5223 (Series
887 5160 969 5226 epira,
989 5173 1015 5226 p.
1033 5161 1101 5222 808),
1118 5159 1142 5212 le
1159 5160 1233 5224 place
1256 5161 1272 5208 a
1292 5158 1344 5209 l‘an
1366 5161 1443 5215 1333;
1463 5157 1488 5208 le
1504 5158 1533 5211 P.
1549 5156 1635 5207 Eubel
1654 5158 1720 5206 croit
1738 5155 1843 5220 pouroir

480 5229 627 5283 l'identitler
638 5246 700 5283 arec
712 5230 826 5297 leveque
838 5232 919 5295 Odon,
932 5231 1026 5285 dtcede
1036 5240 1116 5284 arant
1128 5233 1152 5286 le
1164 5236 1194 5285 18
1206 5231 1293 5297 juillet
1311 5234 1373 5284 1342
1386 5231 1475 5296 (Hier.
1487 5227 1561 5291 call,
1575 5230 1594 5292 1,
1608 5231 1661 5294 98).
