4650 6059
1048 783 1135 863 1347,
1160 784 1195 847 18
1217 782 1289 848 mai.
1796 782 1854 847 317

520 934 704 998 obstantibus
712 932 818 998 etiam
827 932 1018 1019 privilegiis,
1031 931 1338 1012 consuetudinibus,
1348 932 1484 998 statutis
1494 940 1530 998 et
1545 932 1853 1011 constitutionibus,

521 1037 683 1102 nonasterii
700 1045 735 1101 et
748 1035 873 1101 ordinis
887 1034 1125 1121 predictorum.
1140 1071 1185 1078 —
1201 1033 1277 1099 Fiat
1293 1042 1358 1101 etc.
1375 1034 1416 1101 R.

551 1142 617 1207 Dat.
632 1141 734 1207 Avin.
751 1140 795 1206 id.
811 1140 890 1205 maii
907 1147 941 1205 a⁰
958 1147 1000 1224 5⁰.
1018 1141 1091 1223 (10,
1112 1140 1200 1224 188).

463 1307 464 1318 ¹
556 1279 679 1364 1213.
1562 1289 1811 1375 1347,18moi.

549 1395 601 1461 Bme
615 1396 727 1461 Pater.
743 1393 829 1458 Cum
844 1391 971 1458 dudum
993 1392 1027 1456 in
1044 1412 1145 1458 causa
1161 1414 1225 1476 que
1248 1397 1444 1458 vertebatur
1459 1393 1546 1460 inter
1557 1395 1647 1460 dom.
1664 1393 1856 1472 Johannem

519 1498 547 1563 de
567 1500 704 1565 Pistorio
731 1519 774 1563 ex
800 1504 896 1583 parte
912 1515 989 1577 una,
1014 1504 1049 1560 et
1076 1496 1245 1562 Thomam
1269 1495 1312 1562 de
1338 1496 1448 1580 Tullo,
1476 1500 1555 1565 cler.
1581 1497 1742 1563 Leodien.
1758 1497 1856 1576 dioc,

519 1623 594 1689 super
616 1604 699 1669 eccl.
724 1599 878 1688 parroch.
903 1600 945 1665 de
969 1597 1122 1679 Marcou,
1150 1599 1299 1685 ejusdem
1323 1599 1421 1681 dioc,
1449 1623 1490 1666 ex
1511 1603 1624 1681 altera,
1651 1601 1766 1666 luisset
1788 1601 1857 1665 lata

518 1707 663 1772 sententia
676 1704 857 1770 diffinitiva
872 1723 933 1788 pro
945 1703 1066 1768 eodem
1081 1704 1172 1768 dom.
1188 1701 1208 1780 J
1211 1703 1346 1768 ohanne
1356 1704 1398 1769 de
1415 1703 1559 1770 Pistorio
1579 1726 1639 1791 per
1656 1705 1696 1771 R.
1713 1705 1750 1771 P.
1765 1705 1857 1770 dom.

519 1807 632 1875 Petmm
642 1808 836 1888 Alamanni,
847 1807 948 1892 episc.
956 1805 1319 1891 Forojuliensem,tunc
1329 1808 1419 1874 dicte
1431 1828 1532 1873 cause
1544 1817 1579 1873 et
1588 1809 1690 1874 vestri
1702 1808 1856 1894 Spalatii

518 1910 684 2005 auditorem
696 1919 715 1990 ¹,
731 1930 752 1974 a
766 1930 832 1993 qua
847 1929 909 1993 pro
936 1918 1030 1996 parte
1056 1911 1138 1975 dicti
1161 1911 1294 1976 Thome
1317 1912 1430 1978 extitit
1453 1913 1669 1997 appellatum,
1686 1921 1721 1978 et
1737 1912 1857 1979 deinde

516 2032 596 2080 causa
610 2013 847 2101 appellationis
861 2013 1049 2099 hujusmodi
1066 2015 1246 2081 commissa
1261 2015 1352 2082 dom.
1363 2016 1401 2081 B.
1418 2016 1460 2081 de
1476 2015 1674 2097 Caulasone,
1695 2026 1730 2082 et
1746 2036 1858 2082 coram

515 2118 613 2184 eolite
627 2117 799 2203 pendente
824 2117 1062 2183 interdictum
1087 2118 1178 2183 dom.
1205 2116 1397 2195 Johannem
1423 2127 1459 2184 et
1478 2118 1645 2185 Thomam
1671 2119 1858 2204 predictum

514 2240 595 2309 super
604 2223 688 2310 eccl.
698 2220 859 2306 predicta,
875 2220 937 2286 fuit
952 2224 1149 2307 subrogatus
1171 2222 1205 2287 in
1224 2223 1298 2307 jure
1314 2222 1397 2289 dicti
1414 2223 1506 2289 dom.
1522 2222 1541 2300 J
1545 2223 1687 2289 ohannis
1702 2231 1737 2288 et
1752 2223 1786 2287 in
1801 2223 1861 2288 lite

514 2324 682 2394 Gobelinus
697 2324 740 2391 de
755 2324 970 2411 Caittenayo,
992 2346 1066 2391 can.
1083 2327 1166 2392 eccl.
1181 2326 1237 2393 SS.
1247 2335 1354 2412 apost.
1371 2326 1548 2394 Colonien.
1561 2336 1581 2408 ²,
1597 2335 1777 2413 postquam
1792 2327 1861 2391 dati

463 2504 465 2508 y
515 2428 631 2496 titenmt
647 2428 778 2494 articuli
794 2428 935 2494 indicta
950 2449 1050 2495 causa
1061 2449 1177 2494 coram
1193 2432 1314 2496 eodem
1324 2429 1415 2497 dom.
1427 2429 1476 2511 B.,
1487 2431 1543 2516 qui
1559 2439 1678 2516 postea
1694 2431 1772 2496 tulit
1788 2451 1861 2496 sen·

463 2603 465 2608 ,
515 2534 643 2600 tentiam
659 2531 875 2598 diffinitivam
890 2532 925 2597 in
941 2553 1041 2598 causa
1067 2533 1303 2618 appellationis
1322 2534 1513 2619 hujusmodi
1534 2555 1596 2619 pro
1611 2533 1733 2599 eodem
1749 2533 1861 2600 Gobe-

514 2636 578 2718 lino,
591 2659 611 2702 a
627 2657 695 2721 qua
709 2635 772 2701 fuit
787 2657 849 2721 pro
865 2645 960 2721 parte
970 2637 1050 2724 dicti
1060 2636 1192 2704 Thome
1209 2637 1333 2703 iterato
1350 2639 1566 2723 appellatum,
1584 2646 1618 2702 et
1631 2659 1732 2703 causa
1747 2639 1861 2723 appel-

514 2739 633 2807 lationis
648 2740 838 2825 hujusmodi
855 2739 1032 2806 commissa
1044 2741 1157 2826 Alano
1172 2740 1215 2806 de
1227 2740 1321 2822 GarS,
1334 2742 1366 2807 S.
1377 2741 1492 2827 palatii
1509 2741 1662 2821 auditori,
1679 2749 1714 2805 et
1729 2761 1861 2825 proces·

515 2864 574 2910 sum
602 2845 637 2909 in
663 2844 737 2929 ipsa
763 2864 867 2927 usque
891 2844 934 2908 ad
957 2844 1208 2909 conclusionem
1235 2845 1407 2910 inclusive.
1435 2844 1511 2927 Qua
1535 2845 1594 2909 lite
1618 2845 1665 2909 sic
1692 2843 1861 2929 pendente

514 2946 608 3014 dictus
623 2946 819 3027 Gobelinus,
847 2946 950 3013 famil.
974 2949 1152 3013 continuus
1180 2948 1321 3034 predicti
1346 2948 1437 3014 dom.
1458 2944 1478 3024 J
1482 2947 1634 3027 ohannis,
1651 2956 1745 3037 extra
1763 2946 1861 3011 Rom.

463 3084 464 3087 ¹
516 3070 570 3118 cur.
583 3052 675 3118 diem
697 3072 794 3116 suum
818 3051 936 3116 clausit
959 3060 1157 3117 extremum.
1170 3051 1281 3135 Quare
1297 3072 1392 3136 supp.
1409 3050 1428 3127 J
1431 3050 1582 3116 ohannes
1598 3048 1743 3128 Motelli,
1760 3049 1862 3115 Seno-

515 3174 578 3220 nen.
605 3156 684 3221 cler.
700 3166 720 3234 ³,
748 3163 782 3219 et
803 3154 906 3219 famil.
934 3156 1112 3220 continuus
1138 3155 1279 3241 predicti
1304 3156 1394 3220 dom.
1421 3154 1594 3232 Johannis,
1619 3154 1674 3237 qui
1705 3154 1737 3216 in
1762 3154 1861 3237 regis-

516 3260 624 3325 trando
656 3259 918 3344 supplicationes
945 3259 976 3323 S.
1000 3258 1040 3323 V.
1065 3259 1189 3323 diutius
1212 3267 1246 3323 et
1274 3260 1415 3324 fideliter
1450 3260 1615 3324 laboravit
1646 3267 1680 3322 et
1704 3259 1861 3324 continue

516 3360 641 3445 laborat,
665 3370 767 3446 quat,
791 3363 851 3427 sibi
868 3383 957 3448 spec.
973 3384 1020 3445 gr.
1033 3363 1202 3442 facientes,
1228 3364 1335 3448 ipsum
1351 3363 1544 3440 Johannem
1562 3363 1695 3429 Morelli
1713 3365 1745 3427 in
1771 3364 1861 3428 omni

515 3463 573 3544 jure
594 3467 686 3532 etad
703 3486 803 3530 omne
816 3466 878 3548 juS,
903 3465 993 3549 quod
1016 3466 1107 3531 dicto
1135 3467 1301 3531 Gobelino
1329 3476 1480 3551 tempore
1504 3470 1552 3533 sui
1577 3470 1687 3534 obitus
1712 3468 1744 3531 in
1770 3467 1861 3545 eccl,

518 3568 563 3634 lite
583 3580 617 3636 et
642 3591 742 3635 causa
759 3568 957 3653 supradictis
974 3574 1189 3655 competebat
1214 3572 1266 3633 vel
1291 3580 1483 3656 competere
1511 3581 1655 3657 poterat,
1680 3571 1860 3656 dignemini

516 3678 705 3759 subrogare3
732 3672 971 3737 constitutione
1002 3674 1092 3738 (lom.
1117 3672 1282 3739 Bonisacii
1313 3696 1399 3760 pape
1428 3675 1513 3739 VIII
1547 3685 1580 3741 et
1617 3677 1764 3760 qualibet
1799 3675 1862 3739 alia

516 3778 744 3845 constitutione
773 3777 938 3841 contraria
971 3798 1038 3841 non
1074 3781 1159 3842 obst.
1184 3800 1192 3857 3
1230 3786 1264 3842 et
1299 3778 1389 3862 quod
1423 3779 1514 3844 dicta
1548 3782 1629 3844 eccl.
1661 3800 1719 3865 per
1757 3780 1865 3862 ipsum

516 3879 670 3948 Thomam
701 3880 743 3945 de
774 3879 863 3944 sacto
894 3888 1011 3945 contra
1039 3882 1203 3964 justitiam
1235 3881 1424 3946 detineatur
1455 3892 1643 3967 occupata;
1676 3902 1743 3945 non
1779 3884 1865 3945 obst.

515 3988 605 4051 etiam
622 3987 715 4070 quod
737 3984 846 4051 dictus
869 3983 1041 4060 Johannes
1067 3983 1201 4048 Morelti
1223 3983 1264 4049 de
1289 3982 1420 4063 Bocoir,
1438 3993 1472 4048 et
1499 3986 1531 4047 in
1556 3985 1707 4070 parroch.
1725 3985 1806 4048 eccl.
1823 3983 1864 4047 de

516 4087 715 4156 lliromonte
732 4090 859 4174 capell,
874 4087 1059 4161 Ebroicen,
1077 4098 1110 4151 et
1121 4090 1316 4151 Atrebatem
1334 4087 1430 4167 dioc,
1444 4089 1592 4153 noscitur
1608 4089 1758 4152 obtinere
1775 4110 1782 4166 ;
1809 4109 1866 4151 seu

514 4195 593 4276 quod
618 4194 662 4259 de
690 4193 817 4277 capella
840 4191 882 4255 de
906 4191 1208 4275 SeptemsalicibuS,
1226 4211 1264 4254 ac
1282 4212 1354 4255 can.
1379 4198 1413 4254 et
1440 4195 1532 4276 preb.
1556 4194 1637 4256 eccl.
1666 4192 1696 4255 S.
1726 4190 1865 4254 Servatii

513 4296 740 4382 Trajectensis,
759 4297 897 4360 Remen.
915 4306 948 4359 et
966 4295 1124 4359 Leodien.
1149 4296 1246 4374 dioc,
1275 4296 1393 4360 eadem
1410 4296 1449 4358 V.
1466 4297 1497 4361 S.
1521 4296 1581 4361 sibi
1605 4297 1735 4361 (latuerit
1757 4297 1866 4381 provi-

511 4402 655 4467 dendum
670 4424 679 4479 ;
696 4401 775 4464 licet
800 4401 942 4485 deipsis
969 4400 1101 4463 nonsit
1125 4399 1234 4463 adhuc
1262 4400 1506 4484 possessionem
1535 4401 1699 4485 adeptus;
1727 4421 1866 4483 quarum

510 4506 640 4587 quidem
664 4503 925 4589 capellaniarum
949 4505 1041 4567 valor
1065 4523 1194 4566 annuus
1217 4503 1250 4565 in
1276 4504 1430 4568 universo
1455 4525 1621 4569 summam
1647 4525 1686 4587 30
1711 4504 1766 4568 lib.
1788 4503 1866 4568 Tur.

511 4630 573 4673 non
590 4608 735 4673 excedit.
752 4648 795 4655 -
812 4606 888 4670 Fiat
906 4607 946 4671 R.

550 4713 631 4778 Dat.
647 4712 747 4776 Avin.
770 4732 805 4795 15
822 4710 890 4775 kal.
906 4711 985 4774 maii
1003 4717 1036 4774 a⁰
1055 4718 1095 4793 5⁰.
1113 4711 1186 4793 (10,
1208 4711 1294 4794 190).

513 4853 761 4864 -—--———

543 4922 563 4967 l.
580 4920 642 4968 Voir
659 4934 684 4967 n.
704 4921 757 4977 lll,
777 4920 822 4967 191
836 4935 841 4975 ;
860 4919 944 4966 Piorrc
961 4918 1077 4966 Allcman
1090 4919 1131 4965 fut
1144 4916 1353 4979 nominataeque
1365 4918 1397 4967 de
1410 4917 1535 4979 a‘rtjusle
1548 4920 1561 4966 t
1573 4918 1638 4964 avril
1653 4919 1714 4964 1316
1727 4916 1831 4978 (llubcl,
1846 4916 1867 4977 l,

514 4994 578 5052 163).
590 5022 620 5028 -
633 4996 655 5041 2.
668 4993 731 5039 Voir
742 5007 767 5039 n.
780 4994 835 5040 aab.
847 5019 878 5025 —
890 4994 912 5039 3.
926 4992 986 5039 Voir
1003 5007 1028 5039 n.
1048 4994 1116 5039 1000.
