4650 6059
980 794 1067 868 1343,
1091 793 1217 859 lanai.
1740 797 1780 863 79

363 968 385 991 ·-
442 969 502 1020 ran..
515 950 604 1031 preb.
622 954 658 1011 et
675 946 923 1031 preposituram
939 944 1137 1010 Guillelmus
1152 946 1195 1011 de
1219 945 1397 1027 Callerino,
1424 948 1512 1027 cler,
1541 951 1666 1031 absque
1689 948 1781 1033 justo

442 1051 513 1115 titulo
526 1059 559 1115 et
575 1051 746 1116 canonica
764 1049 986 1129 institutione,
1004 1049 1037 1113 in
1054 1048 1146 1114 dicta
1162 1051 1244 1115 eccl.
1261 1050 1302 1115 de
1320 1049 1410 1115 facto
1433 1051 1562 1116 detinet
1586 1061 1780 1137 occupatos,

441 1154 521 1217 eidem
537 1153 641 1219 Petro
660 1152 855 1237 Raymundi
881 1152 1065 1237 dignemini
1093 1152 1293 1238 providere;
1321 1174 1389 1218 non
1417 1157 1503 1220 obst.
1531 1154 1621 1238 quod
1648 1161 1781 1241 canet

363 1257 389 1337 :s
442 1260 506 1341 preb.
527 1258 560 1319 in
576 1258 663 1321 eccl.
692 1254 872 1337 Morinen,
899 1278 939 1322 ac
960 1265 1177 1343 personatum
1204 1256 1246 1320 de
1272 1256 1378 1337 Enoc,
1407 1255 1577 1322 Morinen.
1604 1257 1701 1337 dioc,
1728 1258 1779 1322 cui

363 1381 389 1419 .-.
441 1362 607 1446 personatui
625 1381 705 1426 cura
721 1381 791 1426 non
816 1361 970 1426 imminet
986 1361 1185 1440 animarum,
1213 1380 1275 1424 nec
1303 1360 1450 1445 ejusdem
1473 1360 1597 1426 fructus
1600 1412 1650 1427 .....
1666 1382 1708 1450 ⁴20
1725 1362 1780 1429 lib.

374 1483 391 1520 ἑ
441 1462 515 1529 Pais
529 1465 647 1529 valent
666 1466 891 1530 communiter
907 1464 1093 1544 annuatim,
1110 1464 1261 1529 obtinere
1286 1473 1454 1544 noscatur,
1482 1473 1516 1529 et
1532 1464 1623 1548 quod
1647 1465 1680 1529 in
1697 1468 1779 1531 eccl.

373 1595 391 1608 ·-
439 1568 595 1633 Carnoten.
624 1577 660 1633 et
676 1568 815 1634 Oloren.
831 1576 919 1635 auct.
935 1576 1047 1634 vestra
1063 1569 1185 1632 existat
1202 1588 1275 1632 can.
1294 1570 1353 1632 sub
1370 1588 1444 1652 exp.
1462 1571 1563 1652 preb,
1588 1577 1622 1633 et
1641 1569 1674 1633 in
1691 1569 1781 1634 dicta

436 1670 595 1738 Camoten.
613 1674 675 1737 sub
692 1694 767 1757 exp.
783 1674 860 1738 ben.
877 1693 935 1738 seu
950 1672 1006 1737 off.
1023 1693 1048 1737 s.
1067 1692 1096 1761 c.
1114 1709 1146 1719 -
1165 1670 1242 1735 Fiat
1260 1668 1299 1735 R.

463 1776 535 1841 Dat.
553 1776 655 1840 Avin.
672 1800 691 1860 4
708 1774 752 1841 id.
768 1776 846 1841 maii
862 1784 896 1841 a⁰
916 1785 954 1841 1⁰.
972 1779 1021 1859 (2,
1043 1779 1117 1860 184)

367 1901 382 1957 f
463 1913 572 1998 373.
1488 1946 1582 2011 1333,
1603 1949 1641 2011 ι3
1659 1950 1736 1993 mar.

363 2034 369 2057 ⁷
458 2030 510 2093 8¹²*
522 2030 635 2095 Pater.
654 2029 790 2095 Dudum
807 2031 838 2094 S.
854 2029 894 2095 V.
912 2031 989 2097 lecit
1008 2053 1055 2115 gr.
1074 2031 1212 2115 Hugoni
1229 2031 1271 2096 de
1289 2030 1417 2110 Boiss0,
1435 2030 1524 2109 cler,
1541 2030 1583 2095 de
1599 2041 1780 2117 personatu

422 2134 456 2199 de
482 2134 614 2212 Henes,
638 2133 829 2199 Tornacen.
844 2144 856 2170 ³
872 2135 969 2215 dioc,
993 2135 1081 2221 apud
1108 2135 1222 2200 sedem
1250 2142 1358 2220 apost.
1386 2144 1476 2199 tunc
1495 2155 1589 2212 vac.;
1616 2135 1673 2199 sed
1689 2136 1779 2218 quod

420 2260 489 2305 cura
505 2240 699 2305 animarum
715 2239 808 2304 dicto
823 2239 1015 2324 personatui
1033 2240 1223 2304 immineret
1248 2240 1339 2304 nulla
1357 2238 1492 2303 'mentio
1508 2238 1598 2303 lacta
1615 2237 1676 2302 fuit
1693 2245 1702 2271 ¹
1720 2260 1727 2316 ;
1745 2247 1779 2302 et

363 2323 368 2415 l
418 2364 501 2409 nunc
517 2345 563 2409 ad
589 2343 751 2408 notitiam
767 2344 869 2429 ipsius
893 2343 1057 2428 pervenit,
1085 2345 1175 2428 quod
1202 2344 1295 2408 dicto
1311 2342 1503 2428 personatui
1531 2362 1609 2407 cura
1625 2341 1780 2406 imminet

414 2449 613 2513 animarum.
631 2446 768 2512 Etcum
787 2446 826 2512 V.
842 2448 874 2513 S.
890 2447 983 2512 dicto
1011 2447 1148 2532 Hugoni
1174 2447 1302 2513 dictum
1327 2455 1544 2532 personatum
1572 2446 1779 2526 contulisset,

412 2552 515 2615 etiam
532 2552 559 2615 si
577 2551 794 2636 expressisset
820 2551 910 2635 quod
926 2572 1004 2617 cura
1020 2552 1207 2616 animarum
1224 2551 1332 2615 eidem
1349 2551 1542 2636 personatui
1565 2550 1753 2614 immineret
1770 2574 1778 2628 ;

408 2677 506 2741 supp.
537 2664 631 2740 quat.
648 2655 756 2720 eidem
774 2655 813 2721 V.
829 2657 964 2740 placeat
991 2655 1022 2720 S.
1039 2655 1218 2735 declarare,
1236 2655 1326 2738 quod
1352 2655 1443 2720 dicta
1471 2654 1609 2719 collatio
1635 2653 1779 2719 eundem

406 2762 563 2843 rigorem
581 2759 737 2824 obtineat
753 2768 787 2823 et
803 2759 942 2845 perinde
959 2760 1070 2824 valeat
1080 2767 1115 2823 et
1125 2766 1242 2823 teneat
1259 2759 1361 2824 etiam
1377 2767 1512 2837 extunc,
1529 2758 1610 2822 acsi
1627 2767 1778 2842 tempore

405 2861 607 2928 collationis
623 2862 840 2947 expressisset
866 2863 957 2947 quod
981 2883 1059 2928 cura
1086 2863 1274 2927 animarum
1299 2863 1391 2927 dicto
1406 2861 1598 2947 personatui
1626 2861 1779 2925 immine-

404 2971 467 3032 bat
485 2990 493 3045 ;
522 2987 600 3031 cum
624 2986 693 3030 non
719 2968 930 3031 obstantibus
945 2976 980 3032 et
1002 2966 1074 3031 aliis
1090 2967 1244 3032 clausulis
1261 2966 1434 3051 oportunis
1449 2988 1457 3044 ;
1474 2972 1509 3028 et
1534 2964 1624 3048 quod
1647 2984 1780 3027 exnunc

405 3083 442 3135 et
459 3091 531 3134 non
541 3079 643 3134 antea
659 3077 767 3135 currat
780 3070 839 3134 sibi
856 3078 990 3154 tempus
1000 3069 1043 3134 ad
1058 3090 1171 3134 sacros
1186 3070 1319 3134 ordines
1335 3067 1572 3154 suscipiendos
1589 3108 1631 3115 —
1649 3066 1725 3130 Fiat
1739 3066 1778 3130 R.

454 3175 535 3238 Dat.
554 3175 652 3237 Asin.
671 3195 688 3258 3
705 3173 749 3239 id.
766 3174 844 3237 maii
862 3184 895 3238 a⁰
916 3183 954 3237 1⁰.
973 3175 1022 3255 (2,
1045 3176 1126 3248 182).

461 3313 582 3397 374.
1488 3340 1581 3401 ι333,
1601 3339 1638 3401 13
1658 3321 1734 3381 nini.

453 3433 560 3515 Supp.
577 3430 686 3493 Adam
713 3427 877 3504 Jolrannis
904 3428 945 3491 de
972 3427 1106 3491 Urchiis
1123 3439 1143 3501 ²,
1169 3434 1365 3509 procurator
1380 3425 1473 3488 ducis
1501 3422 1715 3504 Lotlrariugie
1740 3443 1778 3484 ac

412 3557 505 3619 perp.
523 3555 599 3617 cap.
616 3532 791 3616 hospitalis
815 3531 857 3595 de
885 3529 1031 3607 Waxrin,
1049 3529 1238 3592 'l'ornacen
1266 3528 1362 3607 dioc,
1380 3536 1471 3610 quat.
1489 3527 1549 3591 sibi
1577 3526 1618 3590 de
1646 3546 1720 3589 cau.
1745 3533 1778 3586 et

414 3642 504 3721 preb.
521 3637 605 3701 eccl.
623 3636 653 3699 S.
671 3633 720 3699 M.
739 3633 941 3718 Magdalene
957 3632 1138 3696 Virdunen.
1151 3653 1230 3695 rac.
1257 3634 1309 3694 rel
1337 3641 1447 3695 vacat.
1463 3630 1644 3711 dignemini
1670 3628 1780 3712 proxi-

415 3742 502 3820 ‹lere,
520 3761 589 3805 non
607 3742 692 3803 obst.
709 3739 800 3822 quod
815 3738 896 3802 eccl.
913 3736 954 3800 de
982 3736 1142 3819 Dompno
1161 3734 1313 3814 Remigio
1330 3755 1370 3798 ac
1387 3755 1460 3799 can.
1478 3744 1512 3797 et
1525 3736 1615 3817 preb.
1640 3734 1720 3795 eccl.
1738 3731 1778 3800 de

419 3845 571 3929 Bsiceyo
588 3843 719 3907 Tullen.
736 3842 833 3919 dioc,
850 3839 999 3903 noscitur
1015 3839 1177 3902 obtinere.
1195 3874 1237 3881 -
1255 3837 1281 3900 F
1284 3838 1330 3900 iat
1349 3836 1388 3900 R.

363 3976 364 4030 3
458 3951 537 4014 Dat.
555 3949 652 4012 Asin.
671 3969 687 4031 3
705 3948 749 4012 id.
765 3946 844 4010 maii
861 3955 894 4009 a‘'
915 3953 953 4009 1⁰.
971 3950 1021 4026 (2,
1043 3945 1141 4024 rdol.)

465 4091 576 4175 375·
1483 4107 1576 4168 1545,
1596 4106 1633 4168 13
1661 4086 1736 4147 mm.

460 4210 561 4293 Supp.
578 4206 725 4283 Jacobus
741 4202 782 4266 de
802 4201 929 4278 Vicino,
947 4200 988 4263 de
1007 4196 1189 4274 Placentia,
1207 4215 1280 4277 cap.
1300 4191 1337 4254 l'.
1355 4191 1385 4254 S.
1403 4210 1595 4266 emuniens,
1613 4197 1702 4271 quat.
1720 4187 1780 4251 sibi

422 4313 547 4376 decan.
565 4319 600 4373 et
617 4311 708 4393 preb.
725 4306 807 4369 eccl.
825 4304 856 4367 S.
875 4301 1012 4366 Martini
1041 4301 1219 4376 Turonen,
1238 4317 1308 4360 rac.
1334 4316 1393 4379 per
1418 4294 1554 4357 liberam
1579 4293 1698 4375 resign.
1716 4292 1780 4355 lac-

422 4431 483 4479 tam
502 4418 534 4479 in
553 4414 708 4478 manibus
726 4409 765 4473 R.
784 4408 819 4472 P.
836 4408 926 4472 dom.
943 4405 1108 4481 Jolraunis
1124 4403 1166 4466 tle
1183 4402 1383 4483 Columpna,
1401 4398 1561 4476 &Angeli
1579 4396 1664 4460 diac.
1682 4396 1779 4470 card,

424 4532 451 4583 et
466 4519 671 4584 auctoritate
689 4515 720 4578 S.
740 4513 776 4576 l'.
794 4520 964 4596 receptam
982 4509 1118 4572 oraculo
1136 4506 1211 4569 rive
1237 4505 1329 4568 uocis
1356 4523 1414 4586 per
1435 4503 1466 4565 S.
1493 4500 1531 4564 V.
1560 4500 1668 4564 eidem
1691 4499 1780 4562 doru.

425 4626 502 4690 card.
517 4625 621 4700 fact0,
634 4640 694 4706 per
706 4616 945 4701 Raymundum
960 4612 1148 4677 Cremaauti
1162 4610 1203 4674 de
1216 4610 1341 4671 Sancto
1354 4606 1518 4682 Andeolo
1529 4614 1779 4689 procuratorem

427 4728 507 4793 dom.
524 4724 655 4791 Alberti
674 4721 765 4787 Scoti
782 4720 824 4784 de
842 4718 1022 4796 Placentia,
1041 4725 1120 4779 tunc
1138 4736 1212 4778 can.
1230 4714 1320 4796 preb.
1338 4711 1369 4772 in
1397 4709 1525 4793 prelata
1542 4709 1622 4772 eccl.
1641 4708 1671 4770 S.
1691 4705 1782 4769 Mar-

428 4832 488 4908 tini,
505 4828 696 4916 specialiter
712 4824 754 4890 ad
771 4821 1035 4888 renunciandum
1053 4830 1086 4883 et
1111 4816 1344 4900 resignandum
1373 4813 1482 4877 dictos
1498 4833 1571 4876 cau.
1588 4820 1621 4874 et
1638 4812 1729 4894 preb.
1748 4810 1778 4871 in

372 4919 376 4984 l

374 5057 377 5080 2
456 5031 479 5086 a)
495 5028 550 5078 (tul.
565 5029 724 5073 Tnurnacon.

460 5249 478 5294 l.
489 5248 548 5296 l'oir
561 5262 586 5294 n.
601 5247 630 5294 74
645 5260 651 5302 ;
672 5242 734 5304 [leq.
747 5242 828 5299 .ln'u.,
843 5244 880 5300 ab,
894 5240 921 5287 ff.
934 5240 1069 5286 saar-2:31».
1082 5265 1112 5270 -
1125 5239 1146 5283 2.
1160 5235 1221 5279 Voir
1235 5248 1257 5280 u.
1271 5234 1324 5279 276,
