4650 6059
929 757 1016 830 1352,
1040 757 1106 821 2-12
1129 756 1296 821 novembre.
1721 762 1777 827 651

414 928 454 974 as
469 915 483 942 ¹
500 908 644 994 Capeles
661 919 681 1003 ¹,
697 909 812 974 vicarii
829 917 863 974 et
889 909 1113 995 procuratoris
1135 908 1184 974 sui
1211 909 1245 973 in
1272 909 1548 977 archidiaconatu
1573 911 1779 980 Bruxellensi

412 1012 448 1076 in
466 1012 609 1077 ecclesia
625 1011 854 1093 Cameracen,
870 1021 906 1078 et
920 1033 980 1095 per
995 1012 1255 1078 reservationem
1272 1021 1347 1093 etc,
1371 1014 1553 1099 dignemini
1578 1016 1754 1101 providere
1769 1040 1778 1099 ;

411 1135 486 1181 non
503 1118 588 1181 obst.
605 1116 695 1200 quod
709 1116 743 1180 in
754 1115 792 1181 B.
810 1115 859 1181 M.
870 1116 912 1181 de
926 1115 1257 1198 Mediomonasterio,
1271 1114 1462 1198 Bituricen,
1473 1127 1507 1184 et
1523 1118 1554 1183 S.
1565 1118 1724 1186 Germani
1737 1121 1779 1186 de

412 1218 545 1298 Castra,
562 1218 743 1285 Bituricen.
759 1220 857 1301 dioc,
873 1220 1031 1300 ecclesiis,
1048 1220 1270 1286 canonicatus
1284 1229 1319 1286 et
1334 1222 1523 1307 prebendas
1533 1224 1683 1289 noscitur
1693 1225 1779 1290 obti-

412 1343 497 1387 nere
511 1345 520 1402 3
537 1343 614 1388 cum
630 1323 703 1390 aliis
718 1344 787 1390 non
804 1326 890 1390 obst.
906 1363 949 1374 —
965 1323 1041 1389 Fiat
1058 1323 1099 1390 R.

461 1425 542 1490 Dat.
558 1426 659 1492 Asin.
675 1449 694 1510 4
711 1447 789 1493 non.
806 1448 884 1494 nov.
900 1434 933 1493 a⁰
952 1434 1014 1493 11⁰.
1031 1427 1107 1511 (22,
1128 1429 1215 1511 153).

469 1563 618 1648 2499.
1401 1599 1498 1663 1552,
1515 1602 1534 1643 2
1552 1583 1735 1647 reovembre.

462 1682 563 1767 Supp.
581 1681 691 1747 Guido
708 1681 908 1769 Malabayla
924 1691 1014 1768 quat.
1034 1682 1205 1769 [familiari
1222 1703 1282 1748 suo
1310 1682 1502 1763 Francisc0‚
1530 1693 1613 1750 nato
1639 1684 1778 1751 Henrici

412 1785 460 1851 de
489 1783 620 1863 Monte,
646 1786 768 1852 elerico
795 1785 986 1872 Brugensi],
1012 1786 1198 1853 Tomacen.
1230 1787 1328 1867 dioc„
1355 1787 1495 1852 decan.
1520 1789 1779 1874 etpreb.'eccl.

413 1889 449 1954 S.
466 1888 650 1953 Donatiani
667 1888 710 1954 de
725 1889 843 1975 Brugis
859 1891 892 1954 in
911 1890 1079 1970 Flandria,
1095 1889 1283 1956 Tomacen.
1298 1890 1395 1972 dioc,
1421 1912 1493 1957 vac.
1510 1892 1553 1957 ad
1568 1912 1705 1978 presens
1720 1912 1780 1978 per

412 1994 472 2057 ob.
490 1990 509 2069 J
512 1991 654 2057 ohannis
669 1992 711 2057 de
727 1992 889 2074 Vesseria,
906 1993 961 2078 qui
978 2001 1073 2058 extra
1091 1994 1322 2059 Romcuriam
1337 1994 1429 2059 diem
1445 1995 1565 2061 clausit
1580 2002 1778 2076 extremum,

413 2103 452 2159 et
468 2115 529 2179 per
543 2096 803 2161 reservationem
819 2097 946 2163 factam
961 2096 1004 2162 de
1019 2097 1145 2163 eisdem
1161 2117 1221 2183 per
1237 2097 1268 2163 S.
1285 2097 1325 2164 V.
1341 2097 1451 2163 eidem
1469 2097 1650 2164 Francisco
1665 2097 1779 2181 digne-

415 2198 503 2262 mini
520 2198 705 2283 providere.
721 2240 763 2249 -
781 2199 856 2266 Fiat
873 2199 913 2266 R.
1587 2226 1589 2229 ⁴

445 2301 542 2366 ·Dat.
557 2302 658 2369 Avin.
674 2325 693 2386 4
709 2324 789 2370 non.
804 2294 884 2370 nov.
899 2311 933 2369 a⁰
952 2310 1014 2370 11⁰.
1031 2305 1108 2389 (22,
1129 2306 1232 2389 157⁷).

471 2437 620 2520 2500.
778 2435 780 2439 ⁸
932 2465 934 2469 “
1402 2476 1419 2519 1
1420 2475 1441 2538 3
1441 2474 1497 2537 52,
1511 2474 1535 2535 5
1553 2456 1734 2518 novembre.

463 2554 564 2621 Motu
579 2557 714 2642 proprio
729 2557 945 2644 providemus
970 2579 1057 2643 mag.
1086 2557 1187 2624 Petro
1213 2558 1255 2624 de
1283 2557 1412 2642 Pogeto
1427 2577 1448 2638 ²,
1465 2556 1616 2642 scriptori
1633 2564 1668 2621 et
1684 2556 1778 2621 fami-

413 2660 491 2725 liari
507 2670 633 2741 nostro,
649 2661 691 2727 de
706 2682 780 2727 can.
796 2671 831 2728 et
847 2665 938 2749 preb.
955 2664 1036 2728 eccl.
1054 2662 1283 2743 Cameracen,
1307 2682 1381 2727 vac.
1397 2682 1457 2747 per
1472 2663 1525 2727 ob.
1543 2659 1712 2745 Radulphi
1736 2661 1778 2725 de

414 2761 555 2847 Nigella
572 2781 583 2818 ³
598 2772 634 2829 et
648 2773 748 2831 antea
763 2787 823 2852 per
837 2766 951 2845 sedem
968 2775 1077 2852 apost.
1093 2766 1282 2831 reservatis
1305 2802 1337 2813 -
1359 2764 1436 2830 Fiat
1453 2774 1549 2830 motu
1564 2765 1699 2850 proprio
1716 2764 1756 2829 R.

461 2866 541 2932 Dat.
557 2867 656 2933 Avin.
673 2889 752 2935 non.
768 2891 845 2936 nov.
862 2880 896 2935 a⁰
915 2885 979 2936 110.
995 2873 1070 2954 (22,
1091 2872 1193 2954 151').

469 3004 615 3087 2501.
1371 3021 1524 3101 135212
1550 3020 1736 3084 reovembre.
1828 3024 1830 3030 ⁴

459 3122 561 3208 Supp.
580 3121 688 3188 Maria
704 3123 746 3188 de
762 3123 935 3190 Bellot'orti
960 3133 1050 3209 quat.
1078 3124 1245 3210 [servitori
1269 3144 1329 3189 suo
1352 3121 1453 3187 Petro
1476 3120 1610 3202 Maseti,
1635 3121 1725 3207 bae]
1745 3122 1776 3186 in

415 3226 518 3305 decr,
536 3246 610 3291 can.
627 3237 662 3290 et
677 3230 769 3312 preb.
786 3228 817 3293 S.
834 3228 1017 3292 Audomari
1044 3228 1086 3292 de
1114 3228 1145 3293 S.
1169 3228 1364 3293 Andomaro
1387 3235 1422 3291 et
1445 3226 1475 3291 S.
1493 3225 1679 3310 Walburgis
1696 3224 1778 3291 Fur-

414 3330 540 3407 nensis,
557 3331 782 3410 ecclesiarum,
800 3330 967 3397 Morinen.
984 3332 1081 3410 dioc,
1110 3352 1193 3415 quos
1221 3330 1264 3395 ad
1290 3351 1427 3415 presens
1451 3330 1581 3395 obtinet
1605 3328 1778 3406 Johannes

415 3432 509 3497 Cessi
532 3434 676 3517 processi
701 3434 789 3518 (sies),
817 3456 893 3500 curn
918 3456 1038 3500 vacare
1054 3435 1233 3519 contigerit
1248 3454 1308 3520 per
1323 3443 1535 3499 contractum
1562 3434 1777 3527 matrimonii,

415 3537 678 3620 resignationem
705 3558 762 3603 seu
787 3540 869 3604 alias
894 3539 1125 3623 quovismodo,
1152 3548 1366 3624 preterquam
1393 3558 1452 3623 per
1467 3540 1520 3607 ob.
1537 3537 1648 3622 ipsius,
1666 3536 1777 3601 conse·

415 3639 540 3705 rendos
558 3641 667 3705 eidem
693 3641 803 3721 Petro,
819 3643 1001 3727 dignemini
1025 3663 1245 3721 reservare...
1264 3649 1299 3706 et
1314 3661 1383 3705 non
1408 3644 1493 3706 obst.
1509 3643 1586 3705 ben.
1602 3639 1644 3703 de
1660 3640 1778 3722 quibus

417 3744 502 3807 alias
518 3743 642 3809 eisdem
655 3746 855 3831 providistis,
867 3768 930 3830 que
947 3747 1071 3811 habere
1081 3746 1264 3831 dignemini
1277 3765 1338 3830 pro
1351 3745 1514 3831 expressis
1526 3752 1560 3808 et
1570 3744 1779 3828 singulariter

417 3847 602 3911 nominatis
617 3869 656 3913 ac
672 3849 774 3914 etiam
790 3851 1082 3935 expectationibus
1098 3851 1178 3915 licet
1200 3851 1329 3914 nullum
1351 3848 1460 3912 adhuc
1476 3848 1628 3913 obtineat
1645 3849 1778 3912 obstan-

416 3950 508 4014 tibus
524 3950 645 4034 litigiis.
661 3991 704 4000 —
721 3951 797 4017 Fiat
813 3952 855 4017 de
872 3955 977 4018 altera
994 3975 1095 4038 quam
1112 3953 1249 4037 elegerit
1267 3951 1306 4016 R.

463 4052 541 4144 Dat.
558 4053 657 4119 Avin.
675 4076 692 4119 2
710 4054 753 4120 id.
770 4076 847 4121 nov.
865 4065 898 4120 a⁰
919 4065 979 4122 11⁰.
997 4059 1073 4140 (22,
1094 4058 1181 4140 174).

471 4188 619 4271 2502.
1111 4248 1114 4252 «
1174 4252 1176 4254 >
1379 4224 1474 4288 1352,
1493 4226 1531 4268 12
1550 4206 1732 4268 novembre.

461 4306 563 4392 Supp.
580 4306 787 4387 Guiilelmus,
799 4309 988 4375 vicecomes
998 4310 1164 4391 Turenne,
1178 4320 1268 4395 quat.
1285 4310 1425 4394 Symoni
1443 4307 1574 4374 Nicolai
1591 4310 1622 4373 le
1639 4307 1719 4373 Cras
1734 4306 1776 4372 de

416 4408 620 4494 Frongnees,
646 4412 723 4476 cler.
752 4411 940 4489 Leodiensi,
969 4415 1144 4499 providere
1172 4413 1354 4498 dignemini
1377 4413 1419 4477 de
1435 4416 1511 4478 ben.
1535 4415 1616 4478 eccl.
1633 4434 1662 4478 c.
1679 4433 1707 4478 c.
1724 4412 1777 4475 vel

414 4535 440 4578 s.
458 4534 488 4578 c.
504 4512 547 4579 ad
563 4516 638 4579 coll.
655 4514 773 4580 decani
790 4524 825 4578 et
841 4535 915 4599 cap.
941 4517 1022 4580 eccl.
1048 4517 1079 4581 S.
1097 4514 1237 4581 Martini
1254 4514 1424 4594 Leodien,
1456 4514 1545 4601 [vac.
1562 4516 1615 4578 vel
1629 4508 1777 4595 ¹vacat.],

414 4638 485 4682 nou
502 4620 588 4683 obst.
604 4620 681 4683 ben.
698 4639 763 4702 que
779 4618 911 4684 obtinet
936 4619 989 4681 rel
1014 4628 1174 4703 expectat
1189 4620 1223 4683 in
1246 4619 1520 4684 vicecancellaria
1542 4626 1653 4682 vestra
1669 4614 1777 4701 expri-

414 4720 557 4786 mendis.
575 4761 618 4771 -
635 4721 714 4786 Fiat
731 4721 770 4787 R.
1659 4709 1664 4717 ’

461 4822 542 4888 Dat.
558 4824 658 4889 Avin.
677 4845 693 4888 2
710 4825 754 4889 id.
770 4847 849 4890 nov.
866 4833 899 4890 a⁰
920 4834 980 4892 11⁰.
998 4828 1074 4911 (22,
1096 4827 1183 4909 174).

447 4977 478 5038 a)
494 4976 551 5026 11.
563 4978 604 5027 au.

449 5106 472 5151 1.
485 5103 547 5151 Voir
567 5119 592 5153 11.
613 5106 760 5153 2493-2494.
777 5132 808 5139 —
827 5110 848 5151 ·.'.
867 5106 906 5153 (ll.
926 5106 990 5154 Albe
1009 5106 1118 5166 (Arnai.
1136 5104 1168 5151 de
1188 5104 1213 5153 S.
1239 5103 1511 5165 Lanu-deamque,
1525 5109 1543 5152 t.
1556 5103 1614 5161 Vll,
1628 5117 1652 5165 p.
1665 5104 1733 5164 223).
1746 5110 1778 5137 ’-

412 5182 436 5229 3.
454 5177 515 5224 Voir
526 5191 551 5226 n.
564 5179 636 5225 2497.
1561 5197 1564 5202 ’
