4650 6059
958 797 1046 870 1343,
1069 797 1104 859 21
1124 796 1235 877 juillet.
1275 800 1280 810 '
1738 798 1779 862 95

433 974 590 1038 gennanus
605 956 686 1017 bon.
702 971 806 1015 mem.
829 949 919 1015 dom.
940 950 1086 1028 Andree,
1103 950 1155 1014 tit.
1183 949 1214 1013 S.
1240 949 1393 1013 Susanne
1420 953 1529 1035 presb.
1557 951 1657 1028 card,
1683 972 1778 1036 supp.

367 1069 371 1074 '
429 1059 451 1122 S.
465 1057 497 1121 l'.
511 1065 606 1136 quat.
624 1054 855 1139 infrascriptos
881 1053 1146 1138 supplicationes
1173 1053 1322 1138 recipere
1347 1053 1531 1138 dignemini
1555 1062 1590 1119 et
1606 1075 1664 1119 eas
1686 1054 1779 1120 savo-

426 1161 557 1226 nbiliter
573 1159 745 1224 exaudire.

457 1263 491 1328 ln
514 1263 634 1349 primis
649 1283 746 1347 supp.
762 1261 871 1325 dictus
887 1261 1107 1325 cancellarius
1123 1267 1216 1343 quat.
1236 1259 1369 1345 [nepoti
1393 1281 1453 1326 sno
1471 1260 1616 1326 Nicolao
1631 1259 1778 1340 Janiani,

417 1371 485 1433 cler.
498 1366 712 1444 Florentino,
728 1364 919 1429 Aurelianis
935 1362 1113 1449 studenti]
1132 1363 1175 1428 de
1193 1384 1268 1454 can.
1285 1372 1320 1428 et
1336 1366 1428 1448 preb.
1445 1364 1526 1429 eccl.
1542 1365 1683 1429 Aretine
1704 1385 1778 1429 vac.

413 1493 468 1557 per
482 1474 538 1536 ob.
566 1470 649 1535 dicti
677 1468 768 1534 dom.
796 1466 976 1532 cardinalis
1003 1468 1057 1531 vel
1084 1467 1168 1531 alias
1196 1466 1420 1549 quovismodo
1444 1475 1568 1532 vacent
1595 1468 1778 1551 dignemini

411 1574 597 1659 providere,
614 1593 683 1638 non
702 1574 788 1636 obst.
805 1570 895 1653 quod
911 1570 1118 1655 capellanias
1144 1569 1177 1633 in
1195 1568 1227 1634 S.
1258 1567 1398 1634 Martini
1428 1570 1658 1636 Curtracensis
1678 1580 1713 1637 et
1737 1572 1778 1638 de

410 1676 564 1742 Humere
581 1676 740 1756 ecclesiis,
756 1675 946 1741 Tornacen.
963 1674 1060 1754 dioc,
1077 1674 1227 1766 noscitur
1242 1674 1405 1739 obtinere.
1421 1715 1464 1723 -
1482 1674 1558 1740 Fiat
1575 1674 1615 1741 R.

449 1822 542 1882 428.
576 1813 664 1879 Item
680 1834 776 1899 supp.
792 1821 885 1896 quat.
905 1811 1038 1898 [nepoti
1055 1832 1116 1876 suo
1132 1812 1267 1877 Andree
1283 1810 1303 1889 J
1306 1812 1431 1891 aniani,
1449 1813 1526 1877 cler.
1551 1812 1776 1901 Florentin0,]

403 1921 448 1985 de
464 1941 544 1984 can.
560 1928 596 1984 et
611 1922 704 2005 preb.
720 1917 803 1983 eccl.
819 1917 851 1982 S.
868 1916 1041 1982 Laurentii
1068 1915 1110 1981 de
1129 1915 1302 1981 Florentia
1326 1937 1386 2002 per
1407 1919 1460 1982 ob.
1484 1916 1566 1982 dicti
1594 1918 1684 1984 dom.
1708 1941 1779 1985 car-

403 2025 531 2089 dinalis
561 2045 636 2089 vac.
667 2024 721 2087 vel
753 2021 836 2087 alias
873 2020 1096 2106 quovismodo
1132 2029 1258 2086 vacent
1300 2020 1490 2110 dignemini⁴
1514 2022 1701 2107 providere.
1736 2065 1779 2074 -

408 2127 489 2193 Fiat
508 2127 549 2193 R.

451 2268 543 2329 429.
561 2260 650 2327 Item
667 2282 762 2347 supp.
779 2268 871 2344 quat.
891 2260 1023 2346 [nepoti
1041 2280 1101 2324 suo
1117 2257 1137 2336 J
1140 2262 1249 2325 acobo
1264 2259 1307 2324 de
1320 2259 1532 2327 Lansredinis
1542 2262 1583 2328 de
1595 2263 1777 2344 Florentia,

408 2370 489 2432 cler.
514 2368 707 2431 Aurelianis
722 2366 839 2451 injure
855 2365 918 2430 civ.
935 2362 1113 2449 studenti],
1140 2364 1182 2433 de
1199 2385 1274 2429 can.
1291 2373 1325 2430 et
1352 2369 1444 2451 preb.
1471 2368 1552 2432 eccl.
1568 2368 1777 2452 Aquilegen.,

406 2493 483 2537 vac.
500 2490 562 2555 per
577 2473 632 2535 ob.
648 2470 729 2535 dicti
752 2470 842 2535 dom.
868 2468 1046 2534 cardinalis
1073 2469 1126 2532 vel
1154 2468 1238 2532 alias
1263 2470 1486 2552 quovismodo
1513 2479 1647 2551 vacent,
1664 2472 1777 2556 digne-

409 2574 492 2638 mini
517 2572 705 2658 providere,
733 2593 801 2637 non
828 2576 914 2638 obst.
944 2572 1034 2656 quod
1061 2572 1267 2657 capellanias
1293 2572 1335 2637 de
1360 2572 1428 2638 Los
1450 2574 1547 2658 juxta
1580 2574 1711 2641 Insulas
1738 2598 1778 2641 ac

408 2679 643 2763 diaconatum
661 2677 694 2740 in
712 2676 861 2761 Eynensi
879 2697 919 2741 ac
936 2677 969 2740 in
986 2675 1028 2741 de
1046 2676 1195 2755 Duzelle,
1211 2675 1401 2742 Tomacen.
1423 2678 1521 2758 dioc,
1549 2700 1590 2744 ac
1615 2700 1689 2744 can.
1717 2682 1777 2745 sub

408 2803 485 2868 exp.
502 2784 597 2867 preb.
612 2779 647 2845 in
664 2778 852 2845 Tomacen.
868 2780 951 2845 eccl.
967 2780 1116 2844 noscitur
1131 2779 1284 2844 obtinere
1301 2788 1320 2844 ¹.
1342 2817 1374 2828 -
1396 2779 1473 2845 Fiat
1490 2780 1530 2847 R.

453 2927 542 2987 430.
561 2918 650 2984 Item
667 2918 968 3004 supp.domicellus
983 2925 1093 2982 vester
1109 2916 1286 2997 RobertuS,
1303 2919 1403 2983 natu‘s
1419 2918 1584 2984 Gianottii
1601 2918 1643 2983 de
1658 2919 1777 2983 Caval-

409 3025 565 3091 cantibus
579 3023 623 3089 de
640 3021 811 3088 Florentia
826 3022 951 3102 militis,
975 3022 1077 3086 famil.
1094 3029 1129 3086 et
1155 3021 1353 3087 domicellus
1377 3021 1463 3087 dicti
1485 3023 1575 3088 dom.
1601 3021 1778 3087 cardinalis

411 3151 449 3193 nc
466 3137 632 3211 cognatus
647 3125 784 3209 Jaqueti
801 3125 842 3190 de
860 3124 1030 3210 Maupilis,
1046 3125 1215 3189 domicelli
1233 3126 1344 3203 vestri,
1363 3126 1496 3209 nepotis
1508 3126 1588 3191 dicti
1602 3124 1692 3190 dom.
1707 3146 1777 3190 car-

411 3233 540 3309 dinalis,
558 3232 614 3315 qui
631 3232 733 3314 longo
749 3239 902 3315 tempore
918 3231 1028 3294 eidem
1054 3230 1212 3294 cardinali
1233 3229 1373 3293 fideliter
1399 3229 1578 3294 deservivit
1603 3251 1642 3293 ac
1658 3250 1719 3314 pro
1736 3251 1778 3293 eo

411 3338 498 3400 dona
527 3345 563 3400 et
589 3336 671 3399 alias
699 3355 839 3417 magnas
863 3335 1098 3419 peccuniarum
1125 3354 1273 3396 summas
1298 3332 1468 3417 expendit,
1495 3342 1586 3416 quat.
1612 3332 1775 3418 [Johanni

414 3441 499 3505 tratri
517 3461 590 3513 su0,
608 3438 681 3523 uni]
702 3460 742 3502 ex
759 3459 881 3502 novem
900 3438 973 3501 tiliis
988 3437 1067 3501 dicti
1086 3438 1132 3500 sui
1163 3437 1281 3515 fratris,
1309 3437 1364 3520 qui
1393 3437 1559 3502 studendo
1584 3439 1777 3522 expectavit

413 3549 494 3608 bene
519 3564 580 3628 per
610 3564 644 3626 15
674 3563 779 3607 annos
806 3543 858 3605 vel
884 3543 971 3606 circa
999 3542 1032 3604 in
1058 3542 1225 3605 Senonen.
1253 3550 1287 3604 et
1306 3540 1489 3605 Florentin.
1516 3542 1597 3606 eccl.
1623 3546 1724 3626 preb,
1743 3556 1777 3606 et

413 3657 548 3732 propter
577 3647 829 3711 revocationem
862 3646 1137 3730 expectationum
1177 3644 1365 3727 hujusmodi
1401 3647 1612 3709 subsecutam
1649 3647 1775 3709 nullum

416 3751 593 3817 comodum
609 3751 803 3835 reportavit,
815 3753 858 3814 ob
872 3749 1177 3814 considerationum
1193 3748 1282 3812 dicte
1295 3752 1373 3812 bon.
1390 3770 1490 3812 mem.
1502 3749 1591 3813 dom.
1602 3750 1778 3813 cardinalis

418 3867 447 3919 et
466 3856 590 3920 intuitu
614 3855 760 3939 pietatis,
777 3853 819 3917 de
836 3856 1019 3938 plebanatu
1036 3854 1118 3916 eccl.
1135 3853 1167 3916 S.
1187 3852 1234 3916 M.
1262 3850 1400 3935 Maioris
1427 3853 1469 3916 (le
1497 3852 1623 3930 Pescia,
1653 3852 1777 3915 Lucan.

417 3959 506 4036 dioc,
524 3979 599 4023 vac.
616 3979 675 4043 per
691 3967 834 4023 mortem
851 3957 932 4021 dicti
949 3956 1038 4022 dom.
1056 3957 1233 4021 cardinalis
1249 3957 1302 4020 vel
1331 3957 1412 4020 alias
1438 3977 1649 4038 quocumque
1676 3955 1779 4019 modo

420 4075 511 4129 vacet
540 4062 585 4126 ad
622 4062 736 4126 sedem
761 4071 869 4147 apost.
895 4070 1081 4145 spectante,
1108 4062 1201 4143 cujus
1232 4059 1411 4135 redditus,
1440 4080 1505 4123 sec.
1539 4069 1606 4122 tax.
1637 4059 1777 4135 decime,

421 4188 580 4233 summanr
600 4188 640 4250 30
657 4166 689 4230 fl.
707 4167 775 4230 auri
792 4187 859 4230 non
876 4166 1054 4243 excedunt,
1071 4165 1252 4247 dignemini
1271 4164 1455 4248 providere.
1472 4204 1514 4211 -
1532 4162 1607 4227 Fiat
1626 4163 1665 4227 R.

456 4313 535 4371 431.
556 4304 644 4369 Item
660 4303 759 4368 simili
775 4302 877 4368 modo
895 4313 927 4367 et
945 4303 1049 4366 sonna
1067 4303 1217 4387 Syrnoni,
1246 4302 1340 4365 alteri
1370 4301 1461 4364 fratri
1478 4321 1547 4378 suo,
1565 4304 1637 4365 bac.
1655 4301 1687 4363 in
1705 4302 1778 4384 leg,

423 4412 516 4491 quiin
536 4410 616 4494 ipsis
632 4408 744 4472 studet
761 4418 795 4472 et
812 4408 937 4472 studuit
956 4409 986 4471 in
1007 4406 1126 4470 Monte
1144 4406 1325 4469 Pessulano
1348 4413 1381 4469 et
1399 4405 1593 4482 Aurelianis,
1611 4408 1696 4468 bene
1720 4426 1779 4489 per

368 4455 374 4604 l
423 4528 490 4578 octo
507 4534 628 4589 annos,
645 4511 687 4575 de
704 4511 887 4595 plebanatu
904 4512 985 4575 eccl.
1003 4511 1033 4573 S.
1052 4509 1282 4572 Bartlrolomei
1299 4507 1341 4572 de
1359 4508 1452 4586 Pino,
1472 4507 1659 4572 Vulterran.
1681 4508 1777 4580 dioc..

369 4655 371 4668 ·
421 4620 502 4702 cujus
513 4614 968 4692 fructus,sectandecimc,
977 4635 1140 4679 summam
1154 4634 1194 4695 30
1206 4612 1236 4675 ll.
1249 4613 1318 4676 auri
1330 4634 1396 4676 non
1408 4614 1585 4683 excedunt.
1597 4612 1777 4696 dignemini

420 4722 599 4805 providere,
617 4740 685 4783 non
704 4722 788 4783 obst.
804 4718 894 4801 quod
911 4718 999 4782 idem
1017 4720 1143 4803 Syrnon
1161 4738 1233 4780 can.
1251 4725 1284 4779 et
1301 4719 1393 4800 preb.
1411 4717 1491 4779 eccl.
1518 4715 1675 4799 Bajocen.
1694 4716 1778 4779 obti-

418 4846 487 4891 nere
506 4846 548 4889 ac
565 4824 657 4907 dign.
674 4822 707 4886 in
724 4821 842 4886 eadem
869 4825 950 4887 eccl.
978 4842 1037 4907 per
1064 4821 1190 4884 litteras
1212 4820 1242 4883 S.
1261 4818 1299 4882 Υ.
1317 4819 1464 4882 noscitur
1480 4828 1669 4901 expectare,
1687 4819 1779 4900 cujus

418 4927 663 5015 expectationis
679 4925 783 5006 gratie
799 4936 936 5011 paratus
963 4936 1013 4989 est
1040 4924 1241 4997 renuntiare,
1268 4930 1447 5005 postquam
1475 4921 1554 4984 dicti
1582 4923 1778 5005 plebanatus

415 5032 662 5117 possessionem
680 5028 777 5092 luerit
792 5029 969 5113 pacificam
987 5038 1167 5092 assecutus.
1187 5066 1225 5075 -
1245 5024 1321 5088 Fiat
1340 5025 1378 5089 R.

443 5253 463 5296 l.
477 5248 540 5293 l'oir
553 5261 577 5293 n.
595 5246 649 5292 llll.
