4650 6059
553 784 593 847 38
1079 780 1167 858 1342,
1192 779 1286 843 26-30
1307 783 1388 847 solt.

554 934 607 998 lic.
624 934 657 996 in
674 933 747 1015 leg,
775 940 864 996 auct.
891 932 1076 997 litterarum
1105 935 1184 996 bon.
1213 953 1314 995 mem.
1343 930 1528 1012 Benedicti,
1545 933 1791 1017 predecessoris
1815 934 1910 998 vestri
1960 949 1966 954 ·

555 1036 706 1121 predicti,
722 1035 782 1099 sibi
800 1056 1042 1114 concessarum,
1060 1035 1093 1098 in
1111 1055 1184 1099 can.
1202 1034 1284 1099 eccl.
1300 1034 1500 1099 Ambianen.
1518 1043 1569 1101 est
1584 1045 1751 1121 receptus,
1773 1045 1810 1100 et
1825 1038 1911 1121 preb.

556 1139 757 1225 expectavit,
774 1148 809 1202 et
825 1137 935 1203 adhuc
950 1147 1107 1224 expectat
1124 1138 1157 1201 in
1175 1137 1303 1202 eadem.
1321 1138 1435 1221 Quare
1450 1159 1545 1223 supp.
1561 1138 1671 1204 dictus
1687 1160 1811 1218 comeS,
1828 1147 1914 1223 quat.

557 1242 599 1307 de
611 1263 701 1306 novo
716 1240 757 1305 de
773 1243 875 1326 preb,
886 1261 1018 1306 necnon
1034 1241 1076 1306 de
1092 1241 1193 1326 dign,
1207 1262 1304 1326 pers,
1317 1241 1372 1307 off.
1386 1263 1444 1307 seu
1459 1245 1536 1307 ben.
1547 1243 1671 1324 eccl.,c.
1684 1264 1713 1309 c.
1726 1243 1782 1308 vel
1794 1265 1819 1309 s.
1832 1264 1872 1325 c.,
1885 1243 1915 1307 in
1959 1281 1965 1327 ·.

559 1346 677 1411 eadem
694 1345 785 1422 eccl,
802 1366 874 1410 vac.
893 1346 944 1408 vel
962 1354 1080 1426 vacat,
1096 1345 1280 1428 dignemini
1305 1346 1491 1430 providere.
1509 1345 1589 1413 Non
1613 1350 1699 1412 obst.
1726 1347 1818 1431 quod
1833 1347 1917 1413 idem
1961 1345 1964 1352 '

559 1448 733 1525 Johannes
749 1448 781 1511 in
799 1448 869 1532 ipsa
895 1449 976 1513 eccl.
1005 1449 1037 1512 in
1065 1470 1149 1529 can,
1183 1459 1221 1513 ut
1248 1450 1438 1534 predicitur,
1466 1450 1508 1515 sit
1535 1461 1699 1536 receptus
1723 1459 1758 1516 et
1782 1451 1917 1535 quodin

560 1553 591 1616 S.
603 1552 785 1616 Donatiani
803 1551 980 1637 Brugensis
996 1574 1070 1618 can.
1083 1561 1117 1618 et
1133 1557 1236 1638 preb,
1253 1574 1292 1618 ac
1309 1554 1343 1616 in
1360 1552 1398 1618 B.
1417 1551 1466 1617 M.
1483 1553 1525 1618 de
1541 1553 1786 1639 Ardenbourgh
1802 1554 1918 1640 capell.

560 1656 718 1735 ecclesiis,
735 1655 921 1721 Tornacen.
942 1656 1039 1737 dioc,
1063 1657 1211 1722 noscitur
1235 1640 1396 1721 obtinere]
1419 1697 1463 1705 —
1492 1655 1567 1721 Fiat
1594 1665 1630 1722 et
1655 1665 1837 1722 renovetur
1861 1657 1918 1722 sibi

560 1760 667 1841 gratia
685 1759 771 1823 sacta
786 1780 846 1844 per
861 1758 1130 1844 predecessorem
1146 1770 1307 1825 nostrum.
1322 1759 1362 1824 R.
1382 1758 1426 1823 Et
1440 1760 1545 1825 nichil
1559 1760 1708 1825 dimittat
1725 1760 1766 1825 R.

605 1862 682 1926 Dat.
710 1883 763 1948 ap.
792 1861 1040 1928 Villamnovam
1065 1862 1165 1943 9kal.
1194 1872 1278 1949 sept.
1302 1871 1336 1929 a⁰
1357 1873 1386 1928 1⁰
1406 1884 1467 1949 pro
1493 1867 1664 1944 ambabus,
1687 1863 1730 1929 de
1761 1872 1922 1950 precepto

562 1965 688 2030 domini
705 1965 819 2030 nostri.
838 1969 850 2047 (
854 1965 881 2045 1,
900 1987 916 2030 2
922 1969 989 2048 38¹).

616 2085 721 2166 187.
1622 2119 1716 2183 1342,
1734 2097 1777 2161 26
1792 2105 1882 2186 aorit.

607 2205 708 2289 Supp.
726 2202 929 2267 Bertrandus
945 2203 986 2268 de
1010 2203 1221 2268 Cardalhaco
1238 2213 1256 2281 ¹,
1273 2205 1347 2267 bac.
1360 2203 1517 2287 antiquus
1533 2203 1565 2266 in
1583 2204 1646 2287 leg.
1663 2212 1697 2269 et
1714 2203 1748 2268 in
1761 2204 1836 2289 jure
1853 2223 1924 2270 can.

564 2315 751 2391 provectus,
768 2306 858 2371 dom.
881 2306 966 2391 regis
990 2305 1133 2371 Francie
1161 2306 1378 2385 consiliarius,
1394 2313 1485 2389 quat.
1501 2304 1561 2371 sibi
1579 2306 1710 2372 decan.
1734 2308 1818 2373 eccl.
1835 2305 1926 2372 Pari-

564 2411 645 2474 sien.
662 2412 721 2474 sub
737 2430 813 2495 exp.
830 2413 921 2496 preb.
937 2419 972 2475 et
991 2410 1102 2494 dign...
1118 2410 1301 2494 dignemini
1326 2409 1511 2495 providere,
1534 2411 1622 2493 [vac.
1634 2412 1689 2476 vel
1704 2410 1843 2495 vacat.],
1857 2430 1926 2476 non

565 2516 649 2578 obst.
667 2514 756 2595 quod
772 2514 804 2577 in
823 2513 1080 2597 Rotlromagen,
1095 2514 1275 2580 Canroten.
1299 2522 1333 2578 et
1358 2512 1573 2578 Cameracen.
1589 2534 1629 2579 ac
1652 2514 1683 2577 S.
1707 2512 1875 2591 Johannis
1885 2513 1926 2579 de

566 2616 769 2696 BeverllacO,
787 2616 1002 2701 [Eboracen.]
1018 2628 1028 2652 ²
1044 2618 1141 2698 dioc,
1158 2639 1231 2683 can.
1259 2626 1293 2681 et
1324 2619 1426 2702 preb,
1443 2625 1477 2681 et
1503 2616 1536 2681 in
1563 2616 1681 2682 eadem
1708 2616 1927 2683 Cameracen.

565 2721 646 2784 eccl.
659 2720 964 2786 archidiaconatum
978 2722 1020 2786 de
1031 2720 1257 2787 Valenclrenis
1272 2729 1306 2784 et
1322 2720 1522 2786 decanatum
1538 2722 1681 2786 ruralem
1698 2720 1926 2788 Piciacensem

565 2844 605 2888 ac
618 2824 736 2908 capell.
749 2825 914 2890 modicam
931 2825 973 2890 de
990 2824 1162 2904 Cambort,
1174 2822 1355 2887 Carnoten.
1366 2823 1463 2903 dioc,
1473 2824 1622 2889 noscitur
1632 2823 1794 2905 obtinere,
1811 2837 1944 2908 quam·

565 2948 665 3011 quarn
682 2948 740 2992 rex
756 2930 876 3014 Anglie
893 2930 1000 2994 sciens
1015 2949 1092 2992 eum
1109 2941 1181 2993 esse
1194 2926 1228 2990 in
1241 2927 1381 2991 servicio
1391 2927 1476 3011 regis
1490 2926 1629 2992 Francie
1642 2927 1750 3013 ipsum
1762 2927 1928 2993 amoverit

565 3032 696 3111 decan.
714 3036 855 3118 etpreb.
882 3033 972 3098 dicte
999 3033 1081 3097 eccl.
1105 3032 1136 3095 S.
1152 3030 1318 3108 Joharmis
1342 3051 1466 3117 eosque
1494 3030 1626 3096 cuidam
1653 3030 1748 3096 alteri
1772 3031 1815 3097 de
1838 3029 1929 3098 sacto

565 3137 695 3201 duxerit
712 3138 940 3217 conferendos,
957 3146 991 3201 et
1009 3158 1122 3201 comes
1133 3135 1267 3199 alnonis
1285 3134 1391 3220 ipsum
1416 3133 1575 3199 fructibus
1591 3142 1627 3199 et
1640 3134 1826 3201 redditibus
1846 3134 1926 3202 dicti

566 3239 856 3305 archidiaconatus
878 3240 997 3304 eadem
1021 3240 1151 3304 ratione
1167 3238 1311 3322 gaudere
1328 3237 1524 3302 nullomodo
1540 3238 1714 3323 pennittit.
1730 3277 1775 3287 —-
1791 3237 1870 3304 Fiat
1886 3238 1927 3303 R.

611 3342 688 3404 Dat.
705 3362 757 3426 ap.
774 3341 1021 3406 Villarnnovam
1040 3361 1058 3424 7
1075 3340 1140 3405 kal.
1158 3349 1242 3426 sept.
1259 3349 1291 3403 a⁰
1312 3349 1350 3404 1⁰.
1368 3339 1410 3417 (l,
1432 3348 1532 3425 15rl').

622 3462 726 3541 188.
1623 3495 1718 3558 1342,
1735 3477 1778 3538 28
1792 3481 1884 3540 aaut.

611 3579 711 3662 Supp.
738 3577 856 3641 Petrus
871 3577 924 3642 del
950 3578 1136 3659 Escharnel,
1164 3577 1305 3642 servitor
1329 3585 1450 3658 vester,
1478 3578 1555 3642 cler.
1584 3577 1799 3644 Lemovicen.
1829 3577 1928 3657 dioc„

567 3688 658 3765 quat.
683 3681 743 3745 sibi
759 3680 801 3745 de
818 3701 891 3746 can.
908 3690 943 3745 et
958 3684 1050 3766 preb.
1076 3682 1157 3746 eccl.
1175 3681 1206 3745 S.
1222 3678 1410 3763 Walburgis
1436 3679 1625 3760 Funrensis,
1644 3679 1812 3747 Morinen.
1829 3681 1928 3760 dioc,

567 3781 638 3852 vac.
650 3806 709 3872 per
725 3788 778 3851 ob.
796 3785 911 3851 Poncii
929 3783 1062 3866 Mica...
1075 3786 1130 3869 qui
1148 3785 1237 3871 apud
1253 3786 1366 3851 sedem
1380 3791 1487 3869 apost.
1497 3784 1587 3849 diem
1597 3785 1714 3849 clausit
1725 3793 1928 3862 extremum,

566 3890 746 3976 dignemini
764 3890 948 3976 providere,
965 3910 1033 3954 non
1050 3894 1135 3955 obst.
1160 3890 1251 3974 quod
1268 3911 1341 3955 can.
1358 3889 1440 3953 eccl.
1458 3887 1597 3953 Remen.
1614 3891 1674 3953 sub
1689 3909 1766 3974 exp.
1782 3892 1878 3975 preb.
1893 3899 1929 3955 et

567 3997 726 4079 quasdam
758 3994 967 4080 capellanias,
996 4015 1095 4058 unam
1128 3995 1160 4058 in
1194 3994 1439 4078 Rotlromagen.
1464 4013 1503 4057 ac
1520 3993 1622 4057 aliam
1649 3992 1682 4055 in
1714 3992 1746 4056 S.
1777 3992 1954 4070 Juniani„

567 4097 782 4164 Lemovicen.
799 4099 908 4183 dyoc,
929 4089 1080 4163 ecclesiis
1094 4099 1241 4165 noscitur
1256 4098 1417 4164 obtinere.
1435 4136 1478 4145 -
1495 4096 1533 4160 R.

612 4202 688 4265 Dat.
705 4223 757 4286 ap.
775 4202 1023 4266 Villamnovam
1043 4224 1059 4286 5
1077 4202 1142 4268 kal.
1159 4212 1244 4289 sept.
1261 4213 1294 4268 a⁰
1315 4211 1353 4267 1⁰.
1371 4200 1414 4285 (I,
1437 4202 1523 4285 156).

621 4321 727 4402 189.
1624 4355 1718 4418 1342,
1732 4353 1778 4417 30
1792 4339 1884 4400 uortt.

611 4443 711 4525 Supp.
739 4438 933 4517 Anibaldus,
966 4439 1068 4522 episc.
1100 4438 1315 4519 Tusculanus,
1347 4447 1439 4520 quat.
1471 4441 1557 4523 [cap.
1596 4459 1655 4503 suo
1688 4437 1856 4522 Henrico]
1886 4439 1928 4505 de

568 4543 708 4607 Carreto
729 4552 749 4621 ³,
785 4542 952 4625 Aquensis
982 4542 1092 4627 dyoc,
1123 4543 1165 4606 de
1197 4563 1269 4607 can.
1301 4540 1488 4623 Leodiensi,
1520 4547 1611 4628 preb.
1643 4544 1754 4626 dign...
1788 4544 1845 4609 vel
1872 4543 1927 4609 off.

567 4647 748 4731 dignemini
776 4646 962 4731 providere,
987 4666 1053 4709 non
1083 4648 1168 4710 obst.
1196 4646 1285 4729 quod
1313 4645 1345 4707 in
1375 4646 1525 4726 Remen.,
1542 4649 1674 4730 Aquen.
1703 4648 1736 4711 in
1765 4647 1926 4714 Lombar·

566 4750 621 4815 dia
650 4760 684 4814 et
708 4752 738 4814 S.
757 4750 937 4813 Donatiani
966 4747 1153 4831 Brugensis,
1182 4748 1368 4814 Tornacen.
1385 4752 1494 4836 dyoc,
1519 4751 1600 4815 eccl.
1625 4771 1698 4816 can.
1715 4759 1750 4815 et
1773 4755 1865 4837 preb.
1888 4770 1926 4816 ac

598 4916 620 4961 l.
636 4913 716 4959 ll'uno
728 4912 825 4960 larrrille
836 4914 993 4975 apparentdo
1004 4918 1018 4961 ir
1032 4915 1096 4962 dcun
1111 4914 1191 4961 xxlr
1207 4930 1212 4972 ;
1234 4917 1288 4963 voir
1306 4917 1377 4975 Albe,
1399 4918 1500 4965 lutum·
1517 4913 1548 4962 dc
1566 4914 1633 4962 Jeurr
1655 4913 1750 4960 XXII
1758 4914 1887 4974 (Annales
1897 4912 1926 4961 dc

565 4985 591 5036 S.
604 4984 881 5045 Loris-der-Frulesuin.
896 4994 914 5034 t.
928 4987 976 5033 l'll
991 4989 1085 5048 (illiti).
1099 4989 1226 5048 aar-322).
1252 4990 1376 5037 Buri-rand
1397 4990 1429 5037 de
1450 4987 1594 5036 t'arduillao
1613 4987 1712 5045 devint,
1732 4986 1798 5035 dous
1816 4987 1843 5036 la
1853 4990 1924 5042 suite

564 5058 1528 5121 equucdollontauban(ib,:tlt-:rl:t);ltliss,l’eririmn.1,3ur‚325).-
1564 5063 1586 5107 2,
1609 5061 1643 5107 Le
1659 5059 1718 5109 (bd,
1730 5059 1817 5110 donne
1828 5059 1924 5110 cnunc·

566 5138 634 5180 mont
651 5149 656 5179 ;
673 5131 879 5180 l'lnrouumteuxix
900 5135 945 5194 (cl.
966 5135 1037 5182 Alina
1059 5149 1083 5196 p.
1097 5137 1208 5195 31η--
1228 5139 1249 5184 3.
1273 5136 1293 5182 ll
1314 5138 1390 5184 serait
1408 5141 1475 5184 mort
1492 5149 1524 5184 cn
1544 5136 1605 5182 1346
1618 5135 1715 5197 (lbrnp.
1728 5133 1848 5196 chronol,
1864 5138 1923 5192 132;

564 5206 596 5255 cl.
608 5206 640 5254 de
652 5205 747 5266 Tlrcux,
761 5207 792 5266 ll,
806 5208 847 5266 38)
859 5222 864 5263 ;
876 5218 951 5253 aurun
969 5208 990 5254 lc
1007 5209 1031 5254 ll
1046 5206 1101 5267 juin
1115 5208 1224 5271 (suppl.
1240 5209 1286 5268 Xl,
1299 5212 1347 5266 553
1367 5209 1428 5270 Jeep.
1442 5210 1524 5269 Aria,
1538 5210 1575 5258 89.
1590 5209 1608 5257 i.
1621 5208 1700 5266 3230.
