<?xml version="1.0" encoding="UTF-8"?>
<!DOCTYPE html PUBLIC "-//W3C//DTD XHTML 1.0 Transitional//EN"
    "http://www.w3.org/TR/xhtml1/DTD/xhtml1-transitional.dtd">
<html xmlns="http://www.w3.org/1999/xhtml" xml:lang="en" lang="en">
 <head>
  <title>
</title>
<meta http-equiv="Content-Type" content="text/html;charset=utf-8" />
  <meta name='ocr-system' content='tesseract 3.04.00' />
  <meta name='ocr-capabilities' content='ocr_page ocr_carea ocr_par ocr_line ocrx_word'/>
</head>
<body>
  <div class='ocr_page' id='page_1' title='image "./suppliquesdeclm00goog_0370.png"; bbox 0 0 4650 6059; ppageno 0'>
   <div class='ocr_carea' id='block_1_1' title="bbox 987 778 1783 855">
    <p class='ocr_par' dir='ltr' id='par_1_1' title="bbox 987 778 1783 855">
     <span class='ocr_line' id='line_1_1' title="bbox 987 778 1783 855; baseline 0 -9"><span class='ocrx_word' id='word_1_1' title='bbox 987 781 1074 855; x_wconf 76' lang='lat'><strong>1347,</strong></span> <span class='ocrx_word' id='word_1_2' title='bbox 1090 781 1118 844; x_wconf 75' lang='lat'><strong>7</strong></span> <span class='ocrx_word' id='word_1_3' title='bbox 1139 778 1208 844; x_wconf 83' lang='lat' dir='ltr'>mai.</span> <span class='ocrx_word' id='word_1_4' title='bbox 1726 781 1783 846; x_wconf 88' lang='grc'>815</span> 
     </span>
    </p>
   </div>
   <div class='ocr_carea' id='block_1_2' title="bbox 443 929 1786 1848">
    <p class='ocr_par' dir='ltr' id='par_1_2' title="bbox 443 929 1786 1848">
     <span class='ocr_line' id='line_1_2' title="bbox 446 929 1786 1018; baseline 0 -21"><span class='ocrx_word' id='word_1_5' title='bbox 446 932 660 1000; x_wconf 67' lang='lat' dir='ltr'>§.Laurentii</span> <span class='ocrx_word' id='word_1_6' title='bbox 690 934 724 999; x_wconf 96' lang='lat' dir='ltr'>in</span> <span class='ocrx_word' id='word_1_7' title='bbox 755 932 918 998; x_wconf 83' lang='lat' dir='ltr'>Damaso</span> <span class='ocrx_word' id='word_1_8' title='bbox 937 934 1046 1018; x_wconf 86' lang='lat' dir='ltr'><strong>presb.</strong></span> <span class='ocrx_word' id='word_1_9' title='bbox 1077 929 1178 1011; x_wconf 84' lang='lat' dir='ltr'>card,</span> <span class='ocrx_word' id='word_1_10' title='bbox 1209 937 1300 1014; x_wconf 88' lang='lat' dir='ltr'>quat.</span> <span class='ocrx_word' id='word_1_11' title='bbox 1327 930 1388 995; x_wconf 86' lang='lat' dir='ltr'><strong>sibi</strong></span> <span class='ocrx_word' id='word_1_12' title='bbox 1414 950 1462 1015; x_wconf 87' lang='lat' dir='ltr'>gr.</span> <span class='ocrx_word' id='word_1_13' title='bbox 1497 951 1587 1016; x_wconf 89' lang='lat' dir='ltr'><strong>spec.</strong></span> <span class='ocrx_word' id='word_1_14' title='bbox 1623 930 1786 997; x_wconf 83' lang='lat' dir='ltr'>facientes</span> 
     </span>
     <span class='ocr_line' id='line_1_3' title="bbox 445 1033 1785 1124; baseline 0 -22"><span class='ocrx_word' id='word_1_15' title='bbox 445 1040 479 1102; x_wconf 85' lang='lat' dir='ltr'>de</span> <span class='ocrx_word' id='word_1_16' title='bbox 490 1038 599 1124; x_wconf 82' lang='lat' dir='ltr'>capell.</span> <span class='ocrx_word' id='word_1_17' title='bbox 612 1037 729 1103; x_wconf 88' lang='lat' dir='ltr'>altaris</span> <span class='ocrx_word' id='word_1_18' title='bbox 740 1036 773 1103; x_wconf 89' lang='lat' dir='ltr'>S.</span> <span class='ocrx_word' id='word_1_19' title='bbox 786 1034 1006 1117; x_wconf 87' lang='lat' dir='ltr'>Ennelendis‚</span> <span class='ocrx_word' id='word_1_20' title='bbox 1018 1035 1082 1101; x_wconf 88' lang='lat' dir='ltr'>sita</span> <span class='ocrx_word' id='word_1_21' title='bbox 1093 1034 1127 1099; x_wconf 89' lang='lat' dir='ltr'>in</span> <span class='ocrx_word' id='word_1_22' title='bbox 1140 1034 1223 1100; x_wconf 91' lang='lat' dir='ltr'>eccl.</span> <span class='ocrx_word' id='word_1_23' title='bbox 1235 1035 1389 1120; x_wconf 90' lang='lat' dir='ltr'>parroch.</span> <span class='ocrx_word' id='word_1_24' title='bbox 1399 1034 1442 1100; x_wconf 92' lang='lat' dir='ltr'>de</span> <span class='ocrx_word' id='word_1_25' title='bbox 1456 1033 1611 1116; x_wconf 90' lang='lat' dir='ltr'>Meldert,</span> <span class='ocrx_word' id='word_1_26' title='bbox 1624 1034 1785 1103; x_wconf 88' lang='lat' dir='ltr'>Leodien.</span> 
     </span>
     <span class='ocr_line' id='line_1_4' title="bbox 446 1136 1784 1227; baseline 0.001 -23"><span class='ocrx_word' id='word_1_27' title='bbox 446 1140 521 1221; x_wconf 82' lang='lat' dir='ltr'>dioc,</span> <span class='ocrx_word' id='word_1_28' title='bbox 546 1161 620 1207; x_wconf 91' lang='lat' dir='ltr'>vac.</span> <span class='ocrx_word' id='word_1_29' title='bbox 647 1161 707 1227; x_wconf 92' lang='lat' dir='ltr'>per</span> <span class='ocrx_word' id='word_1_30' title='bbox 732 1147 878 1206; x_wconf 90' lang='lat' dir='ltr'>mortem</span> <span class='ocrx_word' id='word_1_31' title='bbox 903 1159 991 1225; x_wconf 87' lang='lat' dir='ltr'>mag.</span> <span class='ocrx_word' id='word_1_32' title='bbox 1019 1138 1180 1206; x_wconf 87' lang='lat' dir='ltr'>Florentii</span> <span class='ocrx_word' id='word_1_33' title='bbox 1207 1136 1250 1204; x_wconf 95' lang='lat' dir='ltr'>de</span> <span class='ocrx_word' id='word_1_34' title='bbox 1277 1137 1443 1219; x_wconf 84' lang='lat' dir='ltr'>Oxheem,</span> <span class='ocrx_word' id='word_1_35' title='bbox 1471 1140 1553 1205; x_wconf 88' lang='lat' dir='ltr'>alias</span> <span class='ocrx_word' id='word_1_36' title='bbox 1578 1138 1621 1204; x_wconf 94' lang='lat' dir='ltr'>de</span> <span class='ocrx_word' id='word_1_37' title='bbox 1648 1139 1784 1221; x_wconf 87' lang='lat' dir='ltr'>Palude,</span> 
     </span>
     <span class='ocr_line' id='line_1_5' title="bbox 445 1241 1785 1329; baseline 0.001 -22"><span class='ocrx_word' id='word_1_38' title='bbox 445 1243 590 1327; x_wconf 89' lang='lat' dir='ltr'>quondam</span> <span class='ocrx_word' id='word_1_39' title='bbox 615 1243 719 1329; x_wconf 89' lang='lat' dir='ltr'>ipsius</span> <span class='ocrx_word' id='word_1_40' title='bbox 742 1242 863 1329; x_wconf 90' lang='lat' dir='ltr'>capell.</span> <span class='ocrx_word' id='word_1_41' title='bbox 888 1241 997 1307; x_wconf 91' lang='lat' dir='ltr'>ultimi</span> <span class='ocrx_word' id='word_1_42' title='bbox 1019 1241 1194 1327; x_wconf 87' lang='lat' dir='ltr'>capellani,</span> <span class='ocrx_word' id='word_1_43' title='bbox 1218 1241 1274 1324; x_wconf 93' lang='lat' dir='ltr'>qui</span> <span class='ocrx_word' id='word_1_44' title='bbox 1299 1241 1339 1306; x_wconf 51' lang='lat' dir='ltr'>in¹</span> <span class='ocrx_word' id='word_1_45' title='bbox 1355 1262 1422 1307; x_wconf 92' lang='lat' dir='ltr'>cur.</span> <span class='ocrx_word' id='word_1_46' title='bbox 1443 1241 1533 1307; x_wconf 92' lang='lat' dir='ltr'>diem</span> <span class='ocrx_word' id='word_1_47' title='bbox 1554 1264 1649 1308; x_wconf 92' lang='lat' dir='ltr'>suum</span> <span class='ocrx_word' id='word_1_48' title='bbox 1665 1244 1785 1309; x_wconf 91' lang='lat' dir='ltr'>clausit</span> 
     </span>
     <span class='ocr_line' id='line_1_6' title="bbox 444 1343 1782 1432; baseline 0.001 -23"><span class='ocrx_word' id='word_1_49' title='bbox 444 1354 619 1429; x_wconf 81' lang='lat' dir='ltr'>extremum,</span> <span class='ocrx_word' id='word_1_50' title='bbox 644 1346 756 1412; x_wconf 91' lang='lat' dir='ltr'>eidem</span> <span class='ocrx_word' id='word_1_51' title='bbox 782 1344 960 1432; x_wconf 90' lang='lat' dir='ltr'>Baldoyno</span> <span class='ocrx_word' id='word_1_52' title='bbox 982 1344 1165 1430; x_wconf 86' lang='lat' dir='ltr'>dignemini</span> <span class='ocrx_word' id='word_1_53' title='bbox 1186 1343 1384 1431; x_wconf 90' lang='lat' dir='ltr'>providere;</span> <span class='ocrx_word' id='word_1_54' title='bbox 1401 1366 1470 1412; x_wconf 91' lang='lat' dir='ltr'>non</span> <span class='ocrx_word' id='word_1_55' title='bbox 1486 1350 1572 1412; x_wconf 89' lang='lat' dir='ltr'>obst.</span> <span class='ocrx_word' id='word_1_56' title='bbox 1589 1346 1679 1431; x_wconf 89' lang='lat' dir='ltr'>quod</span> <span class='ocrx_word' id='word_1_57' title='bbox 1695 1347 1782 1413; x_wconf 92' lang='lat' dir='ltr'>idem</span> 
     </span>
     <span class='ocr_line' id='line_1_7' title="bbox 444 1445 1783 1536; baseline 0.001 -22"><span class='ocrx_word' id='word_1_58' title='bbox 444 1446 616 1536; x_wconf 80' lang='lat' dir='ltr'>Baldoynus</span> <span class='ocrx_word' id='word_1_59' title='bbox 640 1449 796 1536; x_wconf 90' lang='lat' dir='ltr'>parroch.</span> <span class='ocrx_word' id='word_1_60' title='bbox 823 1449 906 1515; x_wconf 90' lang='lat' dir='ltr'>eccl.</span> <span class='ocrx_word' id='word_1_61' title='bbox 930 1447 973 1515; x_wconf 95' lang='lat' dir='ltr'>de</span> <span class='ocrx_word' id='word_1_62' title='bbox 997 1447 1185 1529; x_wconf 86' lang='lat' dir='ltr'>Wonnout,</span> <span class='ocrx_word' id='word_1_63' title='bbox 1209 1445 1377 1514; x_wconf 86' lang='lat' dir='ltr'>Morinen.</span> <span class='ocrx_word' id='word_1_64' title='bbox 1393 1448 1491 1530; x_wconf 78' lang='lat' dir='ltr'>dioc,</span> <span class='ocrx_word' id='word_1_65' title='bbox 1506 1450 1549 1515; x_wconf 95' lang='lat' dir='ltr'>de</span> <span class='ocrx_word' id='word_1_66' title='bbox 1566 1470 1632 1535; x_wconf 90' lang='lat' dir='ltr'>qua</span> <span class='ocrx_word' id='word_1_67' title='bbox 1648 1450 1783 1535; x_wconf 90' lang='lat' dir='ltr'>quidem</span> 
     </span>
     <span class='ocr_line' id='line_1_8' title="bbox 444 1551 1783 1640; baseline 0.002 -22"><span class='ocrx_word' id='word_1_68' title='bbox 444 1555 515 1635; x_wconf 83' lang='lat' dir='ltr'>eccl,</span> <span class='ocrx_word' id='word_1_69' title='bbox 529 1561 668 1640; x_wconf 92' lang='lat' dir='ltr'>propter</span> <span class='ocrx_word' id='word_1_70' title='bbox 681 1572 817 1638; x_wconf 86' lang='lat' dir='ltr'>guerras</span> <span class='ocrx_word' id='word_1_71' title='bbox 829 1551 953 1618; x_wconf 89' lang='lat' dir='ltr'>ibidem</span> <span class='ocrx_word' id='word_1_72' title='bbox 963 1551 1156 1633; x_wconf 85' lang='lat' dir='ltr'>existentes,</span> <span class='ocrx_word' id='word_1_73' title='bbox 1169 1551 1309 1617; x_wconf 92' lang='lat' dir='ltr'>minime</span> <span class='ocrx_word' id='word_1_74' title='bbox 1317 1552 1451 1637; x_wconf 84' lang='lat' dir='ltr'>gaudet,</span> <span class='ocrx_word' id='word_1_75' title='bbox 1463 1554 1612 1619; x_wconf 89' lang='lat' dir='ltr'>noscitur</span> <span class='ocrx_word' id='word_1_76' title='bbox 1622 1554 1783 1621; x_wconf 88' lang='lat' dir='ltr'>obtinere.</span> 
     </span>
     <span class='ocr_line' id='line_1_9' title="bbox 443 1654 643 1723; baseline 0 -2"><span class='ocrx_word' id='word_1_77' title='bbox 443 1654 557 1722; x_wconf 87' lang='lat' dir='ltr'>—Fiat</span> <span class='ocrx_word' id='word_1_78' title='bbox 574 1655 615 1723; x_wconf 93' lang='lat' dir='ltr'>R.</span> <span class='ocrx_word' id='word_1_79' title='bbox 639 1666 643 1674; x_wconf 87' lang='lat'>&#39;</span> 
     </span>
     <span class='ocr_line' id='line_1_10' title="bbox 470 1758 1208 1848; baseline 0 -23"><span class='ocrx_word' id='word_1_80' title='bbox 470 1758 542 1825; x_wconf 81' lang='lat' dir='ltr'>Dat.</span> <span class='ocrx_word' id='word_1_81' title='bbox 556 1759 659 1825; x_wconf 86' lang='lat' dir='ltr'>Avin.</span> <span class='ocrx_word' id='word_1_82' title='bbox 676 1778 694 1823; x_wconf 92' lang='lat'>2</span> <span class='ocrx_word' id='word_1_83' title='bbox 711 1779 791 1826; x_wconf 90' lang='lat' dir='ltr'>non.</span> <span class='ocrx_word' id='word_1_84' title='bbox 806 1760 886 1824; x_wconf 90' lang='lat' dir='ltr'>maii</span> <span class='ocrx_word' id='word_1_85' title='bbox 903 1767 937 1848; x_wconf 54' lang='lat' dir='ltr'>a?</span> <span class='ocrx_word' id='word_1_86' title='bbox 954 1767 996 1845; x_wconf 89' lang='lat'>5⁰.</span> <span class='ocrx_word' id='word_1_87' title='bbox 1013 1760 1085 1845; x_wconf 89' lang='lat'>(10,</span> <span class='ocrx_word' id='word_1_88' title='bbox 1105 1760 1208 1844; x_wconf 81' lang='lat'>173&#39;).</span> 
     </span>
    </p>
   </div>
   <div class='ocr_carea' id='block_1_3' title="bbox 475 1904 1740 2003">
    <p class='ocr_par' dir='ltr' id='par_1_3' title="bbox 475 1904 1740 2003">
     <span class='ocr_line' id='line_1_11' title="bbox 475 1904 1740 2003; baseline 0 -18"><span class='ocrx_word' id='word_1_89' title='bbox 475 1904 777 1990; x_wconf 87' lang='lat'>1202-1209.</span> <span class='ocrx_word' id='word_1_90' title='bbox 1513 1937 1609 2003; x_wconf 78' lang='lat'><em>1347,</em></span> <span class='ocrx_word' id='word_1_91' title='bbox 1627 1937 1646 2003; x_wconf 91' lang='lat'><em>7</em></span> <span class='ocrx_word' id='word_1_92' title='bbox 1662 1923 1740 1985; x_wconf 80' lang='lat' dir='ltr'>mai.</span> 
     </span>
    </p>
   </div>
   <div class='ocr_carea' id='block_1_4' title="bbox 428 2020 1783 2419">
    <p class='ocr_par' dir='ltr' id='par_1_4' title="bbox 432 2020 1783 2213">
     <span class='ocr_line' id='line_1_12' title="bbox 466 2020 1783 2109; baseline 0.002 -22"><span class='ocrx_word' id='word_1_93' title='bbox 466 2020 564 2109; x_wconf 87' lang='lat' dir='ltr'>Supp.</span> <span class='ocrx_word' id='word_1_94' title='bbox 578 2021 652 2089; x_wconf 79' lang='lat' dir='ltr'>SV.</span> <span class='ocrx_word' id='word_1_95' title='bbox 665 2042 828 2109; x_wconf 88' lang='lat' dir='ltr'>pauperes</span> <span class='ocrx_word' id='word_1_96' title='bbox 843 2021 954 2088; x_wconf 89' lang='lat' dir='ltr'>clerici</span> <span class='ocrx_word' id='word_1_97' title='bbox 971 2021 1181 2108; x_wconf 84' lang='lat' dir='ltr'>infrascripti,</span> <span class='ocrx_word' id='word_1_98' title='bbox 1188 2029 1278 2105; x_wconf 89' lang='lat' dir='ltr'>quat.</span> <span class='ocrx_word' id='word_1_99' title='bbox 1294 2020 1356 2088; x_wconf 90' lang='lat' dir='ltr'>sibi</span> <span class='ocrx_word' id='word_1_100' title='bbox 1368 2029 1403 2087; x_wconf 90' lang='lat' dir='ltr'>et</span> <span class='ocrx_word' id='word_1_101' title='bbox 1415 2042 1531 2088; x_wconf 89' lang='lat' dir='ltr'>eorum</span> <span class='ocrx_word' id='word_1_102' title='bbox 1546 2023 1683 2089; x_wconf 84' lang='lat' dir='ltr'>cuilibet</span> <span class='ocrx_word' id='word_1_103' title='bbox 1693 2043 1783 2109; x_wconf 88' lang='lat' dir='ltr'>spec.</span> 
     </span>
     <span class='ocr_line' id='line_1_13' title="bbox 432 2125 1159 2213; baseline 0 -22"><span class='ocrx_word' id='word_1_104' title='bbox 432 2144 466 2207; x_wconf 84' lang='lat' dir='ltr'>gr.</span> <span class='ocrx_word' id='word_1_105' title='bbox 481 2126 655 2208; x_wconf 82' lang='lat' dir='ltr'>facientes,</span> <span class='ocrx_word' id='word_1_106' title='bbox 671 2135 771 2213; x_wconf 93' lang='lat' dir='ltr'>prout</span> <span class='ocrx_word' id='word_1_107' title='bbox 786 2125 920 2191; x_wconf 83' lang='lat' dir='ltr'>Inferius</span> <span class='ocrx_word' id='word_1_108' title='bbox 935 2126 1159 2192; x_wconf 88' lang='lat' dir='ltr'>continetur...</span> 
     </span>
    </p>

    <p class='ocr_par' dir='ltr' id='par_1_5' title="bbox 428 2227 1781 2419">
     <span class='ocr_line' id='line_1_14' title="bbox 463 2227 1781 2313; baseline 0 -18"><span class='ocrx_word' id='word_1_109' title='bbox 463 2228 549 2295; x_wconf 91' lang='lat' dir='ltr'>Item</span> <span class='ocrx_word' id='word_1_110' title='bbox 566 2228 899 2313; x_wconf 88' lang='lat' dir='ltr'>Gerard0,quondam</span> <span class='ocrx_word' id='word_1_111' title='bbox 911 2227 1052 2294; x_wconf 89' lang='lat' dir='ltr'>Gerardi</span> <span class='ocrx_word' id='word_1_112' title='bbox 1061 2228 1103 2295; x_wconf 93' lang='lat' dir='ltr'>de</span> <span class='ocrx_word' id='word_1_113' title='bbox 1116 2227 1258 2309; x_wconf 88' lang='lat' dir='ltr'>Linch0,</span> <span class='ocrx_word' id='word_1_114' title='bbox 1269 2230 1347 2295; x_wconf 90' lang='lat' dir='ltr'>cler.</span> <span class='ocrx_word' id='word_1_115' title='bbox 1360 2228 1536 2296; x_wconf 92' lang='lat' dir='ltr'>Colonien.</span> <span class='ocrx_word' id='word_1_116' title='bbox 1548 2228 1636 2295; x_wconf 94' lang='lat' dir='ltr'>dioc.</span> <span class='ocrx_word' id='word_1_117' title='bbox 1646 2227 1689 2294; x_wconf 91' lang='lat' dir='ltr'>de</span> <span class='ocrx_word' id='word_1_118' title='bbox 1703 2232 1781 2295; x_wconf 90' lang='lat' dir='ltr'>ben.</span> 
     </span>
     <span class='ocr_line' id='line_1_15' title="bbox 428 2331 1683 2419; baseline 0.003 -23"><span class='ocrx_word' id='word_1_119' title='bbox 428 2352 447 2397; x_wconf 94' lang='lat' dir='ltr'>s.</span> <span class='ocrx_word' id='word_1_120' title='bbox 460 2354 488 2400; x_wconf 91' lang='lat' dir='ltr'>c.</span> <span class='ocrx_word' id='word_1_121' title='bbox 503 2333 548 2400; x_wconf 87' lang='lat' dir='ltr'>ad</span> <span class='ocrx_word' id='word_1_122' title='bbox 563 2333 652 2415; x_wconf 71' lang='lat' dir='ltr'>coll„</span> <span class='ocrx_word' id='word_1_123' title='bbox 668 2341 744 2413; x_wconf 69' lang='lat' dir='ltr'>etc„</span> <span class='ocrx_word' id='word_1_124' title='bbox 760 2332 833 2400; x_wconf 92' lang='lat' dir='ltr'>dec.</span> <span class='ocrx_word' id='word_1_125' title='bbox 849 2341 884 2397; x_wconf 94' lang='lat' dir='ltr'>et</span> <span class='ocrx_word' id='word_1_126' title='bbox 899 2352 973 2419; x_wconf 87' lang='lat' dir='ltr'>cap.</span> <span class='ocrx_word' id='word_1_127' title='bbox 988 2333 1071 2398; x_wconf 91' lang='lat' dir='ltr'>eccl.</span> <span class='ocrx_word' id='word_1_128' title='bbox 1087 2332 1119 2398; x_wconf 89' lang='lat' dir='ltr'>S.</span> <span class='ocrx_word' id='word_1_129' title='bbox 1135 2332 1226 2397; x_wconf 91' lang='lat' dir='ltr'>Petri</span> <span class='ocrx_word' id='word_1_130' title='bbox 1242 2331 1403 2415; x_wconf 88' lang='lat' dir='ltr'>Suteren.,</span> <span class='ocrx_word' id='word_1_131' title='bbox 1420 2332 1580 2399; x_wconf 88' lang='lat' dir='ltr'>Leodien.</span> <span class='ocrx_word' id='word_1_132' title='bbox 1595 2332 1683 2400; x_wconf 91' lang='lat' dir='ltr'>dioc.</span> 
     </span>
    </p>
   </div>
   <div class='ocr_carea' id='block_1_5' title="bbox 363 2476 1782 3086">
    <p class='ocr_par' dir='ltr' id='par_1_6' title="bbox 363 2476 1782 3086">
     <span class='ocr_line' id='line_1_16' title="bbox 461 2476 1782 2563; baseline -0.001 -17"><span class='ocrx_word' id='word_1_133' title='bbox 461 2485 567 2547; x_wconf 89' lang='grc'><strong>1203.</strong></span> <span class='ocrx_word' id='word_1_134' title='bbox 585 2478 674 2545; x_wconf 86' lang='lat' dir='ltr'>Item</span> <span class='ocrx_word' id='word_1_135' title='bbox 701 2477 822 2544; x_wconf 91' lang='lat' dir='ltr'>Ottoni</span> <span class='ocrx_word' id='word_1_136' title='bbox 847 2477 961 2563; x_wconf 86' lang='lat' dir='ltr'>Sigeri,</span> <span class='ocrx_word' id='word_1_137' title='bbox 978 2479 1056 2544; x_wconf 93' lang='lat' dir='ltr'>cler.</span> <span class='ocrx_word' id='word_1_138' title='bbox 1081 2476 1242 2543; x_wconf 90' lang='lat' dir='ltr'>Leodien.</span> <span class='ocrx_word' id='word_1_139' title='bbox 1269 2476 1367 2558; x_wconf 68' lang='lat' dir='ltr'>dioc„</span> <span class='ocrx_word' id='word_1_140' title='bbox 1394 2478 1437 2543; x_wconf 88' lang='lat' dir='ltr'>ad</span> <span class='ocrx_word' id='word_1_141' title='bbox 1460 2478 1547 2559; x_wconf 84' lang='lat' dir='ltr'>coll,</span> <span class='ocrx_word' id='word_1_142' title='bbox 1563 2485 1639 2559; x_wconf 69' lang='lat' dir='ltr'>etc„</span> <span class='ocrx_word' id='word_1_143' title='bbox 1655 2481 1730 2545; x_wconf 86' lang='lat' dir='ltr'>abb.</span> <span class='ocrx_word' id='word_1_144' title='bbox 1747 2487 1782 2545; x_wconf 89' lang='lat' dir='ltr'>et</span> 
     </span>
     <span class='ocr_line' id='line_1_17' title="bbox 364 2580 1781 2663; baseline 0 -15"><span class='ocrx_word' id='word_1_145' title='bbox 364 2651 366 2658; x_wconf 75' lang='grc'>,</span> <span class='ocrx_word' id='word_1_146' title='bbox 424 2603 517 2650; x_wconf 89' lang='lat' dir='ltr'>conv.</span> <span class='ocrx_word' id='word_1_147' title='bbox 533 2582 730 2650; x_wconf 89' lang='lat' dir='ltr'>monasterii</span> <span class='ocrx_word' id='word_1_148' title='bbox 746 2583 778 2649; x_wconf 93' lang='lat' dir='ltr'>S.</span> <span class='ocrx_word' id='word_1_149' title='bbox 796 2581 942 2648; x_wconf 91' lang='lat' dir='ltr'>Huberti</span> <span class='ocrx_word' id='word_1_150' title='bbox 958 2580 1001 2646; x_wconf 91' lang='lat' dir='ltr'>de</span> <span class='ocrx_word' id='word_1_151' title='bbox 1016 2580 1187 2661; x_wconf 87' lang='lat' dir='ltr'>Ardenna,</span> <span class='ocrx_word' id='word_1_152' title='bbox 1203 2581 1294 2647; x_wconf 86' lang='lat' dir='ltr'>dicte</span> <span class='ocrx_word' id='word_1_153' title='bbox 1309 2582 1406 2662; x_wconf 78' lang='lat' dir='ltr'>dioc,</span> <span class='ocrx_word' id='word_1_154' title='bbox 1423 2581 1466 2649; x_wconf 94' lang='lat' dir='ltr'>O.</span> <span class='ocrx_word' id='word_1_155' title='bbox 1483 2583 1514 2649; x_wconf 87' lang='lat' dir='ltr'>S.</span> <span class='ocrx_word' id='word_1_156' title='bbox 1531 2581 1570 2649; x_wconf 93' lang='lat' dir='ltr'>B.</span> <span class='ocrx_word' id='word_1_157' title='bbox 1584 2606 1593 2663; x_wconf 89' lang='lat'>;</span> <span class='ocrx_word' id='word_1_158' title='bbox 1609 2603 1678 2648; x_wconf 91' lang='lat' dir='ltr'>non</span> <span class='ocrx_word' id='word_1_159' title='bbox 1694 2585 1781 2648; x_wconf 92' lang='lat' dir='ltr'>obst.</span> 
     </span>
     <span class='ocr_line' id='line_1_18' title="bbox 363 2675 1782 2772; baseline -0.002 -19"><span class='ocrx_word' id='word_1_160' title='bbox 363 2675 365 2705; x_wconf 70' lang='lat'><em>&#39;</em></span> <span class='ocrx_word' id='word_1_161' title='bbox 421 2686 509 2771; x_wconf 88' lang='lat' dir='ltr'>quod</span> <span class='ocrx_word' id='word_1_162' title='bbox 540 2686 585 2752; x_wconf 90' lang='lat' dir='ltr'>ad</span> <span class='ocrx_word' id='word_1_163' title='bbox 616 2687 725 2752; x_wconf 78' lang='lat' dir='ltr'>coll...</span> <span class='ocrx_word' id='word_1_164' title='bbox 756 2688 833 2751; x_wconf 90' lang='lat' dir='ltr'>abb.</span> <span class='ocrx_word' id='word_1_165' title='bbox 867 2685 1026 2751; x_wconf 88' lang='lat' dir='ltr'>secularis</span> <span class='ocrx_word' id='word_1_166' title='bbox 1057 2687 1139 2751; x_wconf 91' lang='lat' dir='ltr'>eccl.</span> <span class='ocrx_word' id='word_1_167' title='bbox 1171 2684 1203 2750; x_wconf 88' lang='lat' dir='ltr'>S.</span> <span class='ocrx_word' id='word_1_168' title='bbox 1229 2684 1420 2751; x_wconf 90' lang='lat' dir='ltr'>Theodardi</span> <span class='ocrx_word' id='word_1_169' title='bbox 1444 2686 1692 2771; x_wconf 86' lang='lat' dir='ltr'>Tudin(iensis)</span> <span class='ocrx_word' id='word_1_170' title='bbox 1722 2706 1782 2772; x_wconf 90' lang='lat' dir='ltr'>per</span> 
     </span>
     <span class='ocr_line' id='line_1_19' title="bbox 418 2788 1782 2875; baseline -0.001 -20"><span class='ocrx_word' id='word_1_171' title='bbox 418 2800 545 2858; x_wconf 78' lang='lat' dir='ltr'>vestras</span> <span class='ocrx_word' id='word_1_172' title='bbox 560 2792 689 2856; x_wconf 86' lang='lat' dir='ltr'>litteras</span> <span class='ocrx_word' id='word_1_173' title='bbox 715 2790 749 2854; x_wconf 93' lang='lat' dir='ltr'>in</span> <span class='ocrx_word' id='word_1_174' title='bbox 775 2789 947 2856; x_wconf 90' lang='lat' dir='ltr'>communi</span> <span class='ocrx_word' id='word_1_175' title='bbox 975 2788 1080 2854; x_wconf 87' lang='lat' dir='ltr'>forma</span> <span class='ocrx_word' id='word_1_176' title='bbox 1105 2788 1255 2855; x_wconf 90' lang='lat' dir='ltr'>noscitur</span> <span class='ocrx_word' id='word_1_177' title='bbox 1279 2796 1459 2873; x_wconf 85' lang='lat' dir='ltr'>expectare</span> <span class='ocrx_word' id='word_1_178' title='bbox 1471 2811 1480 2869; x_wconf 90' lang='lat'>;</span> <span class='ocrx_word' id='word_1_179' title='bbox 1507 2790 1559 2856; x_wconf 92' lang='lat' dir='ltr'>cui</span> <span class='ocrx_word' id='word_1_180' title='bbox 1578 2799 1715 2875; x_wconf 89' lang='lat' dir='ltr'>paratus</span> <span class='ocrx_word' id='word_1_181' title='bbox 1730 2798 1782 2855; x_wconf 90' lang='lat' dir='ltr'>est</span> 
     </span>
     <span class='ocr_line' id='line_1_20' title="bbox 415 2891 1782 2979; baseline -0.003 -17"><span class='ocrx_word' id='word_1_182' title='bbox 415 2896 613 2961; x_wconf 88' lang='lat' dir='ltr'>renunciare</span> <span class='ocrx_word' id='word_1_183' title='bbox 625 2915 703 2961; x_wconf 91' lang='lat' dir='ltr'>cum</span> <span class='ocrx_word' id='word_1_184' title='bbox 717 2896 794 2959; x_wconf 91' lang='lat' dir='ltr'>ben.</span> <span class='ocrx_word' id='word_1_185' title='bbox 811 2894 895 2960; x_wconf 91' lang='lat' dir='ltr'>eccl.</span> <span class='ocrx_word' id='word_1_186' title='bbox 911 2892 1035 2958; x_wconf 92' lang='lat' dir='ltr'>virtute</span> <span class='ocrx_word' id='word_1_187' title='bbox 1062 2891 1253 2977; x_wconf 86' lang='lat' dir='ltr'>hujusmodi</span> <span class='ocrx_word' id='word_1_188' title='bbox 1275 2893 1381 2977; x_wconf 87' lang='lat' dir='ltr'>gratie</span> <span class='ocrx_word' id='word_1_189' title='bbox 1406 2892 1504 2959; x_wconf 84' lang='lat' dir='ltr'>luerit</span> <span class='ocrx_word' id='word_1_190' title='bbox 1530 2893 1671 2979; x_wconf 88' lang='lat' dir='ltr'>pacifice</span> <span class='ocrx_word' id='word_1_191' title='bbox 1695 2914 1782 2958; x_wconf 91' lang='lat' dir='ltr'>asse-</span> 
     </span>
     <span class='ocr_line' id='line_1_21' title="bbox 413 3009 551 3086; baseline -0.007 -20"><span class='ocrx_word' id='word_1_192' title='bbox 413 3009 551 3086; x_wconf 88' lang='lat' dir='ltr'>quntus.</span> 
     </span>
    </p>
   </div>
   <div class='ocr_carea' id='block_1_6' title="bbox 414 3133 1781 3325">
    <p class='ocr_par' dir='ltr' id='par_1_7' title="bbox 414 3133 1781 3325">
     <span class='ocr_line' id='line_1_22' title="bbox 460 3133 1781 3215; baseline -0.004 -12"><span class='ocrx_word' id='word_1_193' title='bbox 460 3143 570 3204; x_wconf 82' lang='lat'>1204.</span> <span class='ocrx_word' id='word_1_194' title='bbox 587 3134 676 3200; x_wconf 86' lang='lat' dir='ltr'>Item</span> <span class='ocrx_word' id='word_1_195' title='bbox 701 3133 849 3212; x_wconf 88' lang='lat' dir='ltr'>Johanni</span> <span class='ocrx_word' id='word_1_196' title='bbox 874 3134 917 3200; x_wconf 93' lang='lat' dir='ltr'>de</span> <span class='ocrx_word' id='word_1_197' title='bbox 941 3134 1086 3215; x_wconf 91' lang='lat' dir='ltr'>Hutens,</span> <span class='ocrx_word' id='word_1_198' title='bbox 1113 3137 1191 3202; x_wconf 90' lang='lat' dir='ltr'>cler.</span> <span class='ocrx_word' id='word_1_199' title='bbox 1216 3134 1376 3200; x_wconf 76' lang='lat' dir='ltr'>leodien.</span> <span class='ocrx_word' id='word_1_200' title='bbox 1400 3134 1497 3215; x_wconf 85' lang='lat' dir='ltr'>dioc,</span> <span class='ocrx_word' id='word_1_201' title='bbox 1523 3134 1566 3200; x_wconf 89' lang='lat' dir='ltr'>ad</span> <span class='ocrx_word' id='word_1_202' title='bbox 1592 3135 1679 3215; x_wconf 85' lang='lat' dir='ltr'>coll,</span> <span class='ocrx_word' id='word_1_203' title='bbox 1705 3143 1781 3215; x_wconf 70' lang='lat' dir='ltr'>etc„</span> 
     </span>
     <span class='ocr_line' id='line_1_23' title="bbox 414 3239 1051 3325; baseline 0 -19"><span class='ocrx_word' id='word_1_204' title='bbox 414 3241 569 3306; x_wconf 77' lang='lat' dir='ltr'>investiti</span> <span class='ocrx_word' id='word_1_205' title='bbox 582 3241 625 3306; x_wconf 95' lang='lat' dir='ltr'>de</span> <span class='ocrx_word' id='word_1_206' title='bbox 641 3239 845 3325; x_wconf 88' lang='lat' dir='ltr'>Comptheo,</span> <span class='ocrx_word' id='word_1_207' title='bbox 862 3239 951 3305; x_wconf 90' lang='lat' dir='ltr'>dicte</span> <span class='ocrx_word' id='word_1_208' title='bbox 964 3240 1051 3306; x_wconf 91' lang='lat' dir='ltr'>dioc.</span> 
     </span>
    </p>
   </div>
   <div class='ocr_carea' id='block_1_7' title="bbox 409 3377 1781 3566">
    <p class='ocr_par' dir='ltr' id='par_1_8' title="bbox 409 3377 1781 3566">
     <span class='ocr_line' id='line_1_24' title="bbox 460 3377 1781 3464; baseline -0.001 -20"><span class='ocrx_word' id='word_1_209' title='bbox 460 3385 566 3445; x_wconf 89' lang='grc'><strong>1205.</strong></span> <span class='ocrx_word' id='word_1_210' title='bbox 586 3377 674 3443; x_wconf 90' lang='lat' dir='ltr'>Item</span> <span class='ocrx_word' id='word_1_211' title='bbox 691 3377 874 3444; x_wconf 90' lang='lat' dir='ltr'>Lamberto</span> <span class='ocrx_word' id='word_1_212' title='bbox 891 3377 1040 3464; x_wconf 86' lang='lat' dir='ltr'>Nykolai</span> <span class='ocrx_word' id='word_1_213' title='bbox 1066 3379 1207 3461; x_wconf 88' lang='lat' dir='ltr'>Sarasin,</span> <span class='ocrx_word' id='word_1_214' title='bbox 1234 3378 1394 3445; x_wconf 90' lang='lat' dir='ltr'>Leodien.</span> <span class='ocrx_word' id='word_1_215' title='bbox 1411 3379 1509 3460; x_wconf 73' lang='lat' dir='ltr'>dioc,</span> <span class='ocrx_word' id='word_1_216' title='bbox 1534 3379 1576 3444; x_wconf 88' lang='lat' dir='ltr'>ad</span> <span class='ocrx_word' id='word_1_217' title='bbox 1603 3380 1689 3460; x_wconf 83' lang='lat' dir='ltr'>coll,</span> <span class='ocrx_word' id='word_1_218' title='bbox 1707 3387 1781 3459; x_wconf 78' lang='lat' dir='ltr'>etc,</span> 
     </span>
     <span class='ocr_line' id='line_1_25' title="bbox 409 3481 1070 3566; baseline 0.002 -19"><span class='ocrx_word' id='word_1_219' title='bbox 409 3481 491 3547; x_wconf 89' lang='lat' dir='ltr'>dec.</span> <span class='ocrx_word' id='word_1_220' title='bbox 509 3489 544 3545; x_wconf 83' lang='lat' dir='ltr'>et</span> <span class='ocrx_word' id='word_1_221' title='bbox 559 3501 636 3566; x_wconf 89' lang='lat' dir='ltr'>cap.</span> <span class='ocrx_word' id='word_1_222' title='bbox 650 3481 732 3547; x_wconf 90' lang='lat' dir='ltr'>eccl.</span> <span class='ocrx_word' id='word_1_223' title='bbox 749 3482 781 3548; x_wconf 85' lang='lat' dir='ltr'>S.</span> <span class='ocrx_word' id='word_1_224' title='bbox 799 3482 892 3547; x_wconf 93' lang='lat' dir='ltr'>Pauli</span> <span class='ocrx_word' id='word_1_225' title='bbox 909 3481 1070 3548; x_wconf 89' lang='lat' dir='ltr'>Leodien.</span> 
     </span>
    </p>
   </div>
   <div class='ocr_carea' id='block_1_8' title="bbox 412 3617 1782 3804">
    <p class='ocr_par' dir='ltr' id='par_1_9' title="bbox 412 3617 1782 3804">
     <span class='ocr_line' id='line_1_26' title="bbox 461 3617 1782 3702; baseline 0.002 -19"><span class='ocrx_word' id='word_1_226' title='bbox 461 3626 566 3686; x_wconf 88' lang='lat'>1206.</span> <span class='ocrx_word' id='word_1_227' title='bbox 586 3618 675 3684; x_wconf 90' lang='lat' dir='ltr'>Item</span> <span class='ocrx_word' id='word_1_228' title='bbox 701 3617 850 3697; x_wconf 84' lang='lat' dir='ltr'>Jolranni</span> <span class='ocrx_word' id='word_1_229' title='bbox 875 3619 916 3685; x_wconf 95' lang='lat' dir='ltr'>de</span> <span class='ocrx_word' id='word_1_230' title='bbox 944 3619 1101 3702; x_wconf 86' lang='lat' dir='ltr'>Bacourt,</span> <span class='ocrx_word' id='word_1_231' title='bbox 1118 3622 1195 3687; x_wconf 89' lang='lat' dir='ltr'>cler.</span> <span class='ocrx_word' id='word_1_232' title='bbox 1222 3618 1381 3687; x_wconf 90' lang='lat' dir='ltr'>Leodien.</span> <span class='ocrx_word' id='word_1_233' title='bbox 1408 3621 1505 3702; x_wconf 65' lang='lat' dir='ltr'>dioc„</span> <span class='ocrx_word' id='word_1_234' title='bbox 1530 3621 1573 3685; x_wconf 92' lang='lat' dir='ltr'>ad</span> <span class='ocrx_word' id='word_1_235' title='bbox 1598 3623 1684 3701; x_wconf 87' lang='lat' dir='ltr'>coll,</span> <span class='ocrx_word' id='word_1_236' title='bbox 1708 3628 1782 3701; x_wconf 83' lang='lat' dir='ltr'>etc,</span> 
     </span>
     <span class='ocr_line' id='line_1_27' title="bbox 412 3722 1066 3804; baseline 0.006 -18"><span class='ocrx_word' id='word_1_237' title='bbox 412 3723 449 3787; x_wconf 89' lang='lat' dir='ltr'>S.</span> <span class='ocrx_word' id='word_1_238' title='bbox 466 3723 590 3788; x_wconf 86' lang='lat' dir='ltr'>Albani</span> <span class='ocrx_word' id='word_1_239' title='bbox 609 3722 858 3804; x_wconf 86' lang='lat' dir='ltr'>Namurcensis,</span> <span class='ocrx_word' id='word_1_240' title='bbox 874 3723 963 3789; x_wconf 87' lang='lat' dir='ltr'>dicte</span> <span class='ocrx_word' id='word_1_241' title='bbox 979 3724 1066 3790; x_wconf 90' lang='lat' dir='ltr'>dioc.</span> 
     </span>
    </p>
   </div>
   <div class='ocr_carea' id='block_1_9' title="bbox 462 3857 1781 3942">
    <p class='ocr_par' dir='ltr' id='par_1_10' title="bbox 462 3857 1781 3942">
     <span class='ocr_line' id='line_1_28' title="bbox 462 3857 1781 3942; baseline 0.001 -18"><span class='ocrx_word' id='word_1_242' title='bbox 462 3865 567 3926; x_wconf 88' lang='lat'>1207.</span> <span class='ocrx_word' id='word_1_243' title='bbox 586 3857 674 3923; x_wconf 89' lang='lat' dir='ltr'>Item</span> <span class='ocrx_word' id='word_1_244' title='bbox 693 3860 843 3927; x_wconf 89' lang='lat' dir='ltr'>Henrico</span> <span class='ocrx_word' id='word_1_245' title='bbox 858 3862 900 3927; x_wconf 93' lang='lat' dir='ltr'>de</span> <span class='ocrx_word' id='word_1_246' title='bbox 916 3864 1133 3942; x_wconf 86' lang='lat' dir='ltr'>Albomonte‚</span> <span class='ocrx_word' id='word_1_247' title='bbox 1151 3864 1228 3927; x_wconf 95' lang='lat' dir='ltr'>cler.</span> <span class='ocrx_word' id='word_1_248' title='bbox 1246 3860 1405 3927; x_wconf 91' lang='lat' dir='ltr'>Leodien.</span> <span class='ocrx_word' id='word_1_249' title='bbox 1421 3862 1518 3941; x_wconf 68' lang='lat' dir='ltr'>dioc„</span> <span class='ocrx_word' id='word_1_250' title='bbox 1535 3864 1607 3927; x_wconf 92' lang='lat' dir='ltr'>bae.</span> <span class='ocrx_word' id='word_1_251' title='bbox 1625 3862 1659 3926; x_wconf 92' lang='lat' dir='ltr'>in</span> <span class='ocrx_word' id='word_1_252' title='bbox 1683 3861 1781 3941; x_wconf 66' lang='lat' dir='ltr'>med„</span> 
     </span>
    </p>
   </div>
   <div class='ocr_carea' id='block_1_10' title="bbox 413 3962 1781 4133">
    <p class='ocr_par' dir='ltr' id='par_1_11' title="bbox 413 3962 1781 4133">
     <span class='ocr_line' id='line_1_29' title="bbox 413 3962 1781 4051; baseline 0.001 -24"><span class='ocrx_word' id='word_1_253' title='bbox 413 3963 461 4027; x_wconf 90' lang='lat' dir='ltr'>ad</span> <span class='ocrx_word' id='word_1_254' title='bbox 478 3964 567 4043; x_wconf 85' lang='lat' dir='ltr'>coll,</span> <span class='ocrx_word' id='word_1_255' title='bbox 585 3974 661 4047; x_wconf 66' lang='lat' dir='ltr'>etc„</span> <span class='ocrx_word' id='word_1_256' title='bbox 678 3968 795 4031; x_wconf 84' lang='lat' dir='ltr'>abbet</span> <span class='ocrx_word' id='word_1_257' title='bbox 811 3987 910 4032; x_wconf 84' lang='lat' dir='ltr'>conv.</span> <span class='ocrx_word' id='word_1_258' title='bbox 925 3967 1119 4032; x_wconf 87' lang='lat' dir='ltr'>monasterii</span> <span class='ocrx_word' id='word_1_259' title='bbox 1131 3967 1162 4031; x_wconf 87' lang='lat' dir='ltr'>S.</span> <span class='ocrx_word' id='word_1_260' title='bbox 1179 3965 1351 4031; x_wconf 87' lang='lat' dir='ltr'>Laurentii</span> <span class='ocrx_word' id='word_1_261' title='bbox 1368 3986 1473 4051; x_wconf 89' lang='lat' dir='ltr'>prope</span> <span class='ocrx_word' id='word_1_262' title='bbox 1483 3985 1595 4029; x_wconf 88' lang='lat' dir='ltr'>muros</span> <span class='ocrx_word' id='word_1_263' title='bbox 1612 3962 1781 4044; x_wconf 87' lang='lat' dir='ltr'>Leodien.,</span> 
     </span>
     <span class='ocr_line' id='line_1_30' title="bbox 414 4066 568 4133; baseline 0.013 -2"><span class='ocrx_word' id='word_1_264' title='bbox 414 4067 461 4132; x_wconf 94' lang='grc' dir='ltr'>Ο.</span> <span class='ocrx_word' id='word_1_265' title='bbox 479 4066 512 4132; x_wconf 90' lang='lat' dir='ltr'>S.</span> <span class='ocrx_word' id='word_1_266' title='bbox 529 4066 568 4133; x_wconf 91' lang='lat' dir='ltr'>B.</span> 
     </span>
    </p>
   </div>
   <div class='ocr_carea' id='block_1_11' title="bbox 414 4202 1782 4396">
    <p class='ocr_par' dir='ltr' id='par_1_12' title="bbox 414 4202 1782 4396">
     <span class='ocr_line' id='line_1_31' title="bbox 463 4202 1782 4289; baseline 0.003 -21"><span class='ocrx_word' id='word_1_267' title='bbox 463 4209 568 4271; x_wconf 90' lang='grc'><strong>1208.</strong></span> <span class='ocrx_word' id='word_1_268' title='bbox 587 4202 676 4269; x_wconf 90' lang='lat' dir='ltr'>Item</span> <span class='ocrx_word' id='word_1_269' title='bbox 699 4204 849 4273; x_wconf 89' lang='lat' dir='ltr'>Henrico</span> <span class='ocrx_word' id='word_1_270' title='bbox 865 4207 1038 4287; x_wconf 82' lang='lat' dir='ltr'>Ludovici,</span> <span class='ocrx_word' id='word_1_271' title='bbox 1056 4209 1133 4273; x_wconf 89' lang='lat' dir='ltr'>cler.</span> <span class='ocrx_word' id='word_1_272' title='bbox 1149 4205 1310 4272; x_wconf 87' lang='lat' dir='ltr'>Leodien.</span> <span class='ocrx_word' id='word_1_273' title='bbox 1327 4207 1425 4289; x_wconf 78' lang='lat' dir='ltr'>dioc,</span> <span class='ocrx_word' id='word_1_274' title='bbox 1448 4206 1491 4272; x_wconf 89' lang='lat' dir='ltr'>ad</span> <span class='ocrx_word' id='word_1_275' title='bbox 1515 4206 1601 4286; x_wconf 85' lang='lat' dir='ltr'>coll,</span> <span class='ocrx_word' id='word_1_276' title='bbox 1618 4214 1693 4285; x_wconf 79' lang='lat' dir='ltr'>etc,</span> <span class='ocrx_word' id='word_1_277' title='bbox 1710 4206 1782 4272; x_wconf 88' lang='lat' dir='ltr'>dec.</span> 
     </span>
     <span class='ocr_line' id='line_1_32' title="bbox 414 4307 1206 4396; baseline 0.008 -26"><span class='ocrx_word' id='word_1_278' title='bbox 414 4314 452 4371; x_wconf 87' lang='lat' dir='ltr'>et</span> <span class='ocrx_word' id='word_1_279' title='bbox 470 4326 546 4392; x_wconf 88' lang='lat' dir='ltr'>cap.</span> <span class='ocrx_word' id='word_1_280' title='bbox 563 4308 647 4373; x_wconf 88' lang='lat' dir='ltr'>ecel.</span> <span class='ocrx_word' id='word_1_281' title='bbox 664 4307 702 4374; x_wconf 91' lang='lat' dir='ltr'>B.</span> <span class='ocrx_word' id='word_1_282' title='bbox 720 4307 769 4376; x_wconf 91' lang='lat' dir='ltr'>M.</span> <span class='ocrx_word' id='word_1_283' title='bbox 785 4310 997 4396; x_wconf 86' lang='lat' dir='ltr'>Tongrensis,</span> <span class='ocrx_word' id='word_1_284' title='bbox 1014 4311 1103 4375; x_wconf 88' lang='lat' dir='ltr'>dicte</span> <span class='ocrx_word' id='word_1_285' title='bbox 1119 4311 1206 4376; x_wconf 92' lang='lat' dir='ltr'>dioc.</span> 
     </span>
    </p>
   </div>
   <div class='ocr_carea' id='block_1_12' title="bbox 414 4434 1782 5272">
    <p class='ocr_par' dir='ltr' id='par_1_13' title="bbox 414 4434 1782 5060">
     <span class='ocr_line' id='line_1_33' title="bbox 461 4434 1781 4542; baseline 0.004 -25"><span class='ocrx_word' id='word_1_286' title='bbox 461 4458 567 4521; x_wconf 84' lang='lat'>1209.</span> <span class='ocrx_word' id='word_1_287' title='bbox 587 4452 674 4519; x_wconf 91' lang='lat' dir='ltr'>Item</span> <span class='ocrx_word' id='word_1_288' title='bbox 690 4434 848 4537; x_wconf 84' lang='lat' dir='ltr'>Johanni,</span> <span class='ocrx_word' id='word_1_289' title='bbox 875 4458 945 4523; x_wconf 87' lang='lat' dir='ltr'>filio</span> <span class='ocrx_word' id='word_1_290' title='bbox 969 4457 1135 4535; x_wconf 88' lang='lat' dir='ltr'>Johannis</span> <span class='ocrx_word' id='word_1_291' title='bbox 1162 4458 1298 4542; x_wconf 81' lang='lat' dir='ltr'>Proper,</span> <span class='ocrx_word' id='word_1_292' title='bbox 1316 4459 1393 4522; x_wconf 91' lang='lat' dir='ltr'>cler.</span> <span class='ocrx_word' id='word_1_293' title='bbox 1409 4457 1597 4542; x_wconf 87' lang='lat' dir='ltr'>Trajecten.</span> <span class='ocrx_word' id='word_1_294' title='bbox 1614 4457 1711 4536; x_wconf 77' lang='lat' dir='ltr'>dioc,</span> <span class='ocrx_word' id='word_1_295' title='bbox 1729 4458 1781 4522; x_wconf 91' lang='lat' dir='ltr'>lic.</span> 
     </span>
     <span class='ocr_line' id='line_1_34' title="bbox 417 4557 1782 4641; baseline 0.005 -22"><span class='ocrx_word' id='word_1_296' title='bbox 417 4557 451 4620; x_wconf 94' lang='lat' dir='ltr'>in</span> <span class='ocrx_word' id='word_1_297' title='bbox 468 4565 542 4636; x_wconf 68' lang='lat' dir='ltr'>art„</span> <span class='ocrx_word' id='word_1_298' title='bbox 560 4558 603 4622; x_wconf 89' lang='lat' dir='ltr'>ad</span> <span class='ocrx_word' id='word_1_299' title='bbox 620 4559 706 4634; x_wconf 86' lang='lat' dir='ltr'>coll,</span> <span class='ocrx_word' id='word_1_300' title='bbox 723 4569 796 4640; x_wconf 82' lang='lat' dir='ltr'>ete,</span> <span class='ocrx_word' id='word_1_301' title='bbox 813 4564 888 4627; x_wconf 92' lang='lat' dir='ltr'>abb.</span> <span class='ocrx_word' id='word_1_302' title='bbox 905 4570 939 4626; x_wconf 92' lang='lat' dir='ltr'>et</span> <span class='ocrx_word' id='word_1_303' title='bbox 956 4582 1054 4626; x_wconf 87' lang='lat' dir='ltr'>conv.</span> <span class='ocrx_word' id='word_1_304' title='bbox 1071 4562 1265 4626; x_wconf 87' lang='lat' dir='ltr'>monasterii</span> <span class='ocrx_word' id='word_1_305' title='bbox 1283 4562 1314 4626; x_wconf 88' lang='lat' dir='ltr'>S.</span> <span class='ocrx_word' id='word_1_306' title='bbox 1332 4561 1508 4641; x_wconf 66' lang='lat' dir='ltr'>&#39;lrudonis</span> <span class='ocrx_word' id='word_1_307' title='bbox 1526 4561 1567 4627; x_wconf 90' lang='grc' dir='ltr'>Ο.</span> <span class='ocrx_word' id='word_1_308' title='bbox 1585 4562 1615 4626; x_wconf 79' lang='lat' dir='ltr'>S.</span> <span class='ocrx_word' id='word_1_309' title='bbox 1630 4562 1678 4641; x_wconf 70' lang='lat' dir='ltr'>B„</span> <span class='ocrx_word' id='word_1_310' title='bbox 1696 4561 1782 4626; x_wconf 90' lang='lat' dir='ltr'>Leo·</span> 
     </span>
     <span class='ocr_line' id='line_1_35' title="bbox 414 4659 1781 4750; baseline 0.006 -28"><span class='ocrx_word' id='word_1_311' title='bbox 414 4659 508 4724; x_wconf 89' lang='lat' dir='ltr'>dien.</span> <span class='ocrx_word' id='word_1_312' title='bbox 523 4660 611 4725; x_wconf 90' lang='lat' dir='ltr'>dioc.</span> <span class='ocrx_word' id='word_1_313' title='bbox 627 4683 635 4740; x_wconf 94' lang='lat'>;</span> <span class='ocrx_word' id='word_1_314' title='bbox 653 4682 720 4727; x_wconf 92' lang='lat' dir='ltr'>non</span> <span class='ocrx_word' id='word_1_315' title='bbox 735 4666 820 4728; x_wconf 91' lang='lat' dir='ltr'>obst.</span> <span class='ocrx_word' id='word_1_316' title='bbox 838 4665 926 4748; x_wconf 89' lang='lat' dir='ltr'>quod</span> <span class='ocrx_word' id='word_1_317' title='bbox 943 4665 987 4729; x_wconf 88' lang='lat' dir='ltr'>ad</span> <span class='ocrx_word' id='word_1_318' title='bbox 1003 4666 1100 4731; x_wconf 90' lang='lat' dir='ltr'>coll...</span> <span class='ocrx_word' id='word_1_319' title='bbox 1117 4664 1190 4729; x_wconf 90' lang='lat' dir='ltr'>dec.</span> <span class='ocrx_word' id='word_1_320' title='bbox 1202 4672 1236 4728; x_wconf 91' lang='lat' dir='ltr'>et</span> <span class='ocrx_word' id='word_1_321' title='bbox 1252 4686 1325 4750; x_wconf 91' lang='lat' dir='ltr'>cap.</span> <span class='ocrx_word' id='word_1_322' title='bbox 1343 4667 1424 4730; x_wconf 92' lang='lat' dir='ltr'>eccl.</span> <span class='ocrx_word' id='word_1_323' title='bbox 1442 4666 1472 4731; x_wconf 90' lang='lat' dir='ltr'>S.</span> <span class='ocrx_word' id='word_1_324' title='bbox 1490 4666 1579 4730; x_wconf 87' lang='lat' dir='ltr'>Petri</span> <span class='ocrx_word' id='word_1_325' title='bbox 1593 4665 1781 4750; x_wconf 87' lang='lat' dir='ltr'>Trajecten.</span> 
     </span>
     <span class='ocr_line' id='line_1_36' title="bbox 417 4765 1781 4854; baseline 0.005 -27"><span class='ocrx_word' id='word_1_326' title='bbox 417 4767 497 4827; x_wconf 90' lang='lat' dir='ltr'>ben.</span> <span class='ocrx_word' id='word_1_327' title='bbox 513 4784 538 4829; x_wconf 92' lang='lat' dir='ltr'>s.</span> <span class='ocrx_word' id='word_1_328' title='bbox 555 4786 584 4829; x_wconf 92' lang='lat' dir='ltr'>c.</span> <span class='ocrx_word' id='word_1_329' title='bbox 602 4765 635 4828; x_wconf 93' lang='lat' dir='ltr'>in</span> <span class='ocrx_word' id='word_1_330' title='bbox 653 4766 758 4831; x_wconf 81' lang='lat' dir='ltr'>forma</span> <span class='ocrx_word' id='word_1_331' title='bbox 773 4770 942 4833; x_wconf 88' lang='lat' dir='ltr'>communi</span> <span class='ocrx_word' id='word_1_332' title='bbox 959 4791 978 4833; x_wconf 88' lang='lat' dir='ltr'>a</span> <span class='ocrx_word' id='word_1_333' title='bbox 1002 4770 1032 4834; x_wconf 88' lang='lat' dir='ltr'>S.</span> <span class='ocrx_word' id='word_1_334' title='bbox 1050 4769 1089 4835; x_wconf 85' lang='lat' dir='ltr'>V.</span> <span class='ocrx_word' id='word_1_335' title='bbox 1106 4770 1255 4833; x_wconf 88' lang='lat' dir='ltr'>noscitur</span> <span class='ocrx_word' id='word_1_336' title='bbox 1278 4776 1455 4852; x_wconf 85' lang='lat' dir='ltr'>expectare</span> <span class='ocrx_word' id='word_1_337' title='bbox 1471 4792 1479 4848; x_wconf 89' lang='lat'>;</span> <span class='ocrx_word' id='word_1_338' title='bbox 1498 4771 1549 4833; x_wconf 88' lang='lat' dir='ltr'>cui</span> <span class='ocrx_word' id='word_1_339' title='bbox 1566 4770 1672 4852; x_wconf 83' lang='lat' dir='ltr'>gratie</span> <span class='ocrx_word' id='word_1_340' title='bbox 1688 4791 1781 4854; x_wconf 86' lang='lat' dir='ltr'>para-</span> 
     </span>
     <span class='ocr_line' id='line_1_37' title="bbox 418 4871 1781 4960; baseline 0.004 -28"><span class='ocrx_word' id='word_1_341' title='bbox 418 4876 474 4932; x_wconf 92' lang='lat' dir='ltr'>tus</span> <span class='ocrx_word' id='word_1_342' title='bbox 490 4877 541 4933; x_wconf 91' lang='lat' dir='ltr'>est</span> <span class='ocrx_word' id='word_1_343' title='bbox 557 4871 764 4952; x_wconf 83' lang='lat' dir='ltr'>renunciare,</span> <span class='ocrx_word' id='word_1_344' title='bbox 781 4893 857 4937; x_wconf 90' lang='lat' dir='ltr'>cum</span> <span class='ocrx_word' id='word_1_345' title='bbox 873 4873 1008 4956; x_wconf 89' lang='lat' dir='ltr'>aliquod</span> <span class='ocrx_word' id='word_1_346' title='bbox 1024 4876 1099 4939; x_wconf 91' lang='lat' dir='ltr'>ben.</span> <span class='ocrx_word' id='word_1_347' title='bbox 1117 4874 1240 4938; x_wconf 79' lang='lat' dir='ltr'>virtute</span> <span class='ocrx_word' id='word_1_348' title='bbox 1256 4872 1444 4957; x_wconf 83' lang='lat' dir='ltr'>hujusmodi</span> <span class='ocrx_word' id='word_1_349' title='bbox 1461 4874 1565 4957; x_wconf 85' lang='lat' dir='ltr'>gratie</span> <span class='ocrx_word' id='word_1_350' title='bbox 1579 4873 1676 4939; x_wconf 83' lang='lat' dir='ltr'>fuerit</span> <span class='ocrx_word' id='word_1_351' title='bbox 1692 4875 1781 4960; x_wconf 89' lang='lat' dir='ltr'>paci·</span> 
     </span>
     <span class='ocr_line' id='line_1_38' title="bbox 419 4971 907 5060; baseline 0.016 -26"><span class='ocrx_word' id='word_1_352' title='bbox 419 4971 484 5036; x_wconf 88' lang='lat' dir='ltr'>fiee</span> <span class='ocrx_word' id='word_1_353' title='bbox 501 4980 709 5056; x_wconf 72' lang='lat' dir='ltr'>assequutus</span> <span class='ocrx_word' id='word_1_354' title='bbox 727 4976 799 5058; x_wconf 86' lang='lat'><strong>(10,</strong></span> <span class='ocrx_word' id='word_1_355' title='bbox 821 4979 907 5060; x_wconf 89' lang='lat'>185).</span> 
     </span>
    </p>

    <p class='ocr_par' dir='ltr' id='par_1_14' title="bbox 418 5073 1781 5272">
     <span class='ocr_line' id='line_1_39' title="bbox 465 5073 1781 5166; baseline 0.005 -27"><span class='ocrx_word' id='word_1_356' title='bbox 465 5073 541 5140; x_wconf 86' lang='lat' dir='ltr'>Fiat</span> <span class='ocrx_word' id='word_1_357' title='bbox 557 5097 619 5161; x_wconf 93' lang='lat' dir='ltr'>pro</span> <span class='ocrx_word' id='word_1_358' title='bbox 636 5077 790 5143; x_wconf 89' lang='lat' dir='ltr'>omnibns</span> <span class='ocrx_word' id='word_1_359' title='bbox 806 5080 1037 5165; x_wconf 86' lang='lat' dir='ltr'>suprascriptis</span> <span class='ocrx_word' id='word_1_360' title='bbox 1064 5103 1167 5165; x_wconf 91' lang='lat' dir='ltr'>usque</span> <span class='ocrx_word' id='word_1_361' title='bbox 1184 5089 1258 5161; x_wconf 70' lang='lat' dir='ltr'>etc„</span> <span class='ocrx_word' id='word_1_362' title='bbox 1276 5089 1310 5145; x_wconf 90' lang='lat' dir='ltr'>et</span> <span class='ocrx_word' id='word_1_363' title='bbox 1333 5081 1436 5145; x_wconf 88' lang='lat' dir='ltr'>etiam</span> <span class='ocrx_word' id='word_1_364' title='bbox 1452 5081 1493 5144; x_wconf 88' lang='lat' dir='ltr'>de</span> <span class='ocrx_word' id='word_1_365' title='bbox 1509 5081 1572 5147; x_wconf 89' lang='lat' dir='ltr'>lriis</span> <span class='ocrx_word' id='word_1_366' title='bbox 1589 5082 1643 5164; x_wconf 87' lang='lat' dir='ltr'>qui</span> <span class='ocrx_word' id='word_1_367' title='bbox 1660 5089 1781 5166; x_wconf 88' lang='lat' dir='ltr'>petunt</span> 
     </span>
     <span class='ocr_line' id='line_1_40' title="bbox 418 5177 1780 5272; baseline 0.007 -31"><span class='ocrx_word' id='word_1_368' title='bbox 418 5177 453 5243; x_wconf 92' lang='lat' dir='ltr'>in</span> <span class='ocrx_word' id='word_1_369' title='bbox 471 5180 622 5246; x_wconf 91' lang='lat' dir='ltr'>ecclesiis</span> <span class='ocrx_word' id='word_1_370' title='bbox 639 5182 822 5266; x_wconf 83' lang='lat' dir='ltr'>collegiatis</span> <span class='ocrx_word' id='word_1_371' title='bbox 838 5203 910 5250; x_wconf 89' lang='lat' dir='ltr'>can.</span> <span class='ocrx_word' id='word_1_372' title='bbox 927 5188 986 5249; x_wconf 90' lang='lat' dir='ltr'>sub</span> <span class='ocrx_word' id='word_1_373' title='bbox 1003 5206 1078 5271; x_wconf 90' lang='lat' dir='ltr'>exp.</span> <span class='ocrx_word' id='word_1_374' title='bbox 1094 5189 1208 5271; x_wconf 89' lang='lat' dir='ltr'>preb.;</span> <span class='ocrx_word' id='word_1_375' title='bbox 1226 5195 1424 5251; x_wconf 89' lang='lat' dir='ltr'>nontamen</span> <span class='ocrx_word' id='word_1_376' title='bbox 1441 5206 1501 5270; x_wconf 89' lang='lat' dir='ltr'>pro</span> <span class='ocrx_word' id='word_1_377' title='bbox 1516 5185 1579 5249; x_wconf 92' lang='lat' dir='ltr'>hiis</span> <span class='ocrx_word' id='word_1_378' title='bbox 1592 5186 1646 5268; x_wconf 89' lang='lat' dir='ltr'>qui</span> <span class='ocrx_word' id='word_1_379' title='bbox 1660 5195 1780 5272; x_wconf 87' lang='lat' dir='ltr'>petunt</span> 
     </span>
    </p>
   </div>
   <div class='ocr_carea' id='block_1_13' title="bbox 0 0 2330 6053">
    <p class='ocr_par' dir='ltr' id='par_1_15' title="bbox 0 0 2330 6053">
     <span class='ocr_line' id='line_1_41' title="bbox 0 0 2330 6053; baseline 0 0"><span class='ocrx_word' id='word_1_380' title='bbox 0 0 2330 6053; x_wconf 95' lang='lat' dir='ltr'> </span> 
     </span>
    </p>
   </div>
  </div>
 </body>
</html>
