4650 6059
902 782 991 861 1311,
1015 783 1066 846 rs
1088 782 1250 847 11011111.
1704 788 1759 852 111

406 931 475 1010 10111,
490 931 536 996 de
552 932 698 1017 antiqua
724 943 759 998 et
786 935 972 1019 approbata
999 933 1253 1013 consuetudine,
1277 933 1320 999 ad
1344 934 1531 1020 predictam
1557 938 1761 1002 abbatissam

406 1034 616 1100 dinoscuntur
639 1026 829 1122 pertinere3
846 1036 1003 1121 quodque
1019 1036 1239 1122 Gyselbertus
1258 1037 1301 1102 de
1328 1037 1432 1118 Here,
1449 1059 1522 1105 can.
1535 1041 1664 1126 prefate
1680 1042 1761 1107 eccl.

407 1140 620 1220 Assindensis,
649 1141 732 1206 eccl.
756 1141 911 1227 parroch.
937 1141 971 1205 in
996 1140 1209 1222 Holtzwilre,
1229 1150 1425 1208 consuetam
1441 1151 1573 1209 tantum
1590 1146 1763 1211 canonicis

409 1244 610 1309 Assindensis
624 1244 767 1309 ecclesie
783 1243 935 1323 conferri,
952 1245 1099 1330 pluribus
1122 1246 1194 1330 jam
1221 1246 1316 1311 annis
1343 1247 1452 1312 tenuit
1478 1249 1522 1314 ad
1537 1248 1762 1315 sacerdotium

409 1367 462 1410 uon
476 1356 668 1432 promotus
685 1348 718 1411 in
734 1368 792 1412 sue
807 1348 940 1434 proprie
955 1349 1071 1413 salutis
1086 1348 1363 1433 dampnationem
1379 1358 1413 1415 et
1429 1352 1609 1417 multarum
1636 1354 1763 1417 anima·

409 1471 466 1514 rum
490 1450 709 1536 dispendium
736 1460 771 1515 et
796 1472 987 1536 gravamen.
1015 1451 1136 1535 Quare,
1164 1459 1201 1516 ut
1227 1452 1401 1517 animabus
1430 1453 1689 1540 dampnabiliter
1715 1456 1763 1520 sic

363 1553 369 1580 ³
408 1553 547 1640 deceptis
563 1575 625 1640 per
641 1554 682 1620 V.
697 1555 729 1619 S.
746 1556 949 1637 consulatur,
960 1565 995 1619 et
1010 1576 1054 1619 ne
1070 1555 1158 1620 idern
1169 1554 1389 1641 Gyselbertus
1406 1557 1439 1621 in
1454 1557 1545 1625 dicta
1560 1561 1652 1639 0001,
1660 1580 1761 1643 quarn

364 1680 368 1684 ·
408 1657 441 1721 de
454 1656 612 1723 lacto'sic
627 1658 767 1739 detinet,
794 1667 978 1740 remaneat,
995 1659 1029 1723 in
1048 1659 1130 1743 juris
1154 1659 1338 1724 elusionem
1364 1669 1399 1725 01
1424 1660 1577 1725 Romane
1593 1659 1674 1724 eccl.
1691 1659 1763 1722 vili·

408 1761 557 1846 pendium
583 1783 625 1828 ac
641 1773 875 1849 contemptum
889 1786 897 1843 ;
914 1784 1010 1849 supp.
1027 1763 1116 1829 idern
1131 1765 1350 1848 Amelungus,
1367 1772 1457 1849 quat.
1470 1766 1530 1831 sibi
1546 1765 1589 1830 de
1616 1784 1689 1829 can.
1703 1766 1763 1828 sub

407 1887 472 1951 exp.
487 1870 584 1952 preb.
599 1869 683 1933 eccl.
698 1867 920 1947 AssindensiS,
931 1888 1064 1933 necnon
1080 1868 1122 1933 de
1137 1868 1229 1933 dicta
1244 1870 1398 1955 parroch.
1410 1871 1503 1950 eccl,
1513 1869 1539 1934 si
1556 1869 1603 1934 sic
1613 1878 1711 1935 vacat
1727 1879 1764 1934 ut

407 1970 572 2054 prefertur,
589 1972 644 2034 vel
668 1972 735 2037 alio
760 1971 880 2055 quovis
903 1971 1015 2051 modu,
1032 1971 1215 2055 dignemini
1242 1973 1439 2057 providere;
1465 1994 1533 2039 non
1561 1976 1646 2037 obst.
1673 1972 1765 2057 quod

363 2121 365 2161 ,
407 2094 471 2137 tan.
488 2084 523 2139 et
539 2076 733 2169 preb3eccl.
750 2074 934 2160 Hoyensis,
947 2074 1107 2141 Leodien.
1120 2076 1218 2157 dioc,
1235 2078 1376 2144 obtinet.
1392 2119 1435 2128 —
1459 2078 1536 2143 Fiat
1549 2077 1589 2142 R.

444 2177 523 2241 Dat.
546 2177 648 2242 Avin.
673 2201 692 2261 4
709 2199 788 2244 non.
801 2178 874 2244 dec.
891 2185 925 2243 a⁰
942 2186 985 2263 3⁰.
1001 2182 1047 2261 (7,
1061 2180 1145 2263 82').

451 2332 565 2413 769.
1393 2367 1487 2431 1344,
1505 2369 1523 2411 a
1541 2349 1719 2411 decembre.

444 2450 547 2535 Supp.
564 2449 711 2515 decanus
725 2470 765 2515 ac
780 2451 924 2515 universi
937 2460 971 2515 et
987 2451 1105 2534 singuli
1122 2450 1240 2516 fratres
1249 2450 1381 2516 concilii
1398 2448 1586 2530 Gredensis,
1603 2449 1764 2515 Leodien.

404 2553 500 2633 dioc,
517 2561 610 2637 quat.
625 2553 747 2634 Aelidi,
764 2553 831 2618 filie
846 2553 928 2620 dicti
949 2554 1097 2638 Lagaige
1123 2555 1166 2619 de
1184 2552 1342 2619 Maceriis
1367 2574 1465 2640 supra
1490 2553 1634 2635 Mosam,
1649 2554 1765 2619 relicte

402 2657 573 2741 quondam
590 2656 730 2722 Gerardi
757 2658 799 2723 de
816 2656 1015 2742 Hognieres,
1033 2657 1174 2723 Remen.
1201 2657 1299 2738 dioc,
1325 2658 1392 2723 ind.
1418 2658 1451 2721 in
1476 2659 1593 2724 mortis
1624 2658 1765 2723 articulo

401 2760 588 2826 concedere
603 2760 800 2845 dignemini.
816 2802 859 2810 -
876 2760 953 2826 Fiat
969 2762 1003 2826 in
1019 2761 1127 2826 forma
1145 2761 1185 2827 R.

448 2865 527 2929 Dat.
550 2865 651 2929 Amr.
667 2890 686 2950 4
710 2886 789 2931 non.
806 2865 879 2931 dec.
896 2875 930 2931 a⁰
948 2876 989 2950 3⁰.
1007 2870 1054 2949 (7,
1072 2869 1156 2949 881).

453 3018 570 3099 770.
1393 3052 1488 3115 1344,
1502 3033 1721 3115 jde'cembre.

444 3137 547 3222 Supp.
565 3135 728 3200 Nicolaus
744 3128 888 3214 Col'ardi,
905 3135 985 3200 dicti
1003 3135 1217 3213 Outremant,
1235 3138 1352 3221 presb,
1370 3144 1462 3218 quat.
1488 3136 1549 3199 sibi
1576 3136 1617 3200 de
1641 3148 1766 3199 canet

402 3244 493 3324 preb.
510 3240 592 3305 eccl.
611 3238 740 3303 Montis
756 3239 786 3302 S.
804 3238 986 3318 Gertrudis,
1014 3238 1175 3303 Leodien.
1192 3240 1288 3319 dioc,
1315 3261 1376 3325 per
1400 3243 1452 3304 ob.
1479 3240 1649 3323 quondam
1676 3240 1766 3305 dom.

405 3344 564 3408 Bemardi
580 3344 622 3408 de
640 3342 797 3408 Ulhoven
819 3360 837 3420 ¹,
855 3345 955 3428 ipsius
971 3345 1053 3409 eccl.
1081 3343 1212 3408 Montis
1233 3345 1264 3408 S.
1282 3344 1455 3408 Gertrudis
1472 3366 1556 3424 can,
1574 3345 1617 3410 ad
1630 3366 1767 3429 presens

407 3470 475 3512 rac.
493 3458 528 3512 et
545 3448 588 3512 ad
604 3448 856 3531 dispositionem
880 3459 1024 3512 vestram
1052 3449 1305 3532 pertinentibus,
1322 3469 1383 3532 pro
1400 3450 1546 3532 eoquod
1563 3449 1594 3513 S.
1611 3448 1651 3513 V.
1668 3449 1765 3533 ipsos,

406 3554 480 3616 dum
499 3553 610 3617 adhuc
625 3553 735 3617 dictus
748 3552 935 3617 Bemardus
951 3564 1064 3636 ageret
1087 3554 1119 3615 in
1136 3553 1301 3630 humanis,
1318 3553 1527 3637 dispositioni
1545 3554 1632 3617 sedis
1659 3563 1766 3637 apost.

407 3658 596 3732 reservarit,
613 3657 795 3739 dignemini
813 3658 987 3741 providere
1002 3681 1009 3736 ;
1027 3679 1095 3720 non
1113 3661 1199 3721 obst.
1216 3658 1305 3740 quod
1322 3657 1409 3720 idem
1429 3656 1590 3723 Nicolaus
1613 3657 1765 3739 parroclr.

408 3764 484 3826 eccl.
498 3762 540 3827 de
558 3760 669 3838 Cheri,
683 3759 878 3825 Laudunen.
892 3762 989 3839 dioc,
1007 3764 1100 3846 cujus
1117 3761 1250 3840 fructus,
1268 3770 1342 3838 etc,
1357 3782 1396 3825 20
1413 3763 1468 3825 lib.
1486 3761 1563 3825 Tur.
1580 3783 1683 3845 parv,
1701 3783 1765 3824 sec.

410 3882 469 3929 tur.
487 3866 630 3943 decime,
647 3866 794 3928 valorem
812 3885 960 3928 annuum
976 3886 1043 3928 non
1061 3864 1238 3944 excedunt,
1255 3866 1403 3929 noscitur
1427 3866 1587 3943 obtinere,
1605 3875 1661 3929 aut
1678 3864 1767 3947 quod

411 3971 539 4051 quidam
557 3965 647 4059 ipsos
663 3990 737 4033 can.
755 3979 788 4032 et
805 3972 896 4053 preb.
910 3990 968 4053 per
980 3970 1091 4053 plures
1108 3990 1239 4033 menses
1254 3969 1435 4033 detinuisse
1448 3978 1481 4032 et
1493 3969 1601 4032 adhuc
1617 3968 1766 4032 detinere

410 4073 535 4137 dicatur
550 4073 594 4138 de
610 4073 701 4137 facto
717 4083 911 4157 occupatos,
924 4115 966 4122 —
981 4074 1056 4137 Fiat
1070 4074 1095 4137 si
1109 4074 1242 4137 vacarit
1256 4084 1335 4137 ante
1352 4073 1419 4137 kal.
1437 4083 1503 4137 oct.
1519 4073 1595 4136 anni
1614 4072 1712 4136 101111.
1729 4073 1766 4135 ll.

451 4177 529 4242 11111.
554 4178 653 4241 Asin.
672 4198 688 4260 3
705 4198 784 4241 non.
801 4179 874 4241 (100.
892 4187 924 4241 a'‘
942 4189 983 4260 3⁰.
1001 4185 1048 4256 (7,
1067 4185 1148 4258 901).

456 4333 564 4412 771.
1399 4365 1415 4406 1
1417 4364 1493 4427 3714,
1508 4365 1528 4426 3
1547 4345 1724 4407 ddcernbre.

449 4451 502 4513 8⁰¹⁶
516 4449 627 4512 Pater.
652 4446 738 4510 Cum
753 4449 843 4526 aliaS,
869 4448 995 4512 iteratis
1021 4448 1159 4526 vicibus,
1177 4448 1208 4511 S.
1225 4446 1264 4511 V.
1290 4448 1490 4532 scripsimus,
1507 4449 1610 4511 etiarn
1637 4448 1769 4531 propria

363 4573 364 4580 ¹
411 4576 509 4618 manu
524 4564 544 4632 ²,
560 4573 623 4638 pro
638 4553 839 4637 quibusdam
867 4554 994 4617 clericis
1011 4552 1132 4616 nostris
1147 4551 1388 4615 beneficiandis
1415 4552 1447 4614 in
1472 4552 1581 4635 regnis
1608 4572 1647 4615 ac
1675 4552 1769 4615 terris

412 4657 538 4734 nostris,
555 4656 597 4721 de
622 4655 752 4721 duobus
777 4657 892 4740 primis
918 4656 1089 4720 beneficiis
1117 4655 1294 4732 vacaturis,
1321 4676 1389 4719 non
1417 4657 1502 4718 obst.
1519 4656 1768 4738 quibuscunque

414 4760 710 4845 impetrationibus,
727 4772 802 4841 010,
819 4772 853 4825 01
869 4762 959 4826 dicta
977 4762 1008 4824 S.
1025 4761 1065 4825 V.
1091 4759 1300 4844 responderit
1327 4759 1415 4841 quod
1441 4760 1526 4822 tales
1552 4760 1675 4843 gratias
1701 4780 1768 4823 non

417 4865 630 4929 consuevistis
645 4865 742 4930 alicui
759 4866 943 4930 concedere
957 4889 965 4943 ;
977 4886 1120 4948 cumque
1134 4863 1320 4928 Gerardum
1331 4863 1451 4943 Brune,
1464 4865 1684 4948 mag.capelle
1694 4885 1769 4927 nos-

418 4980 463 5029 tre
476 4987 495 5044 1,
512 4968 577 5032 suis
591 4969 719 5033 meritis
734 4977 769 5033 01
784 4970 885 5053 gratis
901 4970 1067 5053 obsequiis
1083 4969 1305 5052 exigentibus,
1323 4989 1380 5052 pre
1397 4969 1517 5032 ceteris
1533 4969 1686 5031 omnibns
1699 4988 1770 5031 cor·

455 5218 474 5260 l.
486 5216 543 5263 Voir
554 5233 577 5264 11.
590 5221 641 5274 otu,
656 5220 710 5272 1117,
724 5221 778 5265 ora.
833 5222 855 5264 2.
869 5218 1009 5280 Suppliquc
1021 5218 1056 5263 du
1071 5221 1106 5264 101
1119 5218 1255 5275 d'Aragon.
1265 5245 1284 5249 „
1309 5216 1402 5262 111011·
1416 5231 1439 5262 11.
1452 5219 1505 5272 217,
1519 5218 1573 5261 553.
