4650 6059
487 803 547 865 aas
1016 803 1100 876 isla,
1126 803 1222 866 aras
1241 804 1316 881 juin.

486 952 632 1016 serviciis
647 954 808 1017 nonnulla
823 955 961 1019 minera
988 954 1105 1018 habuit
1130 963 1165 1019 et
1190 954 1284 1033 filios,
1311 955 1438 1035 fratres,
1464 965 1608 1042 nepotes
1632 966 1666 1021 et
1677 956 1812 1042 proximos
1836 951 1838 964 '

486 1055 597 1139 gladio
612 1065 805 1142 peremptos
821 1057 933 1122 amisit
958 1066 992 1122 et
1016 1064 1189 1144 separatus
1213 1059 1255 1122 ab
1282 1056 1425 1124 inimicis
1447 1057 1617 1125 interdum
1633 1067 1746 1145 captus
1764 1058 1812 1136 liit,

486 1168 577 1244 quat.
595 1160 765 1238 Gualtero,
784 1160 852 1226 lilio
868 1181 938 1240 suo,
964 1161 1086 1227 clerico
1112 1161 1202 1227 dicte
1227 1161 1337 1247 dyoe,
1361 1161 1394 1226 in
1419 1162 1547 1246 legibus
1573 1161 1729 1242 studenti,
1749 1181 1812 1248 spec.
1836 1211 1838 1248 :

485 1284 532 1347 gr.
548 1263 720 1343 facientes,
736 1263 778 1329 de
794 1284 867 1329 can.
884 1266 943 1329 sub
960 1284 1036 1350 exp.
1051 1266 1144 1350 preb.
1161 1264 1301 1329 ecclesie
1316 1247 1555 1331 Cameracen...
1571 1265 1748 1350 dignemini
1760 1285 1812 1351 pro

486 1367 608 1433 videre.
625 1409 667 1416 -
686 1367 762 1433 Fiat
780 1368 819 1432 R.

530 1471 617 1537 Item
633 1493 749 1559 supp...
765 1493 826 1559 pro
841 1471 938 1537 simili
954 1471 1068 1556 gracia
1094 1471 1249 1538 facienda
1278 1472 1470 1553 Eustachio,
1493 1471 1650 1554 filiosuo,
1666 1472 1699 1537 in
1722 1471 1812 1556 logiu-

485 1576 569 1642 libus
585 1576 743 1658 studenti,
760 1576 883 1642 clerico
899 1574 989 1642 dicte
1001 1575 1112 1660 dyoc,
1128 1576 1162 1641 in
1178 1577 1261 1642 eccl.
1273 1577 1495 1643 Ambianen...
1513 1614 1545 1624 -
1567 1575 1647 1643 Fiat
1662 1576 1695 1642 in
1712 1575 1812 1642 Laudi-

485 1701 560 1745 nen.
581 1680 618 1745 R.

529 1784 616 1849 Item
632 1805 748 1871 supp...
765 1807 826 1871 pro
842 1785 940 1850 simili
956 1784 1068 1869 gracia
1084 1783 1236 1850 iacienda
1260 1783 1279 1862 J
1283 1784 1419 1866 ohanni,
1436 1784 1506 1871 ejus
1521 1784 1601 1864 filio,
1618 1785 1737 1851 clerico
1748 1784 1812 1850 dicte

484 1891 594 1975 dyoc,
604 1890 637 1955 in
654 1890 848 1975 logicalibus
863 1889 1060 1970 studenti,in
1076 1889 1158 1955 eccl.
1176 1887 1344 1956 Morinen.
1357 1899 1391 1955 et
1403 1889 1494 1974 quod
1508 1896 1682 1955 transeant
1697 1889 1759 1954 sine
1767 1886 1812 1952 alia

485 1995 629 2060 lectione
645 2001 679 2059 et
695 1995 858 2075 examine,
875 2015 953 2059 cum
968 1993 1034 2060 sint
1049 1994 1083 2058 in
1095 1993 1207 2060 studio
1219 1994 1252 2058 in
1267 1991 1421 2059 Marchia
1432 1991 1634 2078 supradicta.
1649 1991 1767 2056 -Fiat
1785 1987 1811 2053 ll.

531 2097 608 2163 Dat.
624 2097 725 2163 Avin.
744 2119 760 2182 5
777 2097 843 2164 kal.
857 2098 928 2183 julii
946 2106 979 2163 a⁰
993 2107 1034 2181 7⁰.
1052 2099 1122 2181 (15,
1144 2102 1246 2178 1065).

540 2236 676 2327 1385,
1549 2247 1644 2330 1348,
1662 2264 1702 2330 ²7
1711 2244 1785 2327 sitia

530 2355 738 2439 significatur
762 2354 793 2419 S.
821 2353 860 2419 V.
877 2374 918 2417 ex
943 2363 1038 2439 parte
1063 2350 1226 2417 nobilium
1253 2350 1399 2416 virorum
1420 2348 1579 2415 Willelmi
1594 2349 1639 2415 de
1655 2348 1781 2416 Hoerne
1791 2353 1814 2410 et

485 2458 528 2524 de
543 2458 647 2524 Arkel
662 2458 874 2524 dominorum
889 2470 896 2494 ¹
911 2455 1001 2541 quod
1017 2456 1097 2522 olim
1113 2455 1200 2519 inter
1227 2474 1342 2520 eorum
1357 2453 1586 2539 progenitores
1602 2452 1664 2519 fuit
1684 2461 1719 2519 et
1732 2451 1815 2518 adhuc

485 2562 621 2626 timetur
650 2560 885 2626 mortalissima
911 2580 1038 2645 guena,
1062 2581 1103 2624 ex
1131 2579 1198 2644 qua
1215 2558 1409 2644 gravissima
1427 2558 1525 2638 bella,
1543 2556 1675 2622 infinita
1704 2553 1815 2623 homici-

484 2664 548 2745 dia,
565 2665 780 2751 captivitates
794 2664 979 2745 hominurn,
996 2664 1103 2750 spolia
1119 2671 1155 2729 et
1169 2663 1284 2749 rapine
1307 2661 1385 2727 hinc
1408 2660 1487 2726 iude
1513 2668 1707 2747 perpetrata
1720 2658 1816 2726 fuerint

484 2776 518 2832 et
533 2768 714 2854 perpetrari
731 2767 951 2833 verisimiliter
967 2767 1077 2833 adhuc
1092 2786 1161 2832 non
1179 2774 1320 2847 cessant,
1336 2786 1418 2852 ymo
1433 2763 1476 2831 de
1491 2764 1546 2832 die
1561 2765 1595 2830 in
1612 2765 1704 2831 diem
1718 2763 1816 2830 ibidem

483 2872 608 2957 majora
623 2880 815 2959 perpetrata
831 2881 1006 2959 sperantur
1021 2894 1029 2951 ;
1047 2891 1162 2936 verum
1180 2891 1257 2936 cum
1270 2869 1331 2956 ipsi
1344 2867 1484 2934 firmiter
1498 2868 1638 2935 credant
1653 2863 1817 2957 huJusmodi

482 2995 616 3059 guerras
631 2996 690 3062 per
706 2983 919 3042 contractum
935 2974 1138 3041 matrimonii
1155 2973 1302 3039 fiendum
1319 2981 1354 3040 et
1380 2974 1647 3041 contrahendum
1663 2975 1748 3040 inter
1765 2971 1816 3038 die

483 3089 553 3143 turn
581 3078 807 3158 Guillelmum,
831 3079 1005 3145 dominum
1029 3079 1071 3144 de
1097 3077 1245 3158 Hoerne,
1273 3086 1307 3142 et
1334 3075 1545 3159 Mactildem,
1571 3079 1676 3145 liliam
1699 3073 1817 3167 predicti

481 3181 607 3246 domini
623 3182 665 3247 de
682 3181 794 3261 Arkel,
804 3204 892 3248 nunc
910 3183 942 3247 in
959 3192 1050 3248 etate
1067 3181 1114 3247 XI
1138 3181 1340 3248 constitutos
1355 3182 1409 3246 vel
1424 3182 1512 3249 circa
1527 3191 1562 3248 et
1577 3182 1612 3247 in
1629 3191 1748 3267 quarto
1758 3199 1818 3248 con·

481 3285 714 3368 sanguinitatis
729 3285 832 3370 gradu
848 3285 1019 3372 duplicato
1035 3287 1234 3370 conjunctos
1249 3286 1373 3352 debent
1389 3286 1494 3352 sedari
1512 3296 1546 3352 et
1573 3308 1615 3352 ex
1631 3288 1697 3353 hoc
1719 3303 1819 3375 pacem

481 3410 521 3454 ac
552 3391 765 3473 tranquillum
790 3398 916 3455 statum
943 3392 1072 3457 illarum
1097 3391 1241 3476 partium
1269 3390 1395 3456 debent
1427 3399 1592 3476 perpetuo
1623 3391 1820 3478 perdurare:

480 3492 684 3578 supplicatur
714 3514 755 3557 ex
787 3503 880 3579 parte
898 3495 1043 3579 ipsorum
1070 3495 1231 3559 nobilium
1256 3494 1425 3559 humiliter
1458 3502 1493 3559 et
1519 3493 1644 3559 devote
1676 3503 1822 3580 quatenus

481 3604 533 3661 tot
559 3605 593 3660 et
618 3596 720 3660 tantis
747 3598 901 3683 periculis
916 3609 951 3662 et
966 3598 1130 3664 scandalis
1149 3598 1334 3679 obviantes,
1356 3597 1446 3683 quod
1462 3598 1708 3685 impedimento
1730 3597 1821 3683 hujus

481 3699 571 3765 modi
597 3702 895 3786 consanguinitatis
923 3723 990 3768 non
1016 3705 1181 3783 obstante,
1198 3703 1289 3768 licite
1317 3705 1447 3788 possint
1471 3700 1660 3769 Willelmus
1687 3712 1722 3768 et
1745 3700 1821 3767 blac·

481 3803 571 3869 tildis
586 3803 727 3890 predicti
744 3806 1036 3871 matrimonialiter
1053 3806 1212 3890 copulari,
1230 3826 1306 3871 cum
1322 3805 1449 3872 eisdem
1464 3806 1507 3871 de
1531 3808 1632 3874 solita
1646 3816 1756 3874 vestra
1770 3804 1821 3871 cle·

481 3910 613 3976 mencia
628 3909 810 3994 dignemini
828 3910 1084 3976 misericorditer
1107 3910 1319 3997 dispensare;
1347 3911 1477 3997 prolem
1492 3932 1573 3978 vero
1592 3908 1821 3999 suscipiendam

481 4034 521 4076 ex
552 4013 644 4078 (licto
674 4014 890 4079 matrimonio
917 4014 1149 4079 contrahendo
1170 4015 1370 4098 legittimam
1387 4015 1610 4081 decernendo.
1627 4056 1670 4066 -—
1689 4013 1763 4080 Fiat
1775 4026 1822 4097 pes

481 4115 698 4181 diocesanum
722 4118 748 4181 si
765 4119 808 4183 sit
824 4118 882 4183 ita.
904 4155 935 4164 —
958 4117 1034 4182 Fiat
1048 4118 1087 4182 R.

527 4220 603 4284 Dat.
620 4221 719 4285 nain.
739 4243 755 4304 5
773 4220 840 4286 kal.
855 4222 925 4306 julii
944 4231 977 4285 au
995 4229 1035 4304 7⁰.
1055 4222 1123 4305 (15,
1147 4228 1247 4303 Ιιοῖ).

535 4355 673 4441 1386.
939 4452 943 4460 Ι
1542 4377 1638 4457 1348,
1656 4377 1699 4439 28
1707 4374 1788 4456 jain.

524 4475 646 4559 Supp...
663 4494 827 4559 pauperes
843 4472 1151 4556 clerici...quatenus
1164 4474 1321 4539 eisdem...
1332 4475 1373 4540 de
1390 4477 1501 4561 aliquo
1516 4479 1593 4542 ben.
1604 4479 1708 4544 eccl...
1724 4477 1823 4561 digne·

479 4577 559 4640 mini
576 4577 801 4662 providere...
1644 4596 1647 4601 ·

524 4679 556 4745 N
560 4681 667 4746 icolao
685 4680 863 4746 Nicoholai
882 4680 1081 4759 PlanchonS,
1098 4680 1140 4745 de
1158 4681 1340 4762 Namurco,
1352 4683 1473 4750 clerico
1486 4683 1752 4762 Leodien.dioc.,
1763 4683 1831 4749 sine

479 4805 555 4849 cura
573 4783 616 4849 ad
633 4785 746 4849 collat.
764 4785 877 4848 Sancti
898 4783 1052 4870 [Albani]
1071 4792 1083 4817 ‘¹
1108 4784 1360 4866 Namureencis,
1377 4788 1467 4853 dicte
1482 4787 1570 4854 dioc.
1586 4825 1630 4834 —
1646 4789 1722 4854 Fiat
1739 4788 1773 4852 R.

524 4889 602 4952 Dat.
619 4889 717 4952 Avin.
735 4911 754 4972 4
771 4886 838 4951 kal.
852 4887 924 4970 julii
942 4895 975 4952 a⁰
993 4896 1033 4971 7⁰.
1051 4892 1119 4968 (15,
1139 4892 1203 4970 91).

510 5083 537 5128 a)
554 5076 586 5121 lat
598 5090 656 5121 nom
671 5077 716 5121 luit
729 5074 816 5120 ‹leinui
836 5075 899 5120 «lans
912 5075 934 5120 lr·
947 5075 1040 5122 l'mlux.

517 5232 534 5276 l.
551 5230 608 5274 l'oir
622 5246 645 5277 n.
658 5233 703 5276 lll
718 5247 723 5285 ;
738 5231 820 5284 Brom,
837 5230 908 5278 Itali.
926 5231 1035 5290 ilicium„
1047 5247 1070 5279 n.
1086 5235 1153 5281 lm.
