4650 6059
563 805 624 868 ru
1062 804 1427 886 immmmm

562 956 643 1018 mini
667 956 842 1040 providere
863 980 870 1034 ;
895 977 963 1021 non
990 959 1075 1021 obst.
1093 956 1183 1039 quod
1200 956 1288 1019 idem
1305 956 1422 1020 Petrus
1438 977 1510 1020 can.
1528 965 1562 1020 et
1578 960 1669 1041 preb.
1686 958 1770 1023 eccl.
1794 958 1874 1023 coll.
1889 956 1925 1021 B.

565 1057 613 1123 M.
630 1058 672 1123 de
689 1058 803 1138 Portu,
821 1058 1086 1139 Claromonten,
1102 1081 1143 1124 ac
1159 1059 1278 1144 capell.
1293 1059 1336 1124 de
1354 1058 1529 1139 Rossoni0,
1547 1058 1688 1126 Remen.
1704 1061 1782 1126 dioc
1786 1112 1840 1142 .....
1853 1082 1924 1127 nos-

564 1162 650 1227 citur
665 1163 828 1228 obtinere.
844 1204 887 1213 -
904 1163 979 1228 Fiat
996 1164 1037 1227 R.

608 1266 687 1331 Dat.
703 1267 803 1331 Avin.
821 1287 838 1350 3
855 1266 924 1331 kal.
937 1268 1021 1352 junii
1036 1276 1069 1331 a⁰
1087 1276 1129 1350 5⁰.
1146 1271 1214 1350 (ll,
1236 1267 1317 1351 15l).

615 1404 729 1488 993-
1632 1419 1727 1502 1346,
1741 1440 1787 1502 3⁰
1803 1422 1884 1486 mai.

493 1586 494 1589 ,
605 1520 693 1604 Sign.
710 1520 896 1586 Adeurarus
914 1532 932 1597 ¹,
948 1521 1000 1585 tit.
1017 1520 1048 1585 S.
1065 1520 1244 1585 Anastasie
1256 1523 1364 1606 presb.
1381 1520 1479 1600 card,
1496 1520 1586 1605 quod
1601 1523 1769 1589 Amaldus
1785 1522 1829 1589 de
1847 1523 1925 1588 Bos-

561 1635 648 1705 cato,
664 1628 772 1710 presb.
790 1625 1008 1710 Burdegalen.
1025 1626 1123 1704 dioc,
1139 1633 1251 1690 rector
1265 1625 1417 1710 parrocb.
1434 1627 1515 1691 eccl.
1531 1624 1574 1691 de
1596 1625 1788 1711 Blaycourt,
1806 1626 1925 1692 Came·

561 1749 670 1793 racen.
686 1729 773 1794 dioc.
789 1742 811 1807 ²,
828 1728 921 1813 cujus
937 1729 1093 1794 fructus...
1112 1749 1150 1812 25
1168 1728 1224 1793 lib.
1241 1727 1319 1794 Tur.
1335 1748 1438 1813 parix,
1456 1749 1521 1794 sec.
1538 1736 1606 1794 tax.
1619 1730 1760 1811 decime,
1776 1731 1924 1796 ralorem

560 1853 708 1896 annuum
718 1852 786 1896 non
797 1832 975 1912 excedunt,
993 1831 1137 1896 intendit
1153 1831 1186 1894 in
1199 1833 1353 1917 proximo
1363 1834 1423 1896 sub
1432 1832 1573 1915 regulari
1583 1833 1700 1897 habitu
1712 1833 1745 1897 in
1757 1843 1926 1899 monaste·

561 1935 610 1999 rio
620 1936 651 1999 S.
663 1935 826 2013 Jobannis
841 1936 874 2000 in
892 1934 989 2000 Valle
1005 1934 1197 2015 Camoten,
1208 1936 1278 2001 ord.
1289 1935 1321 2000 S.
1331 1937 1427 2020 Aug,
1437 1936 1598 2001 virtutum
1614 1936 1762 2001 Domino
1773 1938 1923 2003 famulari

562 2048 595 2104 et
612 2040 691 2103 inibi
708 2040 857 2125 recipere
873 2040 1025 2104 habitum
1034 2041 1229 2124 regularem,
1246 2046 1281 2104 et
1296 2039 1421 2106 idcirco
1433 2039 1523 2106 dicta
1539 2041 1621 2106 eccl.
1638 2062 1760 2107 vacare
1776 2051 1926 2127 speratur

562 2144 595 2208 in
611 2145 715 2210 brevi.
734 2144 783 2210 Ea
799 2152 937 2230 propter
951 2165 1046 2231 supp.
1063 2153 1155 2229 quat.
1171 2145 1278 2229 ipsam
1305 2145 1388 2210 eccl.
1414 2144 1689 2230 qualitercunque
1708 2155 1787 2231 post
1803 2147 1923 2231 ingres-

562 2269 635 2313 sum
652 2248 732 2313 dicti
749 2249 888 2313 Amaldi
906 2250 939 2313 in
956 2248 1071 2315 ordine
1087 2256 1121 2313 et
1137 2248 1344 2314 monasterio
1360 2248 1527 2333 predictis,
1537 2269 1596 2313 seu
1612 2249 1714 2314 etiam
1732 2249 1778 2315 ad
1789 2270 1924 2335 presens

563 2375 605 2416 ex
637 2354 709 2417 aliis
740 2354 848 2418 causis
877 2362 986 2434 vacet,
1018 2354 1255 2419 conferendam
1285 2354 1388 2419 famil.
1419 2375 1479 2420 suo
1509 2354 1670 2420 Gauirido
1701 2352 1855 2419 Fullonis
1884 2354 1922 2420 de

564 2454 732 2535 Mitriaco,
749 2457 826 2520 cler.
845 2455 993 2522 Melden.
1007 2456 1104 2536 dioc,
1121 2457 1304 2540 dignemini
1320 2477 1499 2523 reservare.
1516 2500 1559 2507 -
1574 2456 1661 2537 Fiat,
1687 2478 1764 2523 curn
1789 2459 1922 2523 vacabit

563 2579 622 2644 per
637 2559 888 2643 professionem.
906 2559 946 2624 R.
962 2560 1040 2646 [Vel
1057 2561 1082 2625 si
1105 2561 1224 2644 quovis
1240 2561 1342 2626 modo
1358 2570 1456 2627 vacet
1473 2562 1514 2627 ad
1530 2583 1675 2647 presens.
1694 2560 1752 2647 R]
1770 2567 1795 2628 ².

606 2664 686 2729 Dat.
702 2664 802 2728 Avin.
821 2685 838 2748 3
860 2662 928 2729 kal.
941 2663 1024 2748 junii
1041 2671 1075 2727 a0
1092 2673 1133 2747 5⁰.
1151 2667 1219 2746 (ll,
1240 2665 1305 2747 19).

614 2801 731 2884 994.
1619 2816 1713 2898 1346,
1734 2834 1778 2898 31
1805 2815 1884 2879 mai.

606 2922 707 3006 Supp.
737 2920 903 2984 Firminus
923 2918 965 2983 de
991 2918 1192 3002 Coquerello
1207 2929 1227 2999 ³,
1251 2918 1324 2985 dec.
1341 2917 1545 2999 Parisiensis,
1568 2917 1752 3003 quodcum
1773 2918 1923 3004 parrocb.

562 3027 644 3090 eccl.
661 3025 703 3090 de
721 3023 875 3103 Remulli,
893 3022 1109 3087 Cameracen.
1125 3022 1223 3101 dioc,
1238 3022 1365 3089 dudum
1380 3042 1455 3088 vac.
1471 3043 1532 3108 pro
1553 3021 1701 3106 eoquod
1715 3043 1805 3106 mag.
1825 3020 1924 3106 Hugo

564 3127 672 3206 Fabri,
689 3137 770 3191 tunc
782 3127 885 3211 ipsius
901 3126 983 3191 eccl.
1000 3135 1120 3202 rector,
1137 3128 1229 3210 preb.
1247 3127 1328 3191 eccl.
1342 3125 1559 3191 Cameracen.
1576 3125 1636 3190 fuit
1652 3134 1834 3204 assecutus,
1845 3124 1925 3190 S.V.

564 3232 706 3296 contulit
731 3231 884 3295 Dionisio
908 3230 1033 3309 Pelain,
1056 3230 1137 3294 dicti
1161 3229 1380 3314 supplicantis
1403 3229 1535 3308 clerico,
1559 3238 1593 3294 et
1620 3228 1729 3294 dictus
1758 3228 1925 3293 Dionisius

565 3335 671 3418 ipsam
688 3334 769 3398 eccl.
785 3343 922 3418 propter
937 3334 985 3397 sui
999 3333 1200 3397 tenuitatem
1216 3332 1323 3397 noluit
1340 3342 1527 3417 acceptare,
1540 3353 1635 3417 supp.
1647 3331 1737 3396 idem
1749 3332 1824 3397 dec.
1837 3340 1925 3415 quat.

565 3437 714 3501 dedicta
731 3438 813 3501 eccl.
837 3438 884 3502 sic
908 3458 981 3501 vac.
997 3436 1106 3500 adhuc
1122 3437 1212 3501 dom.
1230 3436 1392 3521 Gregorio
1407 3437 1449 3501 de
1466 3436 1639 3521 Gayssart,
1662 3438 1782 3521 presb,
1807 3436 1926 3520 capell.

566 3563 636 3618 suo,
654 3541 836 3624 dignemini
853 3540 1037 3625 providere.
1054 3581 1096 3588 -
1113 3539 1188 3604 Fiat
1206 3539 1246 3605 R.

610 3643 690 3708 Dat.
706 3644 806 3707 Avin.
825 3664 841 3707 2
859 3642 926 3707 kal.
938 3644 1020 3728 junii
1037 3652 1070 3707 a⁰
1088 3653 1128 3727 5⁰.
1146 3652 1213 3726 (ll,
1235 3648 1300 3727 16).

617 3781 732 3864 995.
1654 3794 1750 3876 1346,
1767 3815 1785 3856 2
1796 3792 1886 3873 jm'rr.

608 3901 709 3985 Supp.
727 3897 899 3963 Menricus
915 3897 1002 3962 Galli
1019 3910 1039 3978 ⁴,
1056 3899 1198 3964 nuncius
1213 3908 1248 3963 et
1264 3898 1459 3965 secretarius
1484 3898 1688 3982 Engelberti,
1713 3897 1816 3982 episc.
1842 3895 1928 3961 Leo·

563 4007 661 4084 dien,
678 4012 769 4087 quat.
786 4002 946 4081 Jobanni,
962 4010 1043 4068 nato
1059 4001 1078 4079 J
1082 4003 1226 4068 obannis
1241 4003 1284 4068 de
1300 4002 1486 4086 Vrechgen,
1500 4003 1582 4067 civis
1595 4001 1782 4078 Colonien.,
1793 4001 1925 4077 clerico,

563 4110 604 4173 de
621 4130 694 4173 can.
711 4108 794 4171 eccl.
811 4106 843 4169 S.
860 4106 1009 4169 Severini
1026 4105 1201 4170 Colonien.
1217 4105 1401 4190 dignemini
1416 4104 1603 4190 providere.
1620 4145 1663 4153 —
1680 4103 1758 4169 Fiat
1776 4104 1818 4170 R.

610 4211 695 4274 Item
713 4220 803 4292 quat.
829 4208 1040 4288 Wenemaro,
1070 4219 1152 4273 nato
1180 4209 1374 4293 Engelberti
1399 4208 1441 4273 de
1471 4208 1588 4289 Horst,
1609 4209 1774 4294 armigeri,
1803 4209 1926 4276 clerico

565 4315 740 4378 Colonien.
757 4313 855 4389 dioc,
884 4312 925 4375 de
951 4333 1034 4390 can,
1063 4316 1154 4397 preb.
1182 4334 1222 4378 ac
1249 4313 1376 4379 ferculo
1401 4314 1483 4378 eccl.
1508 4311 1721 4393 Xanctensis,
1750 4313 1925 4379 Colonien.

564 4417 660 4494 dioc,
678 4416 859 4498 dignemini
877 4416 1062 4499 providere.
1079 4456 1121 4463 —
1139 4416 1166 4479 F
1169 4417 1215 4481 iat
1233 4417 1272 4481 R.

609 4520 687 4583 Dat.
706 4520 805 4582 Avin.
823 4542 841 4600 4
859 4540 937 4582 non.
950 4520 1032 4602 junii
1051 4528 1084 4583 a⁰
1103 4533 1143 4604 5.
1162 4528 1229 4604 (ll,
1249 4522 1316 4605 21).

615 4656 866 4740 996-999-
1652 4671 1747 4755 1546,
1765 4693 1783 4734 2
1794 4669 1883 4751 sicin.

608 4775 696 4858 Sign.
714 4775 944 4858 Engelbertus,
962 4774 1062 4859 episc.
1080 4772 1251 4851 Leodicn.,
1269 4774 1359 4857 quod
1383 4773 1444 4837 suit
1471 4773 1552 4839 alias
1569 4794 1645 4839 cum
1663 4774 1869 4858 Engelberto
1883 4774 1923 4839 de

595 4963 623 5022 a)
641 4963 678 5008 lin
692 4976 795 5018 inurget
811 4961 999 5025 ,lddi'lrnnfuil
1014 4964 1037 5008 in
1056 4963 1177 5021 nripimrli
1189 4977 1236 5024 per·
1254 4961 1379 5009 ‹loniinum
1394 4966 1511 5020 nentrum,
1522 4963 1793 5025 reponendarum
1807 4963 1922 5012 dePirto·

564 5038 602 5083 rio
613 5037 661 5085 llic.

598 5258 617 5303 l.
630 5254 741 5302 minuar
755 5256 856 5304 Robcrt.
870 5281 900 5291 -
919 5256 941 5300 2.
956 5254 1015 5301 l'oir
1029 5270 1051 5302 n.
1065 5258 1117 5304 bilo,
1133 5258 1185 5302 filli.
1200 5282 1230 5292 -
1247 5255 1270 5303 3.
1282 5254 1344 5303 l'oir
1356 5270 1383 5304 n.
1393 5256 1448 5304 614.
1462 5283 1493 5293 -
1504 5257 1526 5302 4.
1541 5254 1600 5302 Voir
1611 5269 1637 5303 n.
1649 5256 1703 5313 930,
1716 5256 1772 5303 981.
