4650 6059
980 757 1084 831 1349,
1108 757 1143 822 13
1166 755 1290 837 janvier.
1509 776 1511 782 ·
1763 760 1825 825 395

463 909 593 995 naj0ris
620 908 791 995 prebende
817 917 907 975 esset
930 909 1175 995 possessionem
1201 908 1352 994 adeptus,
1381 908 1471 975 idem
1506 910 1645 975 Alexius
1672 909 1825 977 ordinem

462 1015 487 1079 5.
502 1014 647 1079 Antonii
665 1013 802 1079 intravit
811 1021 846 1078 et
861 1012 896 1082 in
912 1013 1033 1083 eodem
1048 1012 1215 1099 professus
1230 1021 1291 1078 est.
1314 1013 1426 1097 Quare
1453 1035 1548 1100 supp.
1565 1012 1674 1080 dictus
1697 1015 1825 1099 episco-

462 1139 519 1203 pus
543 1126 638 1202 quat.
665 1117 726 1182 sibi
748 1117 782 1181 in
809 1136 987 1202 personam
1014 1116 1179 1202 capellani
1205 1116 1265 1197 sui,
1281 1116 1431 1201 magistri
1458 1116 1577 1194 Jacobi
1608 1116 1651 1185 de
1682 1117 1825 1199 Patrica,

464 1221 687 1287 Ferentinatis
702 1219 801 1302 dioc,
817 1220 987 1306 scriptoris
1001 1221 1113 1301 vestri,
1130 1220 1313 1306 specialem
1328 1220 1469 1305 gratiam
1486 1220 1659 1302 iacientes,
1670 1222 1712 1286 de
1728 1222 1826 1288 dictis

465 1326 622 1406 cantoria,
639 1346 713 1391 can.
729 1333 764 1389 et
779 1327 871 1411 preb.
890 1324 1011 1390 minori
1026 1323 1128 1410 ipsius
1143 1323 1285 1389 ecclesie
1311 1323 1342 1388 S.
1358 1323 1552 1405 Audomari,
1569 1325 1767 1390 vacantibus
1783 1326 1825 1391 ad

468 1450 598 1513 presens
622 1450 682 1515 per
713 1428 889 1494 introitum
914 1437 949 1493 et
975 1427 1217 1514 professionem
1244 1448 1303 1513 per
1328 1428 1436 1514 ipsum
1467 1428 1625 1493 Alexium
1652 1428 1761 1494 iactos
1791 1429 1824 1494 in

470 1534 577 1599 ordine
592 1533 625 1599 S.
640 1533 781 1599 Antonii
797 1533 959 1620 predicto,
973 1552 1050 1597 cum
1063 1531 1219 1596 omuibus
1226 1530 1354 1615 juribus
1363 1539 1398 1595 et
1408 1531 1619 1616 pertinentiis
1634 1531 1826 1614 suis,eidem

474 1636 591 1714 Jacobo
621 1637 805 1722 dignemini
836 1637 1023 1724 providere,
1058 1635 1233 1721 ipsumque
1264 1636 1440 1719 subrogare
1465 1635 1499 1699 in
1521 1634 1649 1719 juribus
1675 1634 1826 1721 predicte

475 1740 596 1825 majoris
611 1742 791 1827 prebende,
804 1762 870 1826 que
879 1740 969 1806 idem
984 1739 1123 1806 Alexius
1138 1747 1219 1804 ante
1235 1737 1476 1824 professionem
1499 1739 1687 1825 predictam
1703 1740 1826 1805 habere

476 1851 596 1928 poterat
622 1843 883 1929 quoquomodo;
911 1865 979 1909 non
996 1846 1083 1909 obst.
1106 1843 1240 1909 defectu
1254 1843 1430 1923 natalium,
1447 1842 1548 1928 quem
1571 1842 1660 1908 idem
1677 1842 1696 1921 J
1700 1846 1825 1910 acobus

476 1948 589 2031 patitur
597 1947 640 2013 de
651 1949 832 2034 conjugato
840 1948 974 2033 genitus
983 1955 1018 2012 et
1030 1948 1148 2027 soluta,
1159 1967 1257 2033 super
1268 1967 1336 2030 quo
1345 1945 1489 2027 deiectu,
1500 1955 1537 2012 ut
1548 1948 1699 2033 predicta
1710 1948 1824 2012 omnia

477 2051 568 2135 possit
583 2051 675 2117 licite
689 2052 843 2132 retinere,
868 2050 1024 2135 dignetur
1050 2051 1081 2116 S.
1109 2051 1149 2116 V.
1166 2050 1423 2116 misericorditer
1445 2050 1647 2137 dispensare,
1671 2053 1827 2136 quamvis

478 2154 547 2219 alias
563 2175 624 2240 per
638 2155 860 2220 Sanctitatem
874 2153 1063 2240 predictam
1088 2163 1125 2219 ut
1150 2153 1194 2220 ad
1210 2176 1328 2220 omues
1354 2155 1487 2221 ordines
1512 2163 1547 2220 et
1569 2156 1637 2220 duo
1663 2157 1826 2222 beneficia

477 2259 548 2323 eccl.
563 2258 756 2339 obtinenda,
772 2258 1063 2323 etiamsialterum
1079 2278 1195 2323 eorum
1212 2265 1363 2324 curatum
1388 2267 1486 2339 esset,
1503 2279 1580 2325 curn
1596 2279 1638 2325 eo
1654 2259 1753 2325 ruerit
1767 2280 1828 2345 per

478 2359 504 2424 S.
517 2359 554 2427 V.
568 2360 797 2447 dispensatum
815 2382 822 2428 :
842 2382 901 2426 seu
916 2360 1007 2445 quod
1021 2359 1065 2426 de
1091 2362 1300 2447 prepositura
1326 2362 1468 2428 ecclesie
1484 2363 1515 2428 S.
1531 2362 1550 2441 J
1554 2363 1698 2428 ohannis
1713 2364 1826 2430 Dona·

479 2484 538 2529 nrm
554 2464 691 2551 Papien.
707 2486 767 2551 per
782 2465 813 2531 S.
830 2465 1015 2550 predictam
1025 2471 1038 2498 ¹²
1052 2465 1186 2530 noviter
1201 2465 1350 2530 extiterit
1365 2466 1426 2530 sibi
1438 2466 1618 2552 provisum,
1635 2487 1737 2551 quam
1753 2488 1825 2553 pre-

479 2568 647 2651 posituram
663 2578 800 2655 paratus
815 2577 865 2634 est
890 2569 1069 2650 dimittere,
1095 2589 1172 2635 cum
1188 2569 1366 2655 pacificam
1382 2570 1628 2655 possessionem
1644 2572 1825 2636 eorundem

479 2671 561 2737 luerit
584 2682 777 2753 assecutus;
794 2693 833 2739 ac
857 2693 925 2739 nou
951 2675 1106 2739 obstante
1122 2673 1214 2758 quod
1229 2694 1302 2739 can.
1329 2676 1389 2739 sub
1417 2695 1492 2760 exp.
1509 2677 1600 2760 preb.
1624 2676 1657 2739 in
1685 2677 1826 2741 ecclesia

477 2773 502 2839 S.
514 2774 675 2853 Johannis
690 2776 733 2843 de
750 2776 934 2857 Pontirolo,
946 2774 1178 2842 Mediolanen.
1190 2777 1287 2858 dioc,
1304 2778 1453 2843 noscitur
1468 2778 1674 2843 obtinere-
1694 2778 1771 2844 Fiat
1785 2779 1825 2845 R.
1947 2775 1948 2778 ’

477 2880 536 2961 116,
553 2882 619 2963 99)·

512 3024 611 3087 1475.
633 3018 722 3084 Item
749 3039 855 3104 supp,
871 3027 963 3103 quat.
980 3018 1144 3084 Renaudo
1168 3019 1211 3083 de
1234 3018 1383 3104 Capella,
1400 3018 1617 3083 Ambianensi
1646 2999 1827 3084 clericoet

477 3123 594 3189 notario
611 3143 681 3203 sun,
698 3122 873 3208 providere
889 3123 1071 3207 dignemini
1088 3122 1130 3187 de
1146 3130 1262 3188 canet
1275 3122 1517 3207 prebecclesie
1533 3123 1609 3187 coll.
1617 3121 1826 3206 S.Gaugerici

480 3223 665 3307 Haltrensis,
682 3225 899 3290 Cameracen.
916 3225 1014 3305 dioc,
1029 3246 1103 3290 vac.
1120 3225 1162 3290 ad
1184 3246 1321 3311 presens
1336 3246 1395 3310 per
1410 3226 1549 3291 liberam
1565 3226 1825 3310 resignationem

478 3328 668 3395 inmanibus
684 3328 750 3393 suis
765 3328 890 3393 factam
906 3329 940 3393 in
956 3329 1108 3415 partibus
1125 3327 1277 3407 Francie,
1294 3350 1370 3394 cum
1397 3330 1520 3395 ibidem
1536 3332 1677 3396 nuncius
1692 3340 1826 3416 aposto·
1935 3335 1938 3340 ’

474 3432 545 3499 licus
567 3434 746 3512 existebat,
773 3454 833 3518 per
855 3433 1028 3497 dominum
1054 3432 1189 3497 Petrum
1214 3432 1256 3496 de
1281 3432 1464 3500 Valerianis
1488 3435 1530 3500 de
1558 3435 1711 3521 Piperuo,
1737 3456 1826 3499 nunc

473 3537 659 3623 episcopum
677 3534 831 3600 Meliten.
849 3546 867 3615 ¹,
885 3537 1097 3621 capellanum
1124 3545 1158 3600 et
1184 3538 1472 3622 consanguineum
1500 3561 1596 3604 suum
1609 3563 1618 3619 ;
1645 3561 1712 3605 nou
1739 3543 1824 3604 obst.

473 3642 552 3723 quod
567 3641 679 3706 eidem
696 3639 861 3704 Renaudo
871 3639 913 3703 de
929 3640 1083 3725 parroch.
1097 3640 1179 3704 eccl.
1197 3639 1227 3704 S.
1241 3639 1379 3705 Martini
1396 3644 1512 3707 subtus
1523 3641 1822 3722 Belencombriam,

476 3742 713 3828 Rothomagen.
729 3743 826 3822 dioc,
844 3764 903 3828 per
920 3743 1027 3828 ipsum
1051 3743 1248 3828 episcopum
1265 3744 1298 3808 in
1315 3746 1532 3809 nunciatione
1549 3746 1700 3830 predicta
1716 3745 1825 3830 prori-

471 3868 536 3912 sum
553 3848 663 3927 suerit,
679 3847 721 3912 de
737 3868 814 3932 qua,
838 3849 994 3912 obstante
1010 3848 1079 3928 lite,
1103 3856 1153 3912 est
1181 3848 1331 3913 nondum
1347 3850 1590 3934 possessionem
1616 3850 1767 3934 adeptus
1784 3889 1827 3896 -

474 3949 540 4017 Fiat
564 3951 606 4019 R.
631 3953 702 4035 (16,
721 3952 792 4035 99')

511 4098 614 4158 1476.
631 4089 720 4155 Item
735 4111 830 4177 supp.
848 4099 938 4173 quat.
958 4089 1104 4166 Johanni
1118 4090 1160 4154 de
1177 4090 1356 4170 Scerueles,
1370 4088 1587 4153 Cameracen.
1600 4087 1827 4166 dioc.,cleric0

470 4215 533 4274 suo,
549 4196 592 4260 de
608 4197 685 4260 ben.
702 4196 784 4260 eccl.
802 4215 830 4260 c.
848 4216 876 4260 c.
892 4197 946 4259 vel
964 4216 988 4259 s
1006 4216 1035 4261 c.
1051 4204 1228 4280 spectante
1245 4195 1288 4259 ad
1310 4196 1385 4260 coll.
1403 4203 1467 4259 etc.
1484 4194 1616 4258 abbatis
1631 4202 1665 4258 et
1682 4213 1827 4258 conven-

472 4307 518 4364 tus
532 4299 728 4365 monasterii
753 4299 784 4364 S.
801 4300 940 4364 Auberti
958 4299 1186 4380 Cameracen.,
1203 4309 1278 4380 etc,
1307 4299 1506 4385 [dignemini
1529 4298 1719 4384 providere]
1735 4320 1743 4376 ;
1759 4319 1827 4362 non

468 4407 549 4468 obst.
565 4402 659 4488 quod
681 4403 771 4467 idem
786 4402 959 4480 lohannes
974 4405 1007 4467 in
1030 4404 1135 4468 forma
1152 4404 1321 4468 communi
1339 4403 1479 4487 gratiam
1506 4402 1548 4466 de
1565 4404 1642 4467 ben.
1655 4403 1736 4467 eccl.
1753 4422 1782 4467 c.
1799 4423 1827 4466 c.

471 4508 517 4571 vel
541 4528 567 4572 s.
592 4529 622 4572 c.
650 4514 827 4591 spectante
854 4507 897 4572 ad
922 4509 998 4572 coll.
1027 4516 1102 4585 etc,
1134 4507 1265 4571 abbatis
1295 4516 1329 4571 et
1362 4516 1548 4571 conventus
1571 4506 1765 4571 monasterii
1797 4505 1828 4569 S.

473 4608 607 4677 Dionisii
620 4611 654 4674 in
673 4609 824 4689 Francia,
842 4611 999 4675 Parisien.
1025 4612 1122 4690 dioc,
1145 4612 1188 4675 ad
1204 4632 1243 4675 ea
1270 4632 1334 4693 qne
1359 4611 1486 4675 habent
1509 4611 1542 4674 iu
1570 4611 1656 4676 dioc.
1675 4610 1828 4674 Camera-

472 4734 549 4796 cen.,
565 4715 727 4780 meruerit
743 4726 922 4800 reportare,
940 4737 1042 4798 quam
1059 4717 1205 4799 ‚quidem
1230 4716 1371 4800 gratiam
1389 4724 1425 4779 ut
1450 4724 1624 4779 remaneat
1650 4715 1709 4778 sibi
1738 4714 1830 4778 salva

472 4819 594 4905 signare
611 4827 724 4884 vestra
740 4820 949 4884 sanctissima
965 4820 1103 4884 dextera
1120 4841 1189 4884 non
1206 4820 1398 4884 omittat—
1415 4818 1492 4883 Fiat
1505 4827 1580 4898 etc,
1596 4818 1635 4883 R.
1655 4819 1668 4896 (
1673 4822 1723 4897 16,
1742 4818 1828 4899 roo).

502 5021 525 5073 al
536 5020 670 5068 Suivaieut
680 5020 717 5067 les
728 5024 796 5067 mots
810 5035 816 5067 ι
834 5036 848 5068 u
861 5018 935 5066 ulad
948 5033 1036 5066 omncs
1048 5019 1149 5067 ordines
1162 5032 1177 5065 u
1189 5017 1265 5078 qu'on
1278 5033 1293 5065 a
1305 5017 1386 5065 birros.

480 5133 722 5147 Q*

508 5204 526 5248 1.
538 5204 641 5265 avoque
658 5204 689 5252 de
707 5204 797 5253 Mileto
809 5206 919 5266 (Italic),
934 5206 1036 5255 nomme
1048 5207 1071 5253 lu
1085 5209 1117 5254 l'‘
1128 5206 1213 5267 juillet
1227 5206 1289 5252 1318
1302 5202 1406 5265 (Eubel,
1420 5202 1439 5260 l,
1454 5201 1523 5262 361).
