4650 6059
564 796 625 860 398
1098 790 1186 865 1349,
1212 791 1247 854 15
1266 789 1394 870 jaurier.

465 1000 468 1006 .
564 947 675 1010 levare
706 944 812 1008 velint
843 949 959 1007 contra
989 949 1135 1007 vestram
1167 941 1525 1031 excommunicationis
1560 943 1770 1009 sententiam
1806 952 1916 1008 temere

565 1047 733 1113 veniendo
749 1047 775 1112 si
791 1045 890 1111 dictis
906 1046 1035 1111 nunciis
1052 1047 1159 1132 ipsam
1183 1045 1376 1110 firmitatem
1400 1048 1585 1114 concedere
1601 1048 1746 1129 velletis,
1762 1048 1916 1113 humiliter

566 1152 760 1238 supplicant
786 1150 900 1216 devoti
924 1150 1024 1215 vestri
1046 1150 1164 1215 decani
1192 1169 1250 1215 seu
1274 1148 1469 1216 vicedecani
1497 1160 1532 1217 et
1557 1152 1707 1238 capitula
1734 1152 1868 1238 majoris
1888 1161 1915 1218 et

568 1256 718 1321 omnium
734 1254 987 1339 collegiatarum
1003 1253 1221 1319 ecclesiarum
1248 1251 1418 1334 Leodien.,
1435 1262 1601 1341 quatenus
1623 1256 1650 1322 si
1678 1256 1855 1343 contingat
1867 1278 1915 1343 per

567 1360 722 1424 Vestram
757 1357 979 1423 Sanctitatem
1010 1356 1089 1443 ipsis
1114 1356 1245 1422 nunciis
1280 1357 1466 1423 concedere
1493 1359 1584 1445 quod
1609 1359 1764 1446 predicta
1793 1360 1914 1426 finnitas

568 1465 697 1529 levetur
727 1462 761 1526 in
792 1461 929 1526 civitate
959 1469 1148 1527 memorata
1178 1482 1275 1547 super
1299 1461 1458 1548 predictis
1480 1464 1678 1547 juramentis
1692 1463 1913 1551 dispensando,

567 1566 749 1652 dignemini
766 1566 856 1652 ipsos
871 1566 1017 1631 eximere
1034 1569 1076 1631 ab
1092 1566 1158 1645 illa,
1176 1566 1315 1647 sicut‚ut
1331 1567 1521 1653 predicitur,
1528 1568 1610 1633 alias
1619 1566 1756 1633 fuerunt
1772 1570 1911 1655 exempti,

567 1692 608 1737 ac
623 1671 671 1737 eis
686 1669 871 1736 concedere
887 1677 1084 1735 executores
1110 1691 1170 1735 seu
1196 1680 1450 1737 conservatores
1472 1672 1506 1736 in
1533 1671 1677 1738 solidum
1701 1673 1761 1757 qui
1784 1681 1911 1739 vestram

568 1783 777 1861 exequantur
791 1774 1004 1855 sententiam,
1029 1794 1130 1859 quam
1155 1775 1188 1839 in
1213 1776 1476 1841 contradictores
1497 1776 1627 1842 ferretis
1649 1776 1677 1842 si
1699 1778 1822 1863 placet,
1843 1777 1911 1842 sieut

569 1880 650 1946 alias
664 1881 732 1944 lata
748 1879 810 1943 fuit
826 1878 929 1944 etiam
944 1900 1004 1965 per
1019 1878 1237 1965 pecuniarum
1254 1899 1402 1944 summas
1417 1888 1528 1945 vestre
1553 1899 1686 1946 camere
1701 1879 1909 1967 applicandas,

569 1991 604 2047 et
628 1983 720 2063 alias,
736 1990 835 2068 prout
859 1982 907 2046 eis
937 1981 1103 2047 videbitur
1132 1981 1333 2061 faciendum,
1350 1981 1475 2048 faciant
1500 1992 1664 2069 perpetuo
1692 1982 1910 2049 inviolabrliter

571 2087 748 2166 observari,
764 2093 917 2150 tenorem
933 2085 1187 2171 supplicationis
1203 2085 1348 2170 ipsomm
1365 2086 1572 2171 nunciorum,
1585 2087 1620 2151 in
1635 2096 1801 2171 quantum
1816 2107 1909 2152 neces

571 2190 694 2255 sarium
710 2209 771 2275 pro
786 2188 866 2274 ipsis
881 2188 954 2268 erit,
970 2188 1088 2253 vestris
1103 2188 1223 2254 litteris
1238 2189 1425 2268 inserendo,
1447 2210 1524 2256 cum
1540 2191 1696 2256 omnibus
1710 2210 1780 2258 non
1797 2193 1911 2274 obstan·

572 2294 660 2358 tibus
676 2301 710 2357 et
726 2292 880 2357 clausulis
889 2291 1079 2379 oportunis.
1096 2333 1138 2341 —
1155 2291 1231 2358 Fiat
1248 2292 1288 2358 R.

616 2396 695 2461 Dat.
710 2396 811 2461 Avin.
832 2397 868 2461 18
885 2395 951 2462 kal.
967 2396 1047 2462 febr.
1064 2404 1097 2461 a⁰
1113 2403 1155 2480 7⁰.
1173 2398 1187 2480 (
1192 2399 1243 2475 16,
1265 2397 1364 2481 roal).

626 2532 767 2613 1482.
1580 2550 1879 2635 1349,15janv1'er.

618 2651 789 2736 Significat
819 2650 851 2717 S.
882 2650 922 2717 V.
952 2652 1170 2718 devotissima
1196 2661 1347 2717 creatura
1373 2661 1484 2718 vestra
1509 2652 1742 2737 Engelbertus,
1758 2653 1910 2740 episcopus
1955 2736 1959 2742 .

575 2754 745 2834 Leodien.,
761 2761 775 2787 ⁸
790 2754 881 2839 quod
894 2757 936 2819 ab
953 2756 1035 2824 olim
1051 2756 1137 2820 inter
1146 2757 1271 2821 clemm
1284 2764 1319 2821 et
1331 2756 1491 2842 populum
1508 2756 1654 2822 civitatis
1670 2755 1839 2838 Leodien.,
1849 2764 1910 2820 tuuc
1950 2804 1957 2828 ,

574 2881 671 2946 super
687 2860 801 2925 multis
816 2860 963 2926 articulis
978 2860 1218 2940 discordantes,
1235 2861 1297 2926 fuit
1324 2861 1410 2925 inter
1436 2868 1548 2926 cetera
1576 2860 1818 2927 concordatum
1842 2855 1910 2945 quod
1952 2927 1959 2949 ζ

574 2964 717 3047 quedam
733 2964 873 3047 gabella,
890 2984 955 3047 que
972 2964 1004 3027 in
1020 2964 1112 3029 dicta
1128 2964 1267 3030 civitate
1282 2964 1324 3030 de
1340 2966 1437 3029 rebus
1452 2963 1624 3052 venalibus
1635 2964 1819 3046 levabatur,
1830 2980 1910 3049 quam
1955 3014 1959 3022 .

576 3067 770 3132 firmitatem
786 3076 921 3147 vacant,
945 3066 1043 3131 nullis
1059 3065 1071 3101 ¹³
1086 3087 1235 3151 unquam
1262 3067 1467 3159 temporibus
1493 3068 1670 3148 levaretur,
1697 3066 1815 3154 multis
1836 3081 1911 3151 super

574 3172 640 3237 lroc
667 3171 951 3256 promissionibus,
979 3157 1246 3256 obligationibus,
1271 3153 1404 3236 statutis
1431 3191 1470 3237 ac
1496 3155 1805 3239 renunciatiombus
1826 3167 1912 3244 factis,

575 3276 670 3359 penis
685 3275 834 3359 adjectis
861 3274 1064 3358 interpositis
1088 3274 1295 3359 juramentis
1324 3295 1364 3339 ac
1390 3274 1756 3360 excommunicationis,
1773 3285 1784 3311 ²
1799 3292 1915 3360 suspen·

576 3378 678 3443 sionis
694 3387 728 3442 et
746 3377 911 3441 interdicti
937 3366 996 3462 per
1017 3378 1212 3464 episcopum
1241 3378 1410 3458 Leodien.,
1425 3379 1482 3462 qui
1511 3386 1591 3443 tunc
1618 3386 1699 3459 erat,
1727 3380 1821 3465 cujus
1840 3376 1915 3464 juris·

575 3481 713 3546 dictioni
730 3489 765 3544 et
781 3501 1007 3545 successorum
1024 3502 1158 3546 suorum
1174 3492 1286 3568 partes
1310 3483 1379 3567 ipse
1402 3504 1437 3547 se
1453 3502 1550 3567 super
1566 3483 1631 3547 hoc
1654 3483 1845 3568 specialiter
1856 3482 1917 3547 sub-

578 3586 749 3664 miserunt,
767 3585 799 3647 in
817 3605 935 3649 omnes
951 3593 985 3648 et
1002 3585 1147 3668 singulos
1171 3585 1312 3649 eandem
1337 3584 1528 3648 firmitatem
1544 3585 1706 3664 levantes,
1723 3606 1784 3670 per
1798 3584 1918 3650 modum

576 3688 704 3768 statuti,
721 3688 897 3752 sententiis
913 3689 1000 3753 latis.
1019 3688 1063 3753 Et
1078 3688 1314 3753 nichilominus
1331 3687 1363 3752 id
1388 3688 1475 3751 idem
1491 3687 1661 3774 hucusque
1683 3696 1796 3753 tam...
1817 3687 1923 3772 magis·

577 3793 629 3873 tri,
646 3792 774 3857 scabini
791 3801 825 3857 et
841 3793 896 3857 alii
921 3793 1047 3857 dictam
1076 3792 1248 3857 civitatem
1276 3812 1335 3857 suo
1361 3801 1512 3876 tempore
1536 3794 1771 3875 gubernantes,
1797 3793 1874 3859 dum
1897 3791 1924 3854 in

576 3897 644 3961 suis
660 3896 920 3962 instituebantur
936 3905 970 3960 et
988 3896 1205 3959 instituuntur
1229 3894 1355 3972 officiis,
1373 3915 1474 3980 quam
1501 3895 1619 3978 singuli
1648 3896 1803 3962 canonici
1831 3897 1927 3962 eccle-

472 3998 474 4002 ’
576 4000 697 4063 siarum
715 3999 885 4076 Leodien.,
902 4020 961 4084 per
976 4019 1011 4061 se
1027 3999 1079 4060 vel
1104 4020 1181 4062 suos
1204 4006 1443 4083 procuratores,
1461 3997 1541 4062 dum
1557 3998 1589 4061 in
1608 3998 1793 4064 canonicos
1819 3998 1930 4064 admit·

577 4106 733 4167 tebantur
749 4111 783 4167 et
799 4103 901 4166 etiam
918 4100 1150 4180 admittuntur,
1176 4109 1423 4166 consueverunt
1443 4102 1553 4186 jurare
1569 4107 1603 4165 et
1616 4102 1728 4185 jurant
1748 4100 1927 4188 hujusmodi

577 4207 800 4287 concordiam,
818 4228 882 4289 que
898 4225 905 4270 :
924 4206 994 4270 Pax
1011 4206 1220 4270 clericorum¹
1236 4207 1432 4291 :vulgariter
1444 4214 1663 4293 nuncupatur,
1676 4205 1816 4270 tirmiter
1828 4208 1932 4272 obser·

578 4332 667 4376 vare.

624 4416 844 4480 Postmodum
861 4413 914 4477 fel.
931 4433 996 4476 rec.
1013 4412 1168 4476 dominus
1191 4398 1363 4488 Johannes
1387 4435 1472 4500 papa
1495 4412 1696 4493 1111111311
1722 4412 1931 4500 supplicatio-

579 4540 656 4582 nem
681 4520 801 4601 bolneJ)
825 4516 1015 4600 nre(m0rie)
1043 4517 1201 4601 Adulphi,
1233 4520 1379 4606 episcopi
1408 4518 1578 4597 Leodien.,
1606 4537 1705 4602 super
1727 4516 1931 4601 juramentis

579 4622 763 4694 sententiis,
780 4620 875 4705 penis
890 4627 924 4683 et
940 4619 1012 4683 aliis
1036 4620 1241 4702 supradictis,
1258 4643 1333 4686 cum
1358 4621 1512 4686 omnibus
1536 4639 1676 4702 quorum
1701 4619 1872 4703 intererat,
1894 4618 1932 4684 ad

580 4733 713 4809 tempus
739 4723 864 4789 dudum
891 4723 1050 4805 elapsum,
1068 4714 1109 4785 ex
1136 4724 1235 4786 certis
1263 4726 1368 4788 causis
1392 4723 1598 4808 dispensavit
1614 4732 1624 4757 ²
1643 4745 1652 4801 ;
1669 4729 1704 4785 et
1732 4742 1774 4785 ex
1799 4731 1880 4787 tunc
1903 4721 1932 4784 in

612 4912 639 4967 a)
652 4913 727 4958 Certe
738 4908 875 4970 suppllquc
887 4923 912 4956 se
924 4914 1014 4955 trouve
1025 4909 1092 4955 aussi
1110 4922 1143 4955 au
1156 4914 1224 4955 tome
1238 4910 1274 4967 17,
1287 4909 1305 4957 i.
1321 4911 1384 4956 ltltlv.
1397 4937 1428 4944 -
1441 4911 1470 4972 b)
1483 4912 1510 4959 T.
1525 4913 1561 4970 16,
1575 4910 1668 4959 nullan.
1680 4937 1713 4945 -
1724 4913 1749 4969 c)
1762 4910 1790 4960 Τ.
1802 4912 1841 4968 16,
1853 4923 1934 4958 arecu-

581 4987 662 5033 11111111.

585 5092 860 5104 ———.-——.

617 5163 638 5208 1.
652 5162 687 5207 La
697 5160 763 5221 pair
775 5156 817 5203 der
829 5157 907 5203 111111
918 5157 959 5204 fut
972 5154 1057 5217 siguee
1069 5156 1092 5203 le
1104 5158 1118 5203 7
1130 5157 1193 5204 unilt
1208 5158 1268 5205 1287
1281 5156 1395 5220 (11111111,
1408 5155 1438 5202 de
1451 5157 1474 5205 S.
1490 5157 1614 5217 Lurrrberr,
1627 5164 1646 5207 t.
1659 5159 1693 5215 ll,
1707 5171 1749 5221 pp.
1763 5157 1890 5214 lou-lta).
1906 5178 1933 5188 ο

584 5238 606 5282 2.
619 5235 654 5280 lar
667 5237 697 5279 2⁰
708 5233 772 5280 avril
787 5233 848 5279 1330
861 5231 913 5292 (ib,
927 5237 946 5278 t.
960 5231 1009 5286 lll,
1022 5232 1149 5290 333-335).
1281 5248 1285 5256 ¹
1581 5245 1584 5251 ·
