4650 6059
480 811 541 875 342
984 857 989 864 .
1020 806 1105 880 1347,
1128 806 1169 869 27
1191 806 1317 871 octobre.

482 959 523 1024 de
539 957 702 1024 Bailliaco
714 968 733 1039 ¹,
749 957 868 1025 decani
884 957 967 1022 eccl.
983 956 1014 1021 S.
1028 955 1183 1041 Dyonisii
1200 954 1360 1021 Leodien.
1377 964 1412 1020 et
1427 953 1592 1041 capellani
1609 956 1827 1020 commensalis

482 1062 563 1127 dicti
580 1060 764 1142 cardinalis,
781 1061 904 1127 factam
922 1061 954 1125 in
970 1061 1124 1126 manibus
1133 1059 1224 1126 dom.
1240 1059 1390 1145 episcopi
1406 1059 1438 1125 S.
1452 1058 1568 1125 Poncii
1578 1058 1826 1139 Thomeriannn,

484 1165 658 1230 camerarii
674 1164 714 1229 V.
727 1164 769 1246 S,
787 1167 829 1230 ab
844 1165 917 1250 ipso
932 1163 975 1230 de
991 1163 1153 1230 mandato
1168 1172 1280 1229 vestro
1295 1171 1479 1249 receptam,
1495 1163 1647 1229 conferre
1661 1163 1826 1248 dignemini
1852 1167 1855 1248 1

484 1288 572 1353 mag.
588 1266 607 1345 J
611 1268 735 1334 ohanni
751 1267 897 1333 Wicardi
914 1278 934 1348 ²,
950 1268 1144 1353 presbitero,
1168 1286 1255 1351 mag.
1272 1266 1305 1331 in
1323 1274 1385 1333 art.
1402 1274 1436 1332 et
1452 1266 1571 1332 scolari
1593 1267 1735 1351 antiquo
1757 1266 1826 1332 Pari-
1852 1263 1855 1336 ἵ

484 1372 565 1437 sien.
582 1371 615 1435 in
632 1371 801 1455 theologia
817 1392 857 1437 ac
872 1372 974 1456 ipsius
990 1369 1144 1435 Balduini
1160 1370 1410 1454 consanguineo
1424 1389 1605 1454 german03
1676 1390 1744 1435 non
1759 1372 1825 1435 obst

544 1473 634 1559 quod
652 1473 761 1539 dictus
775 1471 795 1550 J
798 1474 950 1539 ohannes
964 1473 1116 1559 parroch.
1132 1474 1215 1539 eccl.
1227 1472 1270 1537 de
1284 1471 1419 1538 Thanes
1435 1481 1469 1538 et
1486 1471 1712 1559 capellaniam
1727 1472 1757 1537 S.
1772 1472 1826 1558 Spi-

486 1577 568 1642 ritus
583 1576 625 1641 de
640 1577 870 1657 Abbatisvilla,
887 1577 1088 1643 Ambianeu.
1104 1574 1202 1656 dioc,
1218 1574 1366 1642 noscitur
1382 1576 1544 1641 obtinere.
1562 1615 1603 1625 -
1627 1574 1704 1641 Fiat
1720 1574 1759 1640 R.

533 1720 634 1781 1293.
647 1712 734 1779 Item
746 1722 962 1800 supp...quat.
976 1715 1197 1800 capellaniam
1210 1712 1307 1780 B.M.
1316 1713 1517 1799 Magdalene
1526 1714 1628 1781 sitam
1637 1714 1672 1779 in
1682 1712 1826 1781 eccl.Mo

488 1818 593 1883 rinen.
609 1838 681 1884 vac.
694 1818 792 1883 simili
805 1819 908 1885 modo
923 1839 983 1904 per
997 1820 1137 1884 liberam
1153 1818 1419 1902 resignacionem
1435 1817 1537 1905 ipsius
1553 1815 1708 1884 Balduini
1724 1817 1826 1884 factam

489 1930 523 1985 et
545 1922 723 1987 admissam
740 1923 890 1989 consenc
905 1922 1088 2007 dignemini
1104 1943 1191 2008 mag.
1207 1921 1226 2000 J
1230 1922 1354 1988 ohanni
1372 1921 1540 1988 Hurtaudi
1555 1932 1576 2003 ³,
1588 1943 1677 2009 mag.
1691 1923 1723 1987 in
1735 1931 1792 1989 art.
1802 1929 1827 1986 ct

488 2027 561 2089 bac.
578 2026 611 2088 in
636 2025 708 2109 jure
724 2026 823 2106 civili,
841 2026 942 2111 ipsius
968 2024 1121 2091 Balduini
1148 2025 1265 2111 nepoti
1281 2048 1290 2105 ;
1314 2046 1383 2091 non
1406 2028 1493 2092 obst.
1509 2024 1600 2111 quod
1617 2045 1691 2092 can.
1707 2036 1741 2091 et
1755 2027 1827 2111 preb.

490 2130 571 2193 eccl.
588 2128 620 2193 S.
638 2127 726 2193 Petri
745 2128 973 2210 Maceriensis,
991 2129 1131 2195 Remen.
1143 2130 1241 2211 dioc,
1258 2137 1293 2195 et
1308 2131 1460 2215 parroch.
1476 2130 1558 2196 eccl.
1573 2129 1618 2195 de
1633 2129 1761 2215 Crotoy
1776 2129 1828 2195 sine

490 2232 708 2316 possessione,
724 2234 925 2298 Ambianen.
941 2234 1038 2314 dioc,
1054 2233 1248 2319 litigiosos..
1269 2234 1417 2299 noscitur
1433 2233 1596 2300 obtinere.
1611 2273 1655 2281 —
1673 2231 1748 2298 Fiat
1765 2232 1799 2298 R.

416 2378 418 2381 -
535 2335 612 2400 Dat.
628 2336 728 2401 Avin.
747 2356 764 2420 7
781 2335 846 2401 kal.
863 2358 941 2402 nov.
958 2344 991 2401 a⁰
1009 2343 1050 2403 6⁰.
1063 2339 1134 2420 (14,
1156 2343 1256 2421 159').

547 2472 687 2555 1294.
1496 2504 1592 2571 1347,
1609 2504 1650 2567 27
1668 2489 1801 2553 octobre.

536 2590 660 2675 Supp...
678 2588 781 2675 Hugo
796 2589 838 2656 de
855 2588 1138 2674 Ponreriis⁴,quat.
1151 2589 1290 2674 Hugoni
1305 2589 1415 2655 Gasce
1426 2589 1469 2656 de
1485 2588 1708 2670 Cardalbaco,
1719 2589 1831 2661 clerico,

495 2692 671 2759 Caturcen.
686 2693 784 2772 dioc,
800 2693 916 2778 nepoti
943 2714 1013 2773 suo,
1032 2693 1209 2779 providere
1229 2692 1413 2778 dignemini
1439 2690 1481 2757 de
1505 2701 1689 2779 personatu
1704 2693 1746 2760 de
1762 2691 1831 2759 Mer·

494 2794 592 2877 beka,
609 2795 825 2863 Cameracen.
840 2795 939 2877 dioc,
955 2816 1030 2862 vac.
1045 2817 1105 2882 per
1120 2798 1175 2861 ob.
1191 2793 1210 2873 J
1214 2795 1356 2861 ohannis
1371 2794 1413 2861 de
1429 2794 1651 2877 Cantamelle,
1668 2797 1761 2881 cujus
1774 2799 1831 2862 ben.

494 2906 704 2964 reservantur
720 2899 842 2983 quique
864 2919 970 2985 nuper
992 2908 1087 2965 extra
1105 2898 1203 2965 Rom.
1220 2899 1345 2964 curiam
1360 2897 1449 2964 diem
1466 2899 1584 2966 clausit
1601 2908 1832 2965 extremum.-

497 3000 572 3066 Fiat
600 3002 639 3067 R.

540 3106 618 3172 Dat.
634 3108 734 3173 Avin.
752 3125 769 3189 7
787 3107 853 3172 kal.
870 3129 949 3173 nov.
965 3116 998 3173 a⁰
1015 3113 1056 3173 6⁰.
1074 3108 1147 3192 (14,
1168 3109 1255 3192 160).

551 3243 687 3326 1295.
1503 3276 1598 3343 1347,
1616 3277 1658 3341 27
1675 3260 1803 3324 octobre.

543 3362 597 3424 5¹⁰⁰
614 3362 816 3426 Pater.Cum
833 3365 998 3427 Aubertus
1014 3363 1158 3429 Lubiaus
1184 3385 1243 3450 per
1269 3384 1305 3428 se
1320 3364 1427 3450 ipsum
1443 3363 1485 3428 de
1501 3362 1696 3449 Wanhaing
1711 3372 1745 3429 et
1762 3361 1834 3427 Hen-

498 3465 584 3528 ricus
600 3464 764 3548 Flarningi
781 3465 823 3530 de
835 3464 1012 3532 Toumaco
1026 3489 1086 3553 per
1100 3477 1351 3553 procuratorem
1361 3489 1456 3533 suum
1466 3466 1509 3533 de
1520 3465 1729 3533 Mouskeron
1744 3482 1835 3553 pano

499 3568 624 3633 cbiales
643 3569 811 3649 ecclesias,
828 3568 1014 3636 Tomacen.
1041 3572 1139 3653 dioc,
1163 3593 1246 3655 quas
1271 3581 1350 3637 tunc
1375 3572 1575 3638 obtinebant
1598 3591 1759 3637 excausa
1782 3585 1835 3655 per·

499 3674 700 3737 mutacionis
715 3674 890 3739 dumtaxat
912 3676 946 3738 in
970 3676 1123 3741 manibus
1140 3675 1222 3741 Ven.
1240 3676 1276 3741 P.
1293 3675 1335 3740 D.
1355 3672 1563 3759 [Stephani],
1575 3674 1679 3759 episc.
1695 3674 1728 3739 S.
1741 3666 1835 3738 Poncii

499 3774 762 3857 'l'bomeriarum
780 3779 948 3843 camerarii
965 3779 1076 3859 vestri,
1093 3799 1198 3864 nuper
1214 3780 1303 3864 apud
1326 3779 1440 3844 sedem
1465 3778 1688 3863 apostolicam
1713 3777 1836 3861 resigna·

499 3889 607 3946 runt...
624 3881 725 3967 Supp.
741 3882 908 3947 Aubertus
923 3889 958 3947 ct
975 3882 1142 3947 Henricus
1165 3882 1284 3967 prefati
1300 3889 1390 3965 quat.
1406 3880 1448 3947 de
1476 3879 1685 3946 Mouskeron
1709 3882 1840 3946 Auberto

500 3993 534 4047 et
553 3983 702 4052 Henrico
724 3985 766 4049 de
782 3983 991 4051 Wanelrainc
1011 3985 1161 4051 ecclesiis
1184 4006 1243 4070 per
1265 3984 1454 4070 hujusmodi
1477 3984 1744 4069 resignacionem
1765 4000 1841 4049 vac...

499 4086 681 4168 dignemini
704 4088 909 4172 providere...
927 4128 966 4138 —
985 4088 1062 4153 Fiat
1079 4087 1118 4153 R.

544 4190 624 4255 Dat.
640 4191 740 4255 Acin.
766 4212 783 4275 7
800 4191 866 4257 kal.
883 4213 960 4257 nov.
977 4201 1010 4257 a⁰
1027 4198 1068 4257 6⁰.
1086 4193 1159 4276 (14,
1181 4194 1283 4275 162l).

553 4325 690 4409 1296.
1509 4360 1604 4426 1547,
1618 4360 1661 4426 27
1678 4343 1808 4407 octobre.

545 4442 643 4507 Pater
659 4443 723 4508 8¹³⁰.
740 4442 823 4507 Cum
841 4445 872 4509 S.
889 4444 928 4510 V.
945 4446 1026 4509 mibi
1043 4444 1295 4511 Aldebrandino
1321 4445 1368 4509 de'
1380 4443 1504 4511 Baskio
1521 4453 1541 4525 ⁵,
1558 4466 1633 4510 can.
1649 4448 1843 4515 Atrebatem,

498 4545 644 4626 graciam
660 4546 776 4611 fecerit
791 4547 971 4632 specialem
988 4548 1020 4612 in
1031 4568 1211 4633 personam
1228 4547 1399 4612 Lanrberti
1415 4548 1550 4625 Viseric‚
1562 4548 1738 4631 presbiteri
1756 4541 1844 4612 Mori·

499 4669 576 4713 nen.
587 4649 684 4730 dioc,
698 4651 778 4715 olim
788 4671 847 4716 sex
857 4651 952 4716 annis
968 4652 1076 4716 clerici
1093 4651 1159 4716 mei
1172 4651 1431 4734 domestici,que
1440 4650 1552 4735 gracia
1563 4650 1598 4715 in
1614 4649 1845 4738 supplicatione

499 4753 643 4836 quadam
658 4754 789 4839 plenius
805 4755 996 4819 continetur
1019 4763 1053 4819 et
1074 4755 1273 4821 cancellaria
1298 4753 1574 4840 expectacioncm
1595 4754 1752 4819 beneficii
1777 4772 1799 4817 s.
1812 4766 1848 4824 c,

499 4856 588 4939 quod
605 4865 772 4943 expectat,
789 4858 831 4922 ad
850 4858 926 4922 coll.
939 4856 1059 4921 decani
1075 4867 1109 4922 et
1125 4858 1262 4942 capituli
1287 4858 1368 4921 eccl.
1385 4856 1416 4921 S.
1434 4856 1524 4921 Petri
1540 4855 1754 4938 Casletensis,
1769 4855 1850 4921 dicte

532 5091 552 5137 1.
565 5089 626 5135 von
638 5104 663 5138 n.
675 5091 723 5135 eoo
734 5104 739 5146 ;
751 5087 835 5144 viui,
848 5102 874 5134 n.
887 5088 968 5143 soom
985 5087 1018 5135 ef.
1031 5087 1127 5144 nimo,
1147 5086 1222 5146 Korz,
1236 5089 1290 5145 eoo,
1303 5089 1401 5134 1η-
1413 5090 1436 5134 a.
1448 5086 1547 5135 vorrn.
1561 5089 1632 5136 naa.
1644 5114 1677 5123 -
1688 5089 1711 5136 a.
1725 5081 1814 5135 becclo
1823 5079 1855 5124 re

498 5166 512 5206 ἵ»
525 5164 575 5209 rrrai
590 5163 651 5209 1348
664 5161 732 5221 (voir
743 5160 802 5221 plus
813 5159 865 5206 loin
878 5172 904 5206 n.
918 5160 1001 5221 1323).
1013 5186 1046 5195 -
1066 5161 1089 5207 4.
1104 5160 1163 5208 Voir
1175 5174 1200 5207 n.
1212 5162 1250 5217 32,
1263 5162 1318 5208 409.
1330 5185 1362 5193 -
1383 5162 1407 5207 5.
1419 5162 1442 5206 A
1453 5159 1598 5221 distinguer
1608 5161 1646 5210 du
1658 5170 1807 5225 personnage
1815 5151 1855 5199 (ιθ

497 5235 578 5281 monne
591 5247 657 5291 nom,
669 5230 731 5280 cure
741 5230 774 5278 de
785 5229 867 5278 Gbecl
878 5234 905 5278 et
916 5229 990 5281 chan.
1002 5232 1139 5289 d'Amiens,
1152 5231 1246 5280 decade
1257 5236 1337 5280 avaut
1348 5231 1372 5280 le
1384 5233 1415 5280 10
1426 5232 1493 5281 avril
1506 5234 1567 5280 1³44
1580 5234 1690 5295 (11·696,
1703 5233 1769 5293 115).
