4650 6059
998 793 1084 866 1346,
1109 794 1143 856 19
1166 794 1291 857 octobre.
1773 795 1827 859 281

522 945 823 1030 1082·1083.
1478 957 1572 1040 1346,
1590 976 1631 1040 19
1647 960 1785 1023 octobre.

511 1064 611 1151 Supp.
628 1062 793 1129 Nicolaus
808 1060 958 1147 Capocie
975 1071 993 1141 ¹,
1009 1060 1199 1146 prepositus
1225 1060 1257 1124 S.
1282 1059 1475 1141 Audomari,
1501 1081 1574 1146 cap.
1599 1069 1720 1141 vester,
1737 1071 1828 1145 quat.

476 1185 539 1231 can.
555 1174 592 1230 et
606 1167 701 1251 preb.
717 1164 800 1229 eccl.
815 1162 975 1242 Ariensis,
1004 1160 1173 1228 Morinen.
1200 1162 1298 1243 dioc.,
1325 1183 1399 1229 rac.
1426 1163 1459 1227 in
1488 1162 1586 1229 Rom.
1614 1183 1680 1228 cur.
1697 1184 1756 1249 per
1771 1164 1827 1228 lib.

472 1270 584 1354 resign.
601 1267 621 1347 J
624 1268 770 1333 ohannis
785 1265 943 1352 Capocie,
950 1265 1083 1351 nepotis
1099 1265 1147 1330 sui
1164 1275 1183 1347 ²,
1201 1266 1234 1330 in
1253 1265 1350 1331 Rom.
1367 1287 1434 1331 cur.
1447 1287 1507 1352 per
1518 1266 1608 1331 dom.
1625 1265 1827 1348 Ostiensem,

468 1373 504 1439 de
518 1372 685 1438 mandato
699 1380 823 1451 vestro,
839 1379 1022 1456 receptam,
1051 1368 1153 1435 Petro
1170 1369 1327 1456 Capocie,
1344 1370 1437 1435 fratri
1453 1371 1602 1455 ejusdem
1617 1371 1827 1455 resignantis,

466 1478 616 1543 conferre
632 1476 838 1562 dignemini;
855 1496 923 1540 non
940 1477 1026 1541 obst.
1043 1474 1134 1559 quod
1158 1474 1248 1539 idem
1264 1473 1383 1539 Petrus
1407 1495 1481 1539 can.
1507 1483 1541 1539 et
1565 1477 1656 1560 preb.
1684 1475 1717 1539 in
1746 1476 1827 1540 eccl.

465 1583 493 1648 S.
508 1580 697 1647 Donatiani
715 1578 902 1664 Brugensis,
918 1577 1108 1644 Tornacen.
1123 1577 1221 1658 dioc.,
1244 1586 1279 1642 et
1293 1577 1328 1643 in
1344 1579 1426 1643 eccl.
1453 1578 1485 1642 S.
1503 1576 1641 1642 Martini
1658 1576 1827 1643 Turonen.

462 1707 536 1753 can.
553 1688 616 1751 sub
633 1706 710 1770 exp.
725 1686 818 1771 preb.
834 1691 923 1749 auct.
939 1690 1047 1768 apost.
1063 1682 1214 1748 noscitur
1230 1682 1392 1746 obtinere.
1407 1722 1450 1730 -
1467 1680 1542 1746 Fiat
1559 1680 1599 1746 R.

504 1830 611 1891 1083.
630 1820 719 1886 Item
734 1842 830 1907 supp.
846 1829 938 1904 quat.
955 1841 1028 1885 can.
1045 1827 1080 1884 et
1094 1822 1187 1905 preb.
1214 1820 1296 1885 eccl.
1313 1819 1523 1902 Casletensis,
1547 1818 1713 1887 Morinen.
1729 1821 1826 1900 dioc.,

462 1945 537 1992 rac.
553 1925 588 1989 in
606 1923 707 1991 Rom.
724 1945 792 1991 cur.
807 1944 867 2010 per
891 1924 948 1990 lib.
974 1922 1094 2008 resign.
1120 1924 1224 2009 ipsius
1251 1921 1396 2005 Nicolai,
1414 1945 1486 2011 cap.
1514 1925 1626 2005 vestri,
1653 1945 1713 2010 per
1736 1924 1826 1990 dom.

462 2028 668 2109 Ostiensem,
693 2029 736 2094 de
762 2029 794 2095 S.
811 2028 851 2094 V.
867 2028 1040 2108 mandat0,
1065 2037 1247 2113 receptam,
1274 2028 1406 2114 prefato
1423 2028 1533 2109 Petro,
1558 2028 1674 2114 nepoti
1698 2050 1770 2110 suo,
1793 2029 1826 2093 in

462 2133 666 2217 adjutorium
682 2133 752 2198 vite
767 2140 802 2198 et
818 2131 929 2213 studii,
946 2131 1096 2198 conferre
1111 2131 1294 2217 dignemini
1312 2153 1400 2211 ;non
1411 2136 1496 2199 obst.
1509 2132 1600 2217 quod
1611 2131 1699 2197 idem
1710 2131 1827 2198 Petrus

462 2236 675 2322 supradictos
690 2257 763 2303 can.
790 2246 825 2302 et
851 2239 944 2325 preb.
969 2236 1000 2302 S.
1029 2236 1212 2302 Donatiani
1240 2235 1428 2321 Brugensis,
1452 2236 1640 2303 Tornacen.
1668 2236 1765 2316 dioc.,
1793 2247 1827 2302 et

462 2341 492 2404 S.
511 2339 652 2405 Martini
680 2340 848 2406 Turonen.
864 2340 1013 2405 noscitur
1029 2340 1191 2421 obtinere,
1209 2348 1243 2405 et
1259 2340 1302 2406 sit
1318 2340 1360 2406 de
1376 2362 1449 2407 can.
1465 2350 1501 2407 et
1516 2343 1607 2427 preb.
1624 2341 1826 2421 Ariensibus,

462 2443 634 2509 Morinen.
651 2444 750 2525 dioc,
766 2465 826 2530 per
840 2444 1103 2528 resignationem
1118 2444 1293 2525 JolranniS,
1312 2445 1418 2511 fratris
1435 2446 1494 2526 sui,
1510 2468 1593 2528 vac,
1612 2467 1631 2512 a
1648 2447 1679 2514 S.
1696 2447 1736 2513 V.
1752 2468 1828 2533 pro-

462 2549 554 2613 iisus
570 2554 592 2613 ⁸.
604 2585 636 2595 -
655 2546 731 2613 Fiat
749 2547 786 2612 R.

506 2653 589 2717 Dat.
606 2652 708 2717 Avin.
728 2672 766 2736 14
782 2650 847 2716 kal.
864 2673 943 2716 nov.
960 2660 994 2715 a⁰
1011 2661 1052 2735 5⁰.
1071 2653 1141 2736 (12,
1160 2655 1243 2736 681).

515 2788 667 2871 1084.
1475 2806 1569 2887 1346,
1587 2826 1627 2888 19
1644 2807 1783 2870 octobre.

505 2906 676 2991 Dignetur
692 2904 723 2969 S.
739 2904 779 2969 V.
795 2905 837 2970 de
854 2925 927 2971 can.
943 2913 978 2969 et
994 2908 1085 2990 preb.
1111 2904 1321 2972 Belvacen...
1351 2907 1459 2971 eidem
1485 2907 1639 2988 Nicolao,
1656 2909 1827 2994 preposito

463 3012 493 3075 S.
516 3009 717 3089 Andomari,
733 3017 829 3074 motu
844 3009 980 3094 proprio
1005 3008 1190 3093 providere,
1207 3009 1249 3075 de
1274 3031 1341 3094 quo
1357 3011 1388 3075 S.
1405 3009 1445 3075 V.
1462 3011 1551 3077 dom.
1578 3034 1656 3077 meo
1679 3012 1826 3078 Ostiensi

462 3114 617 3199 predicto
633 3113 777 3196 benigne
793 3122 827 3177 et
843 3112 986 3196 gratiose
1003 3113 1185 3196 respondit.
1201 3155 1244 3163 —
1262 3112 1338 3178 Fiat
1351 3124 1444 3178 motu
1461 3115 1596 3200 proprio
1614 3116 1652 3181 R.

506 3218 587 3283 Dat.
603 3218 704 3281 nun.
725 3237 762 3300 14
778 3216 844 3281 kal.
860 3238 938 3281 nor.
956 3226 988 3280 a⁰
1007 3226 1047 3300 5⁴¹.
1066 3218 1136 3300 (12,
1155 3220 1236 3300 685).

516 3353 830 3437 1085-1087.
1477 3372 1570 3453 1346,
1590 3391 1628 3453 19
1646 3373 1783 3436 maore.

506 3475 609 3559 Supp.
627 3472 840 3552 Gauceliuus,
858 3473 958 3557 episc.
975 3475 1153 3551 .-llbanen.,
1170 3481 1204 3538 et
1221 3474 1462 3558 Talayrauclus,
1479 3476 1531 3540 tit.
1549 3475 1579 3539 S.
1591 3475 1679 3539 Petri
1698 3475 1741 3541 ad
1755 3476 1827 3540 vin-

465 3578 548 3652 cula,
565 3588 601 3639 et
618 3575 829 3659 AymericuS,
846 3576 898 3640 tit.
916 3576 947 3640 S.
977 3575 1115 3640 Martini
1145 3577 1177 3639 iu
1208 3577 1393 3656 Montibus,
1421 3582 1538 3661 presb,
1562 3600 1601 3643 ac
1628 3579 1825 3657 Galliardus,

466 3684 495 3745 S.
513 3680 618 3745 Lucie
635 3680 670 3742 in
698 3679 795 3743 Silice
811 3680 897 3744 diac.
915 3679 1014 3759 carel,
1043 3693 1239 3745 executores
1266 3684 1459 3745 testamenti
1486 3704 1543 3746 seu
1570 3683 1686 3746 ultime
1710 3684 1826 3748 volun-

467 3787 543 3850 tatis
559 3790 642 3850 bon.
659 3804 759 3847 mem.
776 3783 865 3848 dom.
885 3784 1089 3868 Rayrmurcli,
1107 3785 1137 3849 S.
1156 3784 1205 3850 M.
1235 3785 1334 3851 Nove
1350 3787 1434 3851 diac.
1452 3786 1541 3851 card.
1559 3797 1577 3865 ³,
1604 3794 1695 3868 quat.
1724 3807 1826 3870 nepo-

468 3891 562 3966 tibus,
581 3889 778 3973 capellanis,
806 3889 934 3953 clericis
960 3899 993 3954 et
1020 3890 1237 3954 familiaribus
1253 3890 1400 3972 ejusdem
1428 3889 1516 3954 card.
1540 3889 1755 3972 infrascriptis
1779 3909 1826 3972 gr.

468 3992 505 4056 de
521 3991 727 4076 insrapetitis
742 3991 924 4075 dignemini
942 3992 1049 4058 facere
1065 4014 1166 4078 spec..
1183 3992 1225 4057 de
1241 3993 1359 4076 quibus
1375 3993 1484 4056 dictus
1500 3992 1675 4056 defunctus
1692 3991 1780 4055 cord.
1794 3992 1826 4055 in

471 4118 525 4161 sua
541 4095 768 4180 dispositione
785 4095 901 4159 ultima
919 4096 996 4160 lecit
1013 4097 1253 4161 conscientiam
1270 4097 1450 4180 specialem
1472 4116 1478 4159 z

506 4326 613 4388 1086.
633 4318 720 4383 Item
737 4340 832 4404 supp.
850 4320 1035 4384 cardinales
1052 4320 1203 4405 predicti,
1222 4330 1311 4403 quat.
1332 4321 1532 4404 Rayuumclu
1558 4319 1599 4382 cle
1618 4319 1736 4397 Barda,
1754 4340 1827 4403 cap.

470 4423 685 4487 commensali
710 4432 743 4486 et
770 4422 958 4488 domestico
982 4423 1129 4507 ejusdem
1148 4425 1248 4504 card,
1265 4425 1306 4488 ‹le
1324 4445 1396 4488 cau.
1415 4428 1473 4487 sub
1496 4446 1569 4508 exp.
1588 4426 1688 4508 preb,
1713 4445 1752 4488 ac
1772 4424 1827 4487 oft

470 4526 620 4590 custodie
636 4526 718 4590 eccl.
738 4526 768 4589 S.
787 4526 962 4610 Gaugerici
978 4527 1195 4592 Cameracen.
1212 4528 1308 4591 simili
1326 4528 1427 4591 morlo
1445 4530 1517 4611 [per
1535 4529 1633 4612 ipsius
1650 4528 1737 4591 card.
1754 4527 1824 4611 ob]

473 4650 539 4693 rac.
556 4629 741 4712 dignemini
758 4630 932 4713 providere
946 4653 953 4708 ;
971 4652 1038 4694 non
1056 4634 1140 4695 obst.
1158 4631 1248 4714 (ruod
1262 4632 1377 4715 ipsein
1394 4630 1623 4715 Burclegalen,
1646 4640 1680 4694 et
1693 4632 1723 4694 S.
1739 4629 1828 4693 Emi-

474 4732 789 4817 liani.Burdegalen.
806 4732 903 4812 dioc.,
921 4735 1070 4798 ecclesiis
1083 4756 1156 4799 can.
1173 4747 1207 4798 et
1224 4738 1324 4819 preb,
1338 4756 1377 4798 ac
1389 4735 1541 4819 parroclr.
1559 4736 1640 4798 eccl.
1651 4735 1692 4797 de
1706 4733 1828 4813 Lubiis,

478 4836 643 4918 :lgemrem
660 4836 758 4915 dioc.,
775 4838 924 4901 noscitur
940 4838 1102 4902 obtinere.

512 4939 571 5004 Vel
590 4940 632 5004 de
650 4962 724 5005 can.
742 4944 802 5005 sub
820 4961 896 5024 exp.
914 4944 1004 5025 preb.
1022 4941 1056 5004 in
1073 4942 1154 5005 eccl.
1172 4940 1359 5033 Tornacen.
1377 4982 1418 4988 -
1436 4940 1510 5004 Fiat
1530 4940 1568 5004 R.

506 5085 531 5143 a)
547 5086 601 5133 (bd.
619 5089 757 5148 provi-um.

503 5176 718 5188 ᾕ-

513 5217 532 5261 1.
542 5217 600 5265 Voir
611 5234 635 5267 n.
648 5222 703 5267 rer.
718 5248 748 5253 --
760 5223 783 5266 2.
796 5220 857 5266 Voir
869 5236 893 5267 n.
906 5224 945 5268 22.
957 5249 988 5254 -
1001 5223 1023 5269 3.
1036 5221 1097 5267 Voir
1109 5235 1134 5268 n.
1148 5223 1218 5267 loro.
