4650 6059
1003 770 1089 835 rara.
1114 772 1152 835 12r
1170 770 1237 851 jun
1744 773 1807 839 aru

462 922 631 1007 asingulis
646 921 685 988 B.
712 921 761 988 M.
785 922 824 989 V.
847 922 1081 989 festivitatibus
1107 923 1231 988 devote
1246 921 1465 1003 visitaverint,
1482 942 1540 987 seu
1555 942 1674 988 manus
1689 943 1805 988 eorum

462 1024 533 1091 ricte
548 1027 678 1113 capelle
694 1027 902 1113 porrexerint
917 1027 1104 1112 adjutrices,
1118 1036 1247 1112 septem
1264 1047 1371 1093 annos
1382 1035 1417 1092 et
1429 1035 1558 1113 septem
1574 1026 1804 1113 quadragenas

462 1128 489 1193 le
509 1130 724 1217 indulgentiis
739 1131 924 1197 concedere
938 1130 1122 1216 dignemini
1149 1138 1183 1196 et
1210 1130 1380 1216 indulgere
1404 1131 1558 1196 omnibus
1573 1130 1681 1196 dictas
1696 1132 1803 1198 eccle-

462 1233 530 1300 siam
545 1236 778 1323 capellamque
799 1236 1011 1303 visitantibus
1034 1235 1068 1300 in
1091 1235 1219 1302 honore
1235 1235 1324 1301 dicte
1340 1236 1372 1300 S.
1390 1233 1439 1301 M.
1455 1235 1591 1319 singulis
1611 1236 1727 1301 diebus
1743 1235 1802 1301 ali-

462 1339 578 1420 qualem
608 1338 862 1425 indulgentiam,
893 1340 1076 1406 secundum
1099 1339 1191 1422 quod
1214 1338 1255 1404 V.
1281 1338 1443 1425 placuerit
1470 1337 1520 1419 Si,
1545 1359 1621 1404 cum
1646 1339 1801 1405 omnibus

464 1440 598 1509 clausulis
612 1443 788 1529 oportunis
803 1452 840 1509 ut
855 1444 889 1508 in
904 1442 1020 1509 forma.
1036 1483 1079 1493 -
1103 1442 1179 1509 Fiat
1201 1443 1234 1508 in
1258 1442 1469 1529 processione
1485 1443 1540 1507 illa
1556 1443 1638 1508 etin
1656 1442 1746 1508 festis
1762 1442 1800 1508 B.

468 1539 496 1608 l.
506 1545 535 1609 in
549 1546 685 1631 singulis
700 1547 743 1613 de
758 1556 894 1614 centum
910 1547 1036 1613 diebus.
1054 1546 1093 1611 R.

501 1690 592 1753 1348.
610 1685 699 1751 Item
714 1706 810 1773 supp.
827 1685 867 1752 E.
879 1686 911 1752 S.
923 1686 1032 1752 dictus
1047 1686 1143 1751 miles
1158 1695 1250 1770 quat.
1267 1685 1326 1750 sibi
1343 1693 1378 1749 et
1394 1684 1465 1770 ejus
1479 1683 1627 1767 legitime
1650 1683 1743 1748 uxori
1759 1704 1799 1749 ac

472 1805 558 1853 eorum
574 1790 743 1856 cuilibet...
773 1789 864 1876 quod
878 1791 984 1877 possit
1007 1790 1113 1856 altare
1144 1790 1308 1876 portabile
1335 1797 1370 1853 et
1400 1808 1499 1873 super
1528 1807 1569 1852 eo
1599 1807 1657 1873 per
1687 1787 1798 1872 capel-

471 1888 556 1957 lanum
567 1893 739 1979 ydoneum
751 1894 811 1960 sibi
827 1903 863 1959 et
879 1915 995 1961 eorum
1020 1894 1146 1961 familie
1174 1894 1277 1960 etiam
1292 1894 1435 1973 divisim,
1451 1892 1651 1977 ubicumque
1667 1912 1725 1956 eos
1740 1912 1798 1956 seu

470 2012 557 2078 eorum
594 1999 741 2084 aliquem
766 1999 932 2066 declinare
962 2000 1149 2084 contigerit,
1174 1999 1276 2066 etiam
1303 2007 1487 2083 antequam
1512 1996 1582 2062 dies
1598 1995 1798 2076 elucesserit,

468 2100 576 2167 nisam
602 2112 638 2169 et
662 2104 729 2168 alia
751 2104 865 2172 divina
891 2102 1002 2169 officia
1037 2103 1145 2171 facere
1177 2104 1335 2170 celebrari
1359 2110 1448 2169 auct.
1478 2109 1587 2189 apost.
1615 2099 1799 2166 concedere

465 2199 624 2289 dignemini
640 2207 727 2274 utin
744 2207 859 2275 forma.
880 2245 912 2257 -
935 2205 1012 2275 Fiat
1026 2208 1059 2273 in
1077 2229 1193 2274 eorum
1208 2207 1358 2274 manerio
1372 2212 1395 2273 ⁸.
1412 2205 1453 2272 R.

499 2368 592 2431 1349.
610 2363 698 2429 Item
714 2386 809 2453 supp.
832 2365 942 2432 dictus
962 2365 1057 2432 miles
1073 2374 1163 2450 quat.
1192 2365 1390 2452 [Godesrido
1415 2366 1457 2432 de
1483 2364 1582 2445 Diels,
1599 2362 1693 2450 cler]
1711 2362 1801 2429 dicte

462 2457 661 2534 Cameracen.
677 2468 775 2550 dioc,
792 2469 924 2535 decan.
941 2469 1024 2535 eccl.
1041 2468 1072 2535 S.
1086 2469 1274 2535 Donaciani
1292 2469 1479 2554 Brugensis,
1491 2468 1678 2534 Tomacen.
1703 2467 1800 2547 dioc,

462 2562 622 2653 lignemini
639 2572 824 2658 providere,
849 2576 941 2660 preb.
957 2594 1038 2639 vero
1056 2573 1145 2661 [vac.
1160 2575 1215 2639 vel
1231 2572 1357 2660 vacat]
1382 2573 1474 2640 dicto
1490 2572 1672 2640 Godefrido
1688 2572 1801 2639 confe-

462 2673 579 2740 cndam
595 2675 774 2742 donacioni
792 2677 977 2763 apostolice
992 2687 1170 2759 reservata,
1188 2678 1273 2743 utin
1290 2677 1407 2743 forma.
1424 2718 1467 2728 -
1483 2676 1561 2742 Fiat
1578 2676 1618 2743 R.

493 2817 590 2878 1350.
608 2809 697 2877 Item
715 2833 810 2898 supp.
833 2813 943 2880 dictus
969 2814 1065 2879 miles
1091 2822 1184 2900 quat.
1203 2813 1321 2900 [Petro
1337 2813 1508 2880 Godefridi
1525 2814 1567 2880 de
1585 2813 1684 2894 Diels,
1702 2811 1796 2898 olen]

462 2906 658 2982 3ameracen.
682 2916 779 2998 dioc,
795 2918 838 2984 de
863 2939 937 2986 can.
962 2920 1044 2985 eccl.
1061 2918 1092 2985 S.
1121 2918 1278 2986 Rumoldi
1306 2917 1555 3001 Machlinensis,
1586 2919 1676 2985 dicte
1702 2918 1802 2999 dioc,

462 3012 623 3101 dignemini
639 3020 824 3106 providere,
839 3026 932 3109 preb.
948 3042 1021 3089 vac.
1037 3022 1129 3089 dicto
1145 3022 1246 3089 Petro
1262 3023 1497 3090 conferendam
1509 3023 1687 3089 donacioni
1704 3043 1801 3108 apos-

462 3120 542 3187 tolice
558 3133 777 3191 reservantes.
801 3164 828 3175 -
853 3124 929 3191 Fiat
946 3126 986 3193 R.

497 3268 585 3329 1³51.
605 3262 693 3327 Item
705 3285 799 3350 supp.
817 3265 925 3331 dictus
941 3267 1036 3332 miles
1052 3276 1143 3351 quat.
1160 3268 1221 3332 sibi
1238 3289 1278 3333 ac
1294 3268 1364 3352 ejus
1380 3267 1527 3351 legitime
1544 3267 1637 3330 uxori
1653 3287 1717 3331 nec
1733 3287 1799 3331 non

463 3361 571 3433 dilectis
586 3369 654 3433 suis
667 3368 816 3436 Gerardo
833 3370 1021 3436 Hermanni
1038 3372 1134 3436 militi
1151 3381 1186 3437 et
1204 3371 1411 3450 Hermann0,
1428 3372 1498 3455 ejus
1514 3371 1591 3452 filio,
1609 3391 1648 3436 ac
1664 3370 1799 3436 domine

466 3464 606 3553 liactildi,
625 3475 739 3540 relicte
756 3477 925 3560 quondam
942 3477 1068 3542 domini
1087 3477 1255 3561 Reynaldi
1278 3478 1320 3543 de
1333 3476 1445 3555 Cleve,
1462 3476 1586 3557 militis,
1608 3485 1643 3541 et
1658 3478 1800 3542 Alsteno

464 3570 492 3636 de
512 3576 576 3643 Urs
599 3578 732 3659 cleric0,
762 3580 882 3665 Egidio
908 3582 950 3647 de
975 3581 1091 3646 Castro
1116 3590 1150 3646 et
1176 3581 1321 3647 Beatrici
1350 3583 1419 3664 ejus
1442 3581 1534 3645 uxori
1562 3602 1601 3645 ac
1618 3580 1799 3647 Lamberto

463 3673 603 3747 Tolenere
620 3685 805 3768 presbitero
820 3693 854 3749 et
871 3685 1001 3770 Egidi0‚
1019 3687 1087 3752 filio
1103 3687 1184 3751 dicti
1203 3686 1310 3770 Egidii
1321 3686 1363 3750 de
1380 3684 1507 3765 Castro,
1519 3706 1559 3749 ac
1575 3706 1690 3750 eorum
1706 3686 1798 3751 cuili-

464 3781 503 3848 bet
514 3790 649 3873 plenam
666 3788 911 3874 indulgenciam
924 3799 958 3855 et
975 3792 1203 3856 remissionem
1232 3791 1380 3855 omnium
1396 3797 1613 3874 peccatorum
1630 3810 1763 3854 suorum
1780 3812 1799 3855 a

463 3903 527 3968 pena
551 3892 679 3977 pariter
694 3902 728 3958 et
753 3897 886 3981 aculpa
911 3899 1014 3960 semel
1030 3897 1064 3960 in
1080 3896 1196 3960 mortis
1219 3895 1359 3960 articulo
1383 3903 1470 3959 auct.
1484 3901 1590 3977 apost.
1615 3893 1799 3958 concedere

462 3987 623 4076 dignemini
640 4006 677 4062 ut
693 3998 727 4063 in
744 4000 860 4065 forma.
877 4041 920 4049 -
944 3999 1019 4065 Fiat
1033 3998 1071 4065 R.

491 4095 571 4164 ltem
587 4121 683 4187 supp.
707 4111 798 4186 quat.
823 4125 964 4168 examen
991 4105 1140 4169 omnium
1157 4104 1393 4190 predictorum,
1420 4124 1495 4168 cum
1520 4103 1621 4167 sinta
1646 4102 1746 4181 curia,
1764 4102 1796 4165 in

462 4203 591 4278 partibus
607 4202 789 4289 dignemini
806 4208 1028 4274 committere.
1047 4250 1084 4256 -
1103 4207 1343 4273 Committatur
1360 4208 1392 4271 in
1409 4208 1565 4292 partibus.
1585 4206 1623 4271 R.

491 4303 561 4373 Dat.
576 4309 679 4373 Avin.
696 4333 715 4394 4
732 4309 797 4377 kal.
806 4310 890 4396 junii
906 4317 939 4376 a⁰
956 4321 996 4396 7⁰.
1014 4313 1084 4395 (15,
1109 4314 1211 4394 122').

499 4443 652 4529 1352..
1506 4465 1599 4546 1348,
1617 4470 1657 4527 1er
1667 4461 1753 4543 jru'n.

493 4560 586 4648 Supp.
601 4563 796 4645 Anibaldus,
813 4566 914 4651 episc.
931 4567 1148 4647 Tusculanus,
1176 4576 1267 4651 quat.
1296 4568 1477 4652 Aymerico
1505 4567 1673 4632 Estanhac
1697 4568 1739 4632 de
1766 4568 1797 4633 S.

464 4657 588 4733 tuniano
616 4683 633 4749 ¹,
661 4668 878 4735 Lemovicen.
905 4670 1001 4749 dioc,
1034 4673 1208 4756 capellano
1238 4693 1297 4735 suo
1328 4672 1554 4750 commensali,
1579 4671 1620 4735 de
1647 4672 1797 4756 parroch.

466 4769 530 4833 eccl.
544 4771 583 4836 de
600 4771 771 4854 Lavanna,
789 4775 928 4840 Remen.
945 4775 1041 4855 dioc,
1059 4776 1100 4840 ad
1125 4797 1261 4860 presens
1281 4797 1354 4841 vac.
1376 4796 1435 4860 per
1451 4779 1504 4840 ob.
1520 4774 1684 4852 Johannis
1700 4778 1796 4839 Ares-

466 4869 530 4945 teli,
547 4878 674 4961 nepotis
701 4879 801 4964 ipsius
824 4880 1004 4963 Avmerici,
1022 4888 1054 4943 ct
1081 4881 1181 4964 ipsius
1208 4881 1355 4966 episcopi
1383 4880 1557 4959 familiaris,
1584 4880 1663 4943 olim
1688 4879 1795 4942 ultimi

494 5052 517 5107 a)
529 5055 576 5106 sod.
589 5060 687 5109 llaries.

475 5148 692 5172 g

502 5218 519 5266 l.
529 5219 611 5286 liuilni,
625 5243 649 5277 u.
670 5232 715 5277 555
728 5246 734 5281 ;
747 5229 829 5289 l'irlal,
844 5244 868 5277 u.
886 5231 933 5277 53⁵³
945 5248 949 5278 :
963 5232 1018 5277 voir
1030 5231 1087 5294 plus
1105 5232 1175 5292 haut,
1189 5246 1214 5280 n.
1227 5234 1266 5281 ol.
