4650 6059
486 794 542 856 612
745 810 750 821 ·
1038 792 1123 864 1352,
1150 792 1183 853 12
1207 807 1293 855 mars.

485 946 588 1009 nobili
605 947 677 1011 viro
692 947 885 1012 Alexandro
901 946 943 1011 de
960 946 991 1009 S.
1009 944 1193 1024 Desiderio,
1210 946 1251 1009 de
1267 945 1434 1010 decanatu
1458 945 1600 1011 ecclesie
1617 946 1651 1010 S.
1671 947 1835 1013 Audomni

484 1049 526 1114 de
543 1051 573 1115 S.
589 1050 792 1132 Audornam,
804 1050 973 1118 Morinen.
990 1051 1087 1129 dioc,
1102 1070 1175 1115 vac.
1192 1071 1251 1135 per
1266 1053 1320 1115 ob.
1336 1050 1507 1134 quondam
1523 1073 1613 1137 mag.
1628 1054 1793 1140 Stephani
1803 1056 1835 1120 be

485 1152 615 1218 Barrois
629 1167 648 1233 ¹,
676 1154 755 1220 dicti
781 1155 959 1220 cardinalis
986 1154 1162 1241 capellani,
1190 1154 1245 1238 qui
1271 1163 1365 1221 extra
1382 1155 1481 1221 Rom.
1506 1157 1634 1223 curiam
1652 1159 1833 1238 decessit...

483 1257 664 1341 dignemini
681 1260 855 1344 providere
874 1283 882 1340 ;
899 1283 967 1327 non
981 1264 1067 1328 obst.
1084 1261 1175 1344 quod
1190 1280 1263 1325 can.
1279 1262 1339 1325 sub
1356 1281 1430 1346 exp.
1449 1262 1544 1346 preb,
1557 1262 1706 1328 ecclesie
1723 1262 1834 1329 laudn-

484 1384 562 1428 nen.
578 1364 726 1430 noscitur
742 1366 903 1431 obtinere.
920 1407 963 1416 —
980 1365 1057 1431 Fiat
1074 1364 1114 1430 R.

527 1467 606 1534 Dat.
622 1469 720 1535 Arin.
737 1493 756 1553 4
772 1470 816 1535 id.
832 1479 930 1537 mart.
947 1479 979 1536 a⁰
1000 1477 1060 1536 10⁰.
1078 1470 1149 1552 (21,
1167 1468 1203 1535 P.
1222 1466 1266 1550 ΙΙ,
1285 1470 1368 1553 571).

534 1659 678 1745 2362.
1434 1690 1437 1697 ·
1523 1688 1618 1753 1352,
1644 1692 1686 1735 12
1704 1696 1802 1739 nrars.
1829 1741 1832 1746 ,

526 1779 627 1864 Supp.
653 1777 799 1845 Bosolus
817 1778 859 1843 de
887 1779 1005 1843 Parma
1021 1795 1042 1857 ²,
1070 1776 1263 1862 capellanus
1288 1781 1398 1839 vester
1413 1782 1448 1839 et
1475 1773 1608 1838 auditor
1632 1776 1719 1842 sacri
1736 1776 1833 1862 palatii

482 1884 666 1968 apostolici,
684 1893 718 1948 et
734 1884 869 1949 Albinus
885 1882 1144 1949 Brancbasoclre
1159 1880 1202 1948 de
1220 1879 1322 1960 Luca,
1335 1880 1489 1965 scriptor
1512 1888 1634 1959 vester,
1652 1891 1758 1965 quat,
1774 1903 1834 1949 cunr

483 1985 624 2052 Bosolus
640 1989 876 2053 canonicatum
893 1999 927 2053 et
943 1986 1148 2073 prebendam
1165 1985 1363 2065 Tornacen,
1381 1992 1414 2048 et
1431 1983 1567 2048 Albinus
1583 1984 1729 2070 predicti
1745 1986 1835 2052 archi·

481 2091 737 2178 presbiteratum
754 2090 938 2158 Ferrarien.
956 2092 1183 2172 ecclesiarum,
1200 2090 1251 2156 cui
1269 2099 1359 2156 certe
1375 2089 1494 2154 domus
1510 2097 1544 2154 et
1557 2090 1733 2175 prebenda
1749 2110 1836 2157 cano

482 2196 556 2261 nice
573 2205 648 2261 sunt
676 2217 818 2277 annexe,
845 2197 967 2282 quique
994 2196 1100 2281 major
1126 2203 1202 2281 post
1230 2194 1454 2280 episcopalem
1480 2200 1530 2258 est
1559 2193 1592 2256 in
1621 2215 1664 2259 ea
1692 2194 1837 2280 dignitas

482 2322 565 2385 quos
577 2301 776 2366 obtinebant
793 2301 826 2365 in
842 2300 941 2367 dictis
957 2300 1115 2381 ecclesiis,
1126 2319 1167 2364 ex
1181 2320 1280 2364 causa
1293 2297 1549 2384 permutationis
1560 2296 1603 2362 de
1616 2297 1683 2364 illis
1696 2299 1838 2365 faciende

482 2405 636 2483 invicem,
668 2415 702 2471 et
728 2426 795 2471 non
825 2407 917 2486 alias,
946 2406 1035 2492 apud
1061 2404 1175 2471 sedenr
1202 2412 1321 2490 apost,
1350 2402 1383 2466 in
1410 2401 1563 2468 manibus
1589 2401 1684 2468 dom.
1713 2401 1838 2486 P(etri),

482 2510 582 2594 episc.
610 2509 807 2591 Penestrini,
835 2511 924 2576 idem
961 2510 1117 2575 videlicet
1144 2507 1285 2573 Bosolus
1311 2527 1371 2592 per
1397 2516 1651 2593 procuratorem
1680 2527 1788 2588 suuni,
1811 2515 1839 2570 et

482 2614 617 2678 Albinus
629 2636 687 2700 per
703 2636 738 2679 se
755 2615 873 2701 ipsum,
890 2614 992 2679 libere
1008 2612 1216 2697 resignarint,
1235 2612 1371 2697 ipseque
1387 2610 1564 2696 episcopus
1580 2609 1690 2676 dictas
1706 2610 1839 2696 resigna·

481 2719 591 2783 tiones
606 2718 778 2784 admiserit
806 2718 895 2804 apud
922 2718 1065 2783 eandem
1091 2716 1204 2782 sedem
1220 2715 1262 2781 de
1278 2715 1412 2800 speciali
1438 2713 1601 2779 mandato
1628 2723 1747 2781 restro
1772 2714 1838 2780 rire

480 2821 572 2887 vocis
599 2823 733 2888 oraculo
760 2821 821 2887 sibi
848 2822 965 2902 sacto;
995 2820 1119 2886 Bosolo
1134 2821 1177 2885 de
1200 2819 1512 2905 arclripresbiteratu
1539 2816 1747 2884 Ferrariensi
1771 2839 1839 2884 cunr

480 2926 578 2992 dictis
593 2928 741 3007 annexis,
758 2935 793 2992 et
808 2927 928 2992 Albino
944 2926 1102 3013 predictis
1116 2925 1159 2990 de
1176 2944 1248 2990 can.
1265 2933 1299 2988 et
1316 2926 1407 3008 preb.
1424 2922 1610 2988 Tornacen.
1628 2924 1839 2989 ecclesiarum

482 3030 716 3116 predictarum,
733 3032 779 3096 sic
795 3051 879 3111 vac,
896 3029 1079 3114 dignemini
1103 3028 1279 3114 providere
1299 3051 1307 3105 ;
1332 3047 1401 3093 non
1418 3029 1503 3092 obst.
1520 3026 1611 3111 quod
1627 3027 1839 3114 archipresbi-

480 3143 616 3215 teratus,
634 3135 850 3200 canonicatus
866 3144 900 3198 et
917 3135 1084 3219 prebenda
1110 3133 1261 3218 predicti,
1279 3133 1331 3196 rel
1356 3153 1469 3197 eorum
1497 3132 1625 3215 aliquis,
1644 3132 1712 3198 sint
1738 3133 1838 3220 dispo·

480 3240 591 3304 sitioni
620 3240 709 3304 dicte
735 3240 822 3304 sedis
847 3239 1100 3323 quomodolibet
1125 3238 1282 3302 reservati
1303 3260 1310 3316 ;
1329 3259 1386 3302 seu
1403 3240 1656 3322 quibuscunque
1684 3240 1838 3305 constitu·
1878 3318 1880 3329 ¹

481 3345 635 3420 tionibus
666 3345 968 3426 consuetrulinibus
1006 3346 1060 3408 rel
1099 3343 1233 3408 statutis
1271 3342 1437 3409 dictarum
1472 3345 1701 3427 ecclesiarum,
1739 3347 1837 3412 forsan
1878 3343 1880 3350 '

478 3450 667 3534 juramento
684 3451 815 3515 vallatis
835 3474 843 3530 ;
867 3451 997 3515 etiamsi
1023 3450 1234 3516 contineatur
1260 3449 1292 3512 in
1317 3450 1373 3527 eis,
1391 3450 1480 3533 quod
1496 3449 1680 3535 recipiendi
1697 3451 1742 3516 de
1758 3471 1838 3517 noro

482 3554 514 3617 in
533 3554 595 3619 illis
612 3576 652 3618 ex
669 3575 768 3619 causa
784 3554 1044 3641 permutationis
1071 3574 1131 3639 pro
1147 3553 1301 3618 domibus
1329 3553 1453 3636 aliquid
1483 3555 1623 3632 solrere,
1642 3556 1696 3619 rel
1726 3556 1838 3622 fructus

482 3658 618 3742 alicujus
639 3660 727 3739 anni,
745 3659 776 3723 in
806 3670 879 3725 toto
903 3662 956 3725 rel
985 3660 1017 3721 in
1043 3666 1148 3742 parte,
1175 3658 1322 3743 capitulo
1348 3679 1406 3723 seu
1434 3658 1610 3723 refectorio
1635 3662 1768 3725 solvere
1794 3661 1838 3724 rel

481 3760 650 3826 dimittere
666 3773 845 3828 teneantur
865 3787 873 3844 ;
891 3786 954 3848 que
972 3766 1003 3827 in
1021 3762 1178 3849 predictis
1195 3764 1241 3828 sic
1257 3764 1456 3849 permutatis
1478 3764 1650 3830 beneficiis
1667 3758 1837 3831 decernere

482 3868 661 3951 dignemini
690 3878 723 3933 et
751 3869 860 3933 velitis
887 3871 998 3934 locum
1025 3870 1084 3934 sibi
1120 3869 1257 3933 nrininre
1286 3869 1482 3946 vindicare3
1510 3890 1549 3934 ac
1585 3869 1677 3951 quod
1706 3868 1837 3935 Bosolus

481 3974 696 4057 plebanatum
728 3974 833 4058 plebis
863 3973 904 4037 de
936 3974 1100 4055 Caldario,
1132 3973 1317 4038 Tridentin.
1348 3973 1445 4053 dioc,
1476 3982 1509 4037 et
1537 3973 1675 4039 Albinus
1705 3973 1836 4060 predicti

483 4077 700 4143 canonicatus
716 4087 750 4141 et
766 4078 951 4162 prebendas
978 4080 1011 4142 in
1037 4079 1175 4144 dirersis
1199 4078 1357 4156 ecclesiis,
1385 4087 1419 4141 et
1450 4078 1592 4161 quedam
1618 4078 1835 4143 ecclesiastica

481 4183 642 4246 beneficia
659 4182 725 4246 alia
743 4170 908 4262 obtinent,
926 4205 982 4247 seu
999 4191 1157 4267 expectat
1174 4183 1281 4246 dictus
1296 4182 1441 4259 Albinus
1459 4181 1491 4244 in
1508 4191 1618 4246 restra
1647 4183 1833 4249 cancellaria

482 4287 708 4370 exprimenda.
727 4286 810 4350 Cum
830 4288 949 4352 eodem
968 4287 1101 4367 Bos010,
1127 4286 1216 4370 quod
1242 4286 1311 4371 ipse
1338 4286 1465 4353 dictum
1492 4287 1832 4373 arcliipresbiteratunr

481 4411 546 4454 una
564 4411 638 4453 cunr
656 4392 837 4473 plebanatu
855 4392 1014 4476 predicto,
1032 4392 1156 4474 dequo
1174 4412 1193 4454 a
1210 4390 1354 4473 quinque
1379 4392 1474 4454 annis
1490 4391 1585 4471 citra,
1602 4405 1769 4479 occupato
1784 4410 1830 4477 per
1878 4449 1880 4456 .

480 4503 597 4576 gentes
614 4494 669 4557 filii
683 4494 813 4572 Barari,
827 4497 907 4559 nibil
925 4497 1086 4581 percepit,
1103 4496 1206 4559 libere
1223 4494 1369 4578 recipere
1386 4504 1420 4557 et
1436 4495 1527 4558 licite
1544 4495 1691 4587 retinere
1707 4498 1826 4567 r·aleat;
1878 4488 1880 4504 '

480 4599 644 4683 generalis
660 4600 791 4663 concilii
820 4610 853 4664 et
869 4602 1016 4684 qualibet
1040 4600 1280 4664 constitutione
1296 4598 1461 4663 contraria
1478 4619 1546 4662 non
1563 4600 1779 4672 obstantibus,
1794 4597 1825 4661 de

481 4704 640 4768 uberioris
656 4704 746 4768 dono
762 4706 865 4786 gratie
882 4706 1112 4789 dispensantes
1133 4728 1139 4781 ;
1154 4714 1188 4767 et
1205 4725 1279 4767 curn
1297 4703 1368 4767 aliis
1384 4724 1450 4766 non
1476 4705 1687 4770 obstantibus
1702 4715 1736 4770 et
1752 4705 1823 4770 clau·

482 4810 560 4872 sulis
577 4810 758 4893 oportunis,
776 4821 809 4873 et
823 4811 1063 4874 executoribus.
1081 4849 1120 4856 —
1141 4807 1216 4871 Fiat
1233 4829 1292 4891 pro
1310 4816 1449 4890 utroque
1467 4808 1498 4870 in
1517 4808 1622 4873 fornia
1641 4808 1681 4873 R.

526 4914 602 4977 bat.
619 4914 719 4978 Arin.
737 4913 811 4997 4id.
829 4924 915 4978 mart
930 4923 962 4977 a⁰
983 4922 1043 4979 10⁰.
1069 4916 1140 4996 (21,
1159 4911 1194 4975 P.
1214 4910 1257 4989 ll,
1276 4910 1386 4994 51111).

481 5111 734 5121 —————-

516 5240 535 5284 l.
549 5237 646 5284 1ἰ1111.
660 5239 696 5283 :ts
713 5241 764 5294 lar,
781 5238 848 5282 letti.
865 5263 891 5268 -—
905 5234 1037 5283 1111111,
1051 5240 1088 5283 ns.
1112 5237 1178 5282 lzlnss.
