4650 6059
481 791 520 856 66
943 791 1029 866 1318,
1053 793 1093 857 28
1115 794 1276 861 fluvias-1³¹
1295 813 1381 861 mars.

532 944 637 1029 318.
1501 977 1596 1048 1343,
1613 966 1805 1053 adsevrrer.

525 1064 623 1147 Supp.
641 1062 815 1139 Jolrannes
830 1060 872 1125 de
889 1059 992 1125 Clivis
1003 1074 1023 1141 ¹,
1040 1061 1127 1127 sedis
1142 1072 1248 1148 apost.
1265 1084 1348 1149 cap,
1365 1072 1400 1129 et
1417 1064 1583 1132 Gerardus
1610 1067 1652 1134 de
1677 1068 1849 1154 Vivari02,

481 1175 581 1253 quat,
598 1186 673 1231 cum
689 1165 863 1242 Johannes
879 1184 952 1229 can.
969 1172 1003 1229 et
1019 1167 1108 1249 preb.
1125 1186 1164 1230 ac
1189 1168 1395 1233 scolastriam
1412 1168 1444 1233 in
1464 1167 1664 1255 Maguntin,
1677 1181 1712 1238 et
1728 1174 1850 1242 Gerar-

480 1272 551 1351 dus,
568 1270 717 1355 predicti,
735 1289 806 1333 can.
822 1277 856 1333 et
871 1271 960 1353 preb.
975 1267 1148 1353 Reyssen,
1166 1269 1339 1337 Colonien.
1354 1272 1452 1354 dioc,
1476 1275 1635 1355 ecclesiis,
1660 1298 1746 1362 quos
1762 1281 1849 1345 obti-

481 1379 617 1454 nebant,
635 1375 667 1438 iu
692 1374 845 1438 manibus
869 1372 906 1436 R.
939 1372 973 1438 P.
989 1381 1023 1437 et
1046 1373 1147 1453 dom,
1164 1373 1252 1440 dom.
1268 1375 1443 1457 Jobannis,
1461 1378 1562 1464 episc.
1579 1377 1784 1464 Portuensis,
1805 1384 1848 1450 de

480 1480 615 1545 licentia
632 1480 663 1544 S.
681 1478 709 1539 V
712 1530 729 1558 .,
745 1498 804 1564 per
819 1485 1050 1564 procuratores
1066 1498 1143 1543 suos
1167 1479 1209 1544 ad
1239 1480 1304 1545 boc
1335 1481 1483 1565 legitime
1514 1485 1727 1567 constitutos,
1758 1489 1849 1574 apud

481 1584 593 1650 sedem
625 1592 731 1668 apost.
758 1604 799 1646 ex
824 1602 923 1647 causa
947 1582 1203 1667 permutationis
1227 1582 1383 1649 duxerint
1414 1585 1631 1670 resignandos
1653 1611 1661 1667 ;
1687 1589 1847 1675 idemque

480 1691 568 1756 dom.
585 1688 769 1767 cardinalis,
786 1687 828 1752 de
855 1686 1017 1751 mandato
1032 1694 1145 1752 vestro
1160 1687 1238 1751 vive
1255 1688 1348 1753 vocis
1363 1691 1498 1755 oraculo
1522 1690 1584 1756 sibi
1609 1691 1709 1774 facto,
1734 1694 1847 1780 hujus-

480 1796 569 1860 modi
587 1793 828 1877 resignationes
843 1790 977 1856 admisit
995 1814 1002 1869 ;
1018 1791 1201 1875 dignemini
1227 1791 1376 1858 Gerardo
1399 1793 1441 1859 de
1466 1815 1551 1876 can,
1567 1797 1656 1880 preb.
1682 1805 1717 1862 et
1742 1800 1847 1864 scola-

480 1899 558 1963 stria
576 1896 774 1980 Maguntin,
791 1916 830 1961 ac
846 1895 1004 1974 Johanni,
1021 1894 1189 1981 predictis,
1213 1896 1255 1961 de
1271 1917 1343 1962 can.
1359 1906 1394 1962 et
1420 1901 1509 1983 preb.
1535 1897 1707 1983 Reysseu,
1740 1903 1847 1968 eccle-

480 2004 600 2069 siarum
617 2001 850 2087 predictamm,
865 2000 912 2064 sic
928 2020 998 2064 vac.
1011 2007 1096 2064 auct.
1109 2009 1214 2086 apost.
1231 2001 1414 2085 providere.
1432 2001 1512 2068 Non
1523 2005 1609 2068 obst.
1619 2004 1710 2089 quod
1719 2003 1740 2082 J
1743 2005 1848 2071 oban-

480 2129 540 2172 nes
556 2128 626 2171 cau.
644 2114 678 2170 et
694 2107 785 2189 preb.
802 2125 841 2170 ac
859 2105 1058 2169 decanatum
1085 2102 1271 2186 Colonien.,
1302 2127 1436 2172 necnon
1468 2127 1539 2173 ean.
1564 2116 1598 2173 et
1622 2111 1713 2193 preb.
1734 2108 1847 2196 Traje·

481 2220 579 2289 cten,
607 2217 640 2274 et
666 2208 869 2274 Xanctensis
888 2215 911 2288 ⁸,
932 2207 1022 2272 dicte
1049 2207 1224 2273 Colonien.
1240 2208 1338 2291 dioc,
1365 2212 1590 2292 ecclesiarum,
1621 2220 1656 2277 et
1680 2212 1847 2280 Gerardus

480 2313 678 2378 decanatum
697 2314 725 2377 S.
743 2313 890 2377 Severini
905 2312 1091 2392 Colonien.,
1109 2332 1182 2378 can.
1199 2323 1233 2378 et
1250 2317 1338 2398 preb.
1356 2314 1524 2395 Leodien.,
1547 2316 1577 2382 S.
1604 2314 1650 2381 M.
1667 2317 1845 2402 Aquensis,

481 2416 509 2481 S.
521 2416 675 2500 Gengulfi
691 2416 992 2501 Heynsbergensis,
1003 2414 1161 2480 Leodien.
1175 2417 1272 2498 dioc,
1288 2438 1422 2484 necnon
1439 2439 1510 2485 ean.
1521 2428 1556 2485 et
1568 2422 1657 2506 preb.
1668 2440 1708 2485 ac
1725 2423 1845 2487 scolas-

480 2522 577 2585 triam
594 2521 625 2585 S.
642 2521 822 2586 Salvatoris
837 2520 1022 2605 Trajecten.
1040 2522 1266 2603 ecclesiarum,
1283 2523 1435 2588 obtinere
1450 2534 1641 2590 noscuntur.
1654 2566 1698 2575 -
1715 2524 1792 2591 Fiat
1809 2524 1845 2591 R.

525 2626 599 2719 Dat.
616 2647 668 2712 ap.
686 2625 934 2692 Villamnovanr
951 2647 967 2690 2
986 2626 1048 2692 kal.
1066 2634 1159 2705 mart.
1176 2634 1209 2691 a⁰
1229 2634 1268 2691 1⁰.
1286 2629 1299 2712 (
1303 2628 1336 2707 2,
1355 2630 1422 2712 64).

529 2767 770 2853 319·320.
1546 2798 1641 2863 1313,
1661 2800 1680 2844 1
1698 2801 1803 2845 mars,

524 2884 622 2970 Supp.
642 2884 792 2949 Fenicus
807 2883 850 2948 de
870 2882 1034 2948 Pinconio
1044 2900 1065 2963 ³,
1081 2884 1153 2947 bae.
1172 2882 1204 2945 in
1231 2883 1302 2965 leg,
1319 2901 1390 2945 can.
1416 2878 1585 2963 Leodien.,
1603 2891 1691 2966 quat.
1718 2883 1781 2949 sibi
1804 2884 1844 2949 de

480 2990 612 3055 abbatia
640 2988 795 3055 secularis
811 2988 890 3052 eccl.
907 2985 1131 3065 Amaniensis,
1149 2983 1307 3050 Leodien.
1324 2984 1419 3064 dioc,
1437 2993 1597 3050 consueta
1612 2985 1692 3052 solis
1708 2987 1843 3053 canoni-

479 3096 526 3159 cis
543 3093 701 3159 Leodien.
718 3092 886 3177 assignari,
903 3111 974 3156 vac.
989 3111 1050 3175 per
1064 3099 1208 3154 mortem
1226 3088 1399 3153 Guillermi
1414 3088 1457 3153 de
1474 3088 1654 3169 Stocheim,
1674 3090 1843 3175 quondam

479 3197 565 3263 sedis
580 3207 684 3283 apost.
702 3212 795 3282 cap.⁴,
812 3195 995 3280 dignemini
1020 3194 1195 3281 providere
1215 3217 1223 3273 3
1248 3214 1317 3259 non
1343 3195 1426 3258 obst.
1443 3193 1533 3278 quod
1558 3214 1628 3260 can.
1645 3203 1681 3260 et
1704 3177 1841 3282 preb.in

481 3303 571 3367 dicta
588 3302 745 3366 Leodien.
762 3302 840 3365 eccl.
857 3300 1007 3365 noscitur
1022 3298 1183 3365 obtinere.
1200 3339 1244 3347 —
1261 3297 1336 3363 Fiat
1353 3297 1390 3362 R.

523 3445 606 3503 320.
627 3438 713 3501 Item
730 3458 823 3524 supp.
839 3437 948 3503 dictus
965 3437 1124 3514 Fenicus,
1137 3445 1225 3522 quat.
1240 3436 1344 3521 [fratri
1361 3457 1431 3517 suo,
1445 3435 1595 3501 Roberto
1610 3435 1653 3501 de
1669 3436 1843 3514 Pinconio,

478 3547 548 3608 bac.
566 3544 598 3607 in
616 3543 702 3627 leg.,]
718 3542 760 3609 de
775 3542 923 3627 parrocb.
941 3544 1022 3608 eccl.
1038 3541 1080 3607 de
1097 3542 1277 3627 Sprirnont,
1295 3541 1456 3607 vestitura
1475 3540 1655 3626 vulgariter
1666 3541 1843 3626 appellata,

480 3645 637 3712 Leodien.
654 3646 750 3726 dioc,
767 3668 836 3712 vac.
853 3646 895 3712 de
907 3648 990 3732 jure,
1016 3668 1056 3712 ex
1073 3669 1114 3712 eo
1140 3646 1230 3731 quod
1255 3645 1479 3730 Weynrricu's,
1496 3647 1598 3710 abbas
1613 3653 1758 3710 monast.
1774 3644 1843 3709 Sta·

478 3752 652 3832 bulensis⁵,
669 3751 758 3818 dicte
774 3753 868 3833 dioc,
885 3761 1045 3838 patronus
1061 3752 1210 3837 ejusdem
1226 3752 1315 3832 eccl,
1333 3771 1373 3815 eo
1389 3757 1541 3836 tempore
1557 3769 1624 3834 quo
1639 3747 1658 3826 J
1662 3748 1788 3814 ohanni
1803 3746 1843 3813 de

480 3856 600 3943 Ruppe
617 3857 770 3937 contulit,
787 3857 946 3922 asserenti
964 3857 1045 3922 falso
1061 3878 1096 3921 se
1112 3866 1276 3921 rectorem
1292 3853 1383 3920 dicte
1400 3855 1480 3920 eccl.
1497 3862 1532 3918 et
1546 3852 1589 3918 de
1605 3851 1697 3918 facto
1712 3858 1843 3918 tantum

480 3962 670 4047 occupanti,
687 3969 759 4026 erat
774 3960 1132 4026 excommunicationis
1148 3959 1317 4024 sententia
1343 3958 1534 4038 innodatus,
1559 3956 1669 4022 eidem
1695 3954 1845 4021 Roberto

479 4064 662 4149 dignemini
678 4064 894 4149 providere⁶;
912 4085 980 4130 non
998 4067 1083 4130 obst.
1100 4063 1190 4148 quod
1207 4083 1280 4128 can.
1293 4064 1424 4149 etpreb.
1435 4060 1605 4127 §.Martini
1616 4059 1659 4124 de
1669 4057 1844 4140 Pinconio,

481 4176 515 4231 et
532 4171 645 4253 capell.
659 4169 701 4232 de
719 4168 869 4253 Fluyaco
880 4179 890 4211 ⁷
902 4169 1052 4233 noscitur
1067 4169 1272 4232 obtinere—
1289 4166 1374 4246 Fiat,
1391 4166 1416 4231 si
1434 4187 1502 4232 non
1519 4173 1569 4231 est
1584 4162 1680 4230 alteri
1697 4164 1752 4249 jus
1767 4183 1845 4248 que-

481 4271 589 4336 situm.
608 4272 645 4337 R.

526 4375 600 4441 Dat.
617 4396 669 4460 ap.
688 4376 716 4437 V
719 4377 934 4440 illamnovam
951 4375 1013 4440 kal.
1030 4383 1127 4439 mart.
1143 4383 1176 4439 a⁰
1196 4385 1231 4439 1⁰.
1250 4378 1299 4461 (2,
1319 4377 1399 4460 64').

513 4567 541 4627 a)
559 4566 614 4613 (lul.
629 4567 789 4614 Xanctoneu.

482 4679 732 4689 ——————

516 4735 537 4783 l.
551 4734 697 4792 Snuerlaml.
715 4735 745 4791 tl,
759 4736 845 4781 5117.--
863 4737 885 4780 2.
896 4733 941 4786 11).Ι
953 4735 1075 4782 dus-butt:
1090 4733 1193 4784 lliezler.
1207 4747 1231 4780 u.
1243 4733 1311 4790 1916,
1323 4733 1401 4780 2636;
1416 4730 1516 4780 Kirsclr.
1530 4730 1603 4788 Irbll,
1617 4731 1671 4784 333,
1685 4729 1729 4776 361
1743 4743 1749 4782 ;
1763 4726 1845 4776 Brom.

483 4822 507 4856 n.
520 4809 574 4862 860,
589 4809 650 4854 1213
663 4824 668 4857 :
681 4807 815 4862 deTheux,
830 4808 863 4865 11,
876 4809 904 4853 71
917 4822 922 4864 ;
937 4806 1065 4857 Bor-mnus.
1079 4807 1122 4862 lv,
1138 4808 1191 4853 166,
1202 4835 1206 4840 -
1219 4836 1233 4839 κ
1245 4809 1267 4853 3.
1279 4806 1357 4867 l‘erry
1368 4805 1400 4851 de
1413 4805 1562 4864 Picquiguy,
1572 4803 1606 4850 cf.
1616 4801 1721 4858 Riczler,
1730 4814 1756 4848 n.
1769 4800 1830 4847 1711
1841 4815 1846 4852 ;

486 4881 584 4933 Kirsch.
598 4879 672 4932 lr'oll..
686 4884 739 4930 265.
754 4883 800 4929 267
815 4881 863 4936 ;de
875 4881 970 4936 Tlreux,
986 4881 1018 4934 ll,
1032 4882 1113 4927 73-86.
1126 4909 1156 4914 —
1170 4882 1192 4927 l.
1206 4880 1266 4926 l'oir·
1278 4894 1302 4926 n.
1315 4882 1369 4926 262.
1382 4906 1389 4911 -
1401 4906 1413 4911 --
1431 4874 1585 4939 31361666
1598 4875 1719 4931 Pometia,
1732 4871 1800 4922 abbe
1815 4871 1847 4920 ‹le

483 4956 603 5013 Sturclut,
617 4960 682 5001 mort
697 4957 709 5000 ir
724 4955 791 5001 ‘thor
804 4955 881 5014 (dioc.
893 4955 924 5001 de
938 4954 1089 5014 Cuvasslmr),
1103 4954 1126 5001 lc
1139 4955 1152 5000 1
1164 4953 1219 5001 dds.
1234 4956 1295 5001 1312
1314 4951 1399 5014 (Gall.
1418 4952 1515 5009 (leviat,
1535 4950 1582 5008 111,
1599 4949 1667 5009 919),
1687 4948 1730 4995 tut-
1748 4960 1846 4995 exeom-

482 5029 568 5077 muuie
580 5044 627 5092 par
640 5028 728 5075 Berroit
744 5028 796 5075 Xll
809 5034 887 5075 avant
900 5028 923 5075 le
935 5031 949 5073 6
962 5043 1019 5076 nov.
1035 5030 1094 5075 1337
1108 5028 1269 5089 (sorrorlund.
1287 5027 1375 5075 Illreiu.
1393 5024 1452 5082 sele,
1467 5023 1626 5084 11,u.2038).
1639 5023 1691 5070 Son
1703 5033 1848 5072 enecentur

483 5105 593 5164 Hugues,
607 5104 692 5151 moine
703 5102 735 5149 ‹le
747 5102 883 5155 luucelles.
895 5117 928 5149 uu
941 5101 1039 5149 diocese
1051 5102 1082 5148 ‹le
1098 5101 1201 5152 utrivis.
1215 5103 1253 5149 lut
1268 5099 1370 5148 uomnu'·v
1382 5100 1405 5147 le
1417 5102 1448 5147 23
1459 5098 1513 5147 (lde.
1528 5099 1589 5145 1312
1599 5095 1718 5158 (Riezlea
1728 5109 1755 5144 n.
1764 5096 1826 5142 2112
1841 5109 1847 5142 ι

481 5177 544 5239 Ilva.
563 5178 583 5224 ,1
591 5178 646 5235 vin,
666 5177 703 5234 50,
726 5177 755 5223 it.
775 5177 912 5237 lla-llas).
929 5204 960 5209 --
977 5178 999 5222 6.
1014 5174 1200 5232 liirscl1‚lr'‹rll.,
1222 5177 1241 5234 l,
1254 5178 1307 5230 267,
1321 5177 1376 5222 272.
1390 5202 1419 5207 --
1438 5175 1458 5221 7.
1479 5173 1515 5219 La
1536 5170 1633 5219 furnille
1652 5168 1685 5217 de
1705 5169 1847 5229 Picquigny

480 5250 604 5315 possedait
620 5251 643 5298 la
655 5252 795 5310 seigneurie
806 5250 838 5297 dc
851 5249 917 5311 Fluy
930 5249 975 5311 (de
994 5249 1233 5310 limburg-sticum,
1256 5248 1324 5297 (brt.
1337 5248 1367 5295 de
1380 5247 1457 5294 Luni«
1467 5246 1499 5293 de
1512 5243 1587 5298 sllale,
1601 5244 1620 5302 l,
1634 5242 1703 5304 181).
