4650 6059
571 796 627 859 188
1070 795 1157 866 1344.
1180 795 1254 858 4-10
1276 794 1436 860 decembre.

569 946 701 1011 dialiter
715 945 901 1029 diligamus,
918 954 1016 1030 prout
1032 945 1121 1010 dom.
1135 943 1171 1030 [J
1175 944 1328 1031 ohanni],
1342 945 1430 1011 card.
1441 944 1682 1012 Convenarum
1699 957 1719 1027 ¹,
1732 948 1934 1034 scripsimus

571 1051 693 1114 iterato
709 1049 818 1113 eidem
835 1050 865 1113 S.
883 1048 922 1113 V.
939 1048 1175 1134 supplicamus,
1192 1056 1283 1132 quat.
1299 1048 1408 1114 eidem
1433 1047 1583 1114 Gerardo
1610 1049 1803 1116 concedere
1823 1051 1934 1137 digne·

570 1153 650 1216 mini
668 1154 810 1237 gratiam
828 1152 1081 1237 infrascriptam,
1098 1172 1209 1235 quam,
1238 1151 1341 1216 Pater
1356 1153 1421 1232 8¹³⁰,
1437 1172 1507 1218 non
1535 1151 1706 1218 modicum
1735 1154 1934 1221 habebimus

573 1257 662 1322 cordi
679 1265 820 1340 gratam.

616 1361 717 1445 Supp.
734 1359 832 1444 igitur
847 1358 1050 1439 svp-etrus,
1064 1359 1128 1423 Dei
1144 1358 1261 1442 gratia,
1277 1380 1336 1423 rex
1351 1360 1555 1443 Aragonum,
1572 1359 1764 1446 quat.[cler.
1782 1371 1818 1427 et
1833 1363 1928 1433 famil.

572 1484 632 1528 suo
647 1463 834 1528 domestico
849 1471 884 1527 et
900 1463 1061 1528 continuo
1089 1462 1316 1542 commensali,
1333 1461 1482 1527 Gerardo
1507 1462 1617 1527 Brune
1644 1462 1686 1528 de
1712 1463 1835 1551 Dyest,
1851 1466 1925 1534 Leo-

571 1566 660 1631 dien.
675 1566 773 1644 dioc,
789 1566 894 1652 mag]
914 1567 1044 1652 capelle
1060 1586 1127 1645 sue,
1143 1568 1220 1630 ben.
1236 1566 1318 1631 eccl.
1335 1586 1364 1631 c.
1387 1586 1416 1631 c.
1432 1567 1487 1630 vel
1502 1587 1527 1631 s.
1545 1587 1584 1645 c.,
1602 1566 1707 1631 etiam
1726 1568 1752 1632 si
1770 1569 1860 1655 dign.
1875 1574 1918 1636 vel

572 1691 657 1756 pers.
685 1679 743 1735 aut
770 1671 826 1735 off.
854 1671 988 1751 existat,
1014 1679 1171 1756 spectans
1199 1670 1242 1735 ad
1270 1671 1367 1736 coll...
1393 1671 1494 1756 episc.
1520 1669 1692 1752 Leodien.,
1720 1672 1746 1736 si
1776 1674 1866 1757 quod
1894 1677 1917 1740 in

573 1775 637 1839 civ.
653 1774 707 1837 vel
723 1774 809 1839 dioc.
827 1773 988 1839 Leodien.
1016 1782 1116 1838 vacat
1131 1772 1174 1837 ad
1190 1793 1326 1857 presens
1341 1774 1394 1838 vel
1412 1794 1487 1838 cum
1516 1774 1698 1853 vacaverit,
1717 1776 1810 1858 quod
1824 1776 1916 1842 dictus

573 1876 741 1942 Gerardus
756 1877 887 1942 duxerit
899 1876 1155 1962 acceptandum,
1173 1875 1412 1941 conferendum
1429 1876 1539 1941 eidem
1556 1875 1706 1942 Gerardo
1722 1886 1802 1964 post
1817 1893 1917 1965 accep·

573 1985 737 2045 tationem
748 1980 947 2065 hujusmodi,
961 1980 1134 2045 donationi
1146 1988 1255 2064 apost.
1265 1979 1448 2063 dignemini
1461 2000 1647 2060 reservare;
1660 2000 1730 2045 non
1748 1984 1834 2047 obst.
1845 1981 1918 2067 quod

572 2084 661 2149 idem
679 2083 855 2163 Gerardus,
872 2094 960 2148 auct.
977 2084 1163 2148 litterarum
1179 2091 1375 2163 vestrarum,
1392 2082 1436 2148 ad
1452 2103 1492 2147 ea
1508 2083 1672 2149 beneficia
1686 2105 1763 2168 .que
1778 2084 1918 2160 decanus,

573 2188 761 2272 prepositus
788 2196 823 2252 et
839 2188 1023 2271 capitulum
1040 2187 1122 2252 eccl.
1140 2185 1299 2251 Leodien.
1315 2186 1442 2251 habent
1465 2186 1615 2251 conferre
1625 2189 1855 2274 ‘communiter
1878 2189 1919 2253 vel

573 2290 704 2354 divisim
720 2291 804 2354 infra
819 2289 945 2355 dictam
961 2291 1042 2355 eccl.
1059 2289 1229 2369 Leodien.,
1257 2298 1435 2375 expectare
1458 2299 1615 2355 noscatur
1634 2314 1642 2368 3
1659 2312 1761 2374 quam
1780 2299 1920 2377 expecta·

475 2433 488 2456 μ
575 2395 714 2473 tionem,
734 2394 776 2459 de
792 2395 933 2460 uberiori
950 2395 1041 2460 dono
1058 2403 1169 2459 vestre
1192 2394 1308 2478 gratie,
1330 2394 1439 2459 eidem
1460 2392 1608 2460 Gerardo
1631 2394 1815 2479 dignemini
1834 2417 1921 2462 reser-

573 2518 661 2562 vare.
675 2538 717 2546 —
734 2497 811 2562 Fiat
827 2519 930 2582 usque
947 2498 990 2563 ad
1006 2519 1171 2562 summanr
1190 2517 1230 2581 70
1246 2497 1318 2562 libr.
1335 2519 1363 2563 c.
1380 2519 1419 2577 c.,
1437 2519 1478 2582 40
1494 2520 1519 2564 s.
1536 2519 1565 2563 c.
1582 2498 1622 2563 R.

619 2601 697 2665 Dat.
720 2601 818 2665 Avin.
837 2622 854 2684 3
870 2621 950 2666 non.
966 2601 1039 2666 dec.
1062 2609 1095 2665 a⁰
1119 2611 1161 2684 3⁰.
1184 2605 1231 2684 (7,
1257 2604 1324 2685 92).

627 2747 735 2829 772.
1567 2782 1661 2846 1344,
1678 2787 1696 2845 4
1715 2765 1891 2828 decembre.

619 2867 720 2952 Supp.
746 2865 932 2930 Bernardus
959 2864 1106 2946 Consilii,
1133 2886 1219 2948 mag.
1245 2866 1278 2928 in
1305 2873 1365 2929 art.
1382 2878 1403 2945 ²,
1429 2873 1519 2956 quat.
1536 2866 1595 2931 sibi
1612 2866 1655 2931 de
1670 2866 1841 2931 decanatu
1856 2867 1929 2932 eccl.

576 2971 693 3055 colleg.
711 2971 742 3034 S.
758 2969 873 3034 Amati
892 2969 935 3034 de
958 2969 1086 3048 Duaco,
1107 2971 1304 3033 Atrebatem
1321 2968 1418 3048 dioc,
1434 2990 1494 3055 per
1509 2977 1656 3034 vestram
1673 2971 1929 3035 reservationem

576 3074 665 3160 apud
682 3073 797 3139 sedem
812 3080 919 3157 apost.
936 3055 1072 3152 factam,
1096 3093 1170 3136 vac.
1196 3092 1255 3157 per
1281 3080 1425 3137 mortem
1449 3094 1537 3158 mag.
1555 3072 1662 3157 Egidii
1686 3073 1729 3138 de
1745 3072 1904 3139 Curcellis
1913 3083 1931 3152 ³,

576 3178 684 3242 ultimi
701 3177 819 3242 decani
836 3176 995 3269 ejusdem,
1007 3176 1061 3258 qui
1079 3175 1111 3239 in
1128 3175 1279 3260 partibus
1295 3176 1358 3240 illis
1373 3176 1463 3240 diem
1479 3177 1598 3242 clausit
1614 3184 1813 3255 extremum,
1830 3177 1931 3243 eidem

577 3279 749 3344 Bemardo
764 3278 945 3362 dignemini
963 3278 1138 3365 providere
1152 3302 1160 3356 ;
1177 3300 1245 3343 non
1262 3280 1440 3364 obstquod
1456 3280 1545 3345 idem
1561 3279 1749 3346 Bernardus
1766 3283 1849 3347 eccl.
1865 3302 1933 3367 par-

578 3384 669 3447 roclr.
686 3383 728 3447 de
745 3383 915 3463 Wassiers,
933 3384 1023 3448 dicte
1039 3384 1136 3463 dioc,
1153 3386 1302 3449 noscitur
1326 3385 1488 3463 obtinere,
1505 3404 1563 3448 seu
1579 3383 1669 3467 quod
1684 3404 1758 3449 can.
1776 3388 1837 3450 sub
1864 3406 1933 3470 exp.

580 3491 672 3572 preb.
688 3489 770 3552 eccl.
787 3488 818 3551 S.
835 3488 1028 3567 Audomari,
1046 3487 1213 3553 Morinen.
1231 3490 1327 3569 dioc,
1343 3489 1491 3554 noscitur
1514 3497 1700 3573 expectare.
1713 3529 1757 3537 —
1774 3487 1851 3554 Fiat
1867 3489 1906 3554 R.

626 3590 704 3654 Dat.
720 3591 818 3655 Avin.
833 3612 849 3654 2
867 3612 945 3656 non.
962 3591 1034 3656 dec.
1051 3600 1084 3656 a⁰
1101 3600 1142 3676 3⁰.
1160 3593 1207 3676 (7,
1226 3593 1309 3675 86⁸⁶).

632 3740 742 3823 773-
1545 3771 1639 3834 1344,
1657 3771 1699 3815 ro
1715 3754 1896 3816 decantare.

623 3857 723 3942 Supp.
741 3857 940 3941 Stephanus
957 3855 1009 3920 tit.
1034 3856 1088 3921 SS.
1104 3855 1123 3933 J
1127 3856 1269 3921 ohannis
1285 3863 1319 3919 et
1336 3853 1428 3918 Pauli
1446 3856 1553 3939 presb.
1579 3852 1667 3918 card.
1683 3864 1703 3931 ⁴,
1720 3864 1813 3937 quat.
1830 3854 1937 3939 provi·

578 3960 655 4025 dere
680 3959 862 4044 dignemini
889 3960 1004 4044 nepoti
1022 3981 1082 4024 suo
1098 3960 1247 4024 Amaldo
1262 3957 1403 4036 Alberti,
1419 3960 1494 4022 bac.
1512 3957 1544 4020 in
1561 3957 1635 4041 leg,
1652 3977 1725 4029 can.
1741 3960 1834 4041 preb.
1859 3960 1937 4023 cccl.

579 4065 610 4129 S.
628 4064 715 4128 Petri
733 4064 890 4142 Ariensis,
903 4062 1070 4128 Morinen.
1087 4065 1184 4143 dioc,
1201 4064 1243 4128 de
1259 4063 1469 4149 prepositura
1485 4061 1632 4146 ejusdem
1648 4062 1730 4126 eccl.
1741 4070 1761 4141 ⁵,
1778 4062 1822 4127 ad
1839 4084 1936 4146 quam

579 4167 651 4250 quis
663 4166 838 4230 consuevit
854 4187 913 4250 per
923 4167 1124 4231 electionem
1138 4168 1259 4232 assumi
1272 4176 1307 4232 et
1319 4167 1371 4231 cui
1388 4187 1467 4232 cura
1481 4166 1633 4230 imminet
1647 4166 1845 4246 animamm,
1863 4189 1936 4233 cum
1964 4250 1967 4256 .

578 4270 723 4342 vacabit,
745 4277 925 4353 postquam
947 4269 1134 4353 Audopnus
1154 4272 1283 4334 rllbcrti
1293 4270 1314 4348 ⁶,
1336 4270 1388 4334 cui
1405 4270 1436 4333 S.
1448 4269 1487 4333 V.
1507 4268 1549 4332 de
1572 4269 1739 4333 decanatu
1762 4270 1793 4334 S.
1815 4270 1937 4346 Atedii,

580 4363 795 4428 Lemovicen.
813 4363 910 4440 dioc,
920 4364 1077 4448 providit,
1094 4365 1243 4450 ejusdem
1258 4365 1377 4429 decan.
1393 4365 1637 4450 possessionem
1653 4364 1829 4449 pacificam
1843 4366 1938 4431 fuerit
1961 4429 1963 4434 .

581 4475 773 4545 assecutus;
801 4487 870 4530 non
887 4468 972 4530 obst.
990 4468 1079 4551 quod
1095 4489 1170 4533 can.
1187 4476 1221 4532 et
1237 4471 1327 4553 preb.
1345 4467 1378 4530 in
1391 4469 1473 4533 eccl.
1491 4466 1694 4532 Noviomen.
1720 4468 1883 4534 obtineat.
1899 4510 1939 4518 -

582 4576 658 4641 Fiat
675 4577 715 4640 R.

624 4680 704 4744 Dat.
719 4681 817 4745 Avin.
834 4702 853 4764 4
871 4680 914 4744 id.
929 4680 1002 4743 dec.
1019 4685 1052 4743 a⁰
1069 4685 1112 4761 3⁰.
1129 4679 1177 4761 (7,
1195 4680 1277 4760 92').

613 4939 633 4984 l.
653 4937 718 4983 Jcan
739 4935 770 4983 dc
792 4938 958 4995 ComminguS,
973 4936 997 4984 ÷
1017 4949 1068 4981 non
1085 4934 1108 4981 lo
1126 4935 1156 4979 20
1169 4947 1227 4979 nov.
1248 4934 1307 4979 1344
1321 4930 1425 4994 (Eubcl,
1440 4931 1473 4988 11,
1489 4931 1532 4991 15)
1546 4933 1609 4979 mais
1623 4932 1684 4977 1316
1698 4930 1794 4992 (Tllcol.
1808 4930 1861 4979 hit.
1873 4932 1939 4981 Zeu..

580 5011 648 5067 1898,
662 5009 710 5056 col.
723 5009 792 5067 686).
856 5012 878 5056 2.
890 5009 952 5055 Voir
972 5024 997 5055 n.
1020 5010 1058 5054 65.
1078 5035 1111 5040 -
1130 5007 1152 5053 3.
1166 5006 1227 5052 Voir
1238 5020 1263 5052 n.
1276 5007 1375 5052 6111-
1394 5005 1416 5051 4.
1438 5002 1548 5050 Etlonnc
1561 5004 1665 5058 Aulrcrt,
1678 5002 1710 5049 dc
1722 5003 1845 5065 Limogcs,
1858 5003 1898 5052 ev.
1910 5005 1941 5052 de

579 5084 718 5140 (llermont,
733 5082 791 5144 plus
802 5083 860 5129 tard
873 5097 938 5143 papo
950 5097 1009 5128 sous
1021 5081 1044 5127 le
1056 5095 1115 5126 nom
1127 5079 1280 5126 d'lnnoccnt
1292 5078 1337 5125 vl.
1350 5103 1382 5111 -
1393 5080 1416 5122 6.
1430 5075 1454 5121 ll
1465 5079 1504 5123 est
1515 5075 1567 5123 cite
1578 5091 1676 5123 commo
1688 5076 1723 5123 tel
1736 5076 1759 5124 lc
1771 5078 1785 5123 4
1798 5092 1867 5125 mars
1879 5080 1941 5126 1349

578 5155 710 5218 (Berlibrc,
732 5155 829 5201 Iuraret.
852 5155 958 5216 arurlyt,
981 5170 1004 5201 n.
1024 5154 1092 5213 178).
1105 5181 1136 5187 -
1148 5155 1170 5200 6.
1184 5152 1206 5199 Il
1218 5153 1260 5199 lut
1271 5149 1328 5199 eree
1347 5148 1461 5198 cardinal
1483 5162 1531 5210 par
1542 5164 1586 5196 son
1599 5150 1671 5197 oncle
1684 5150 1707 5197 le
1721 5153 1748 5197 15
1761 5150 1856 5199 fdvrier
1879 5154 1941 5200 1353

579 5230 686 5292 (Eubel,
701 5231 720 5287 1,
735 5229 786 5289 19).
799 5228 860 5275 Voir
872 5244 897 5277 n.
910 5229 957 5274 633
978 5230 1033 5277 765.
