4650 6059
424 768 486 832 394
942 765 1030 837 1349,
1055 766 1124 828 7-13
1143 765 1272 845 janvier.

424 918 513 983 liaris
530 917 661 983 Mathei
676 918 719 983 de
739 917 831 1003 Trya
847 928 866 999 ¹,
884 916 1008 995 militis,
1022 916 1148 981 domini
1164 915 1208 981 de
1226 914 1409 983 Monciaco
1424 926 1544 1000 castro,
1562 919 1691 985 domini
1706 922 1765 1004 regis

425 1021 631 1087 Francorum
656 1022 775 1087 secreti
802 1021 931 1087 consilii
953 1019 1132 1100 consiliari,
1149 1028 1241 1103 quat.
1266 1020 1360 1087 sibi...
1376 1021 1419 1086 de
1445 1042 1521 1088 can.
1542 1024 1628 1088 eccl.
1654 1023 1685 1087 S.
1701 1023 1765 1088 Gau-

423 1126 523 1210 gerici
541 1123 948 1210 Cameracendignemini
961 1123 1149 1209 providere,
1159 1126 1252 1208 preb.
1263 1144 1346 1190 vero
1361 1124 1453 1211 [vac.
1464 1128 1518 1191 vel
1531 1126 1664 1213 vacat.]
1678 1127 1765 1211 digne-

424 1230 505 1294 mini
521 1250 708 1309 reserrare;
725 1249 794 1293 non
812 1231 899 1293 obst.
921 1227 1012 1311 quod
1031 1230 1109 1291 ben.
1136 1227 1219 1293 eccl.
1241 1227 1285 1292 ad
1310 1229 1386 1295 coll.
1412 1230 1563 1317 episcopi
1589 1239 1625 1296 et
1653 1232 1764 1316 capituli

423 1333 624 1398 Ambianen.
641 1332 790 1398 noscitur
806 1340 996 1417 expectare.
1012 1366 1055 1376 —
1072 1329 1150 1396 Fiat
1167 1330 1208 1397 R.

468 1436 546 1501 Dat.
562 1436 663 1501 Avin.
682 1457 698 1500 2
716 1457 795 1502 non.
808 1436 937 1521 januar.
954 1443 986 1500 a⁰
1004 1442 1046 1518 7⁰.
1065 1436 1135 1519 (16,
1154 1438 1220 1519 93).

477 1557 615 1638 1472.
1457 1590 1554 1655 1349,
1572 1590 1592 1656 7
1601 1570 1731 1653 y'antu'cr.

468 1674 556 1740 Item
579 1683 677 1761 pater
692 1674 748 1739 8⁰¹⁰
764 1695 841 1739 curn
856 1674 966 1740 dictus
982 1672 1100 1737 Petrus
1116 1671 1268 1753 Barrerii,
1278 1673 1406 1740 domini
1421 1675 1509 1760 regis
1525 1674 1666 1742 Francie
1680 1697 1761 1742 secre-

423 1781 527 1845 tarius
542 1790 561 1859 ²,
587 1776 766 1859 Morinen.,
783 1786 817 1843 et
830 1777 1009 1863 Gregorius
1026 1776 1125 1856 Socii,
1142 1776 1174 1841 S.
1191 1776 1377 1857 Clodoaldi,
1391 1777 1550 1845 Parisien.
1567 1780 1664 1859 dioc,
1679 1781 1760 1846 eccle·

423 1886 546 1950 siarum
562 1884 781 1949 canonicatus
808 1890 843 1947 et
866 1882 1054 1966 prebendas
1078 1901 1118 1947 ac
1143 1882 1365 1967 capellaniam
1389 1883 1503 1949 altaris
1525 1884 1557 1949 S.
1576 1883 1760 1951 Ludoviciin

423 1987 566 2053 ecclesia
582 1986 613 2051 S.
635 1985 793 2050 Germani
817 1984 1117 2051 Autissiodorensis
1145 1986 1314 2067 Parisien.,
1331 2009 1372 2052 ex
1399 2009 1502 2054 causa
1529 1988 1762 2075 permutationis

425 2091 511 2154 inter
526 2110 584 2154 eos
599 2088 641 2153 de
657 2089 705 2154 eis
720 2087 884 2167 faciende,
897 2087 931 2151 in
952 2088 1107 2153 manibus
1132 2088 1173 2153 R.
1192 2088 1227 2155 P.
1246 2089 1288 2154 D.
1305 2090 1404 2155 electi
1421 2090 1453 2157 S.
1470 2091 1566 2158 Pauli
1582 2093 1762 2168 Tricastini,

424 2193 664 2277 resignationes
691 2190 880 2276 hujusmodi
905 2191 1043 2256 nomine
1070 2200 1183 2258 vestro
1208 2193 1427 2275 admittentis,
1453 2216 1514 2280 per
1534 2205 1764 2283 procuratorem

425 2297 558 2362 adhoc
588 2297 737 2381 legitime
768 2297 1000 2376 constitutum,
1026 2296 1129 2362 libere
1154 2297 1362 2381 resignarint,
1393 2300 1600 2384 supplicatur
1626 2306 1765 2386 exparte

425 2400 607 2466 eorundem
624 2408 714 2484 quat.
731 2400 832 2465 Petro
847 2400 890 2465 de
906 2420 979 2465 can.
994 2408 1029 2465 et
1051 2403 1144 2486 preb.
1172 2400 1204 2465 S.
1229 2400 1403 2468 Clodoaldi
1420 2411 1456 2468 et
1471 2406 1660 2491 capellania
1676 2404 1765 2471 altatis

427 2503 458 2567 S.
476 2501 648 2583 Ludovici,
661 2511 696 2568 et
712 2501 873 2586 Gregorio
884 2502 1044 2589 predictis
1059 2503 1102 2568 de
1129 2525 1203 2570 can.
1219 2512 1255 2569 et
1281 2507 1373 2590 preb.
1390 2504 1561 2573 Morinen.
1578 2509 1717 2593 prefatis
1729 2507 1765 2572 sic

425 2606 632 2684 vacantibus,
644 2606 827 2690 dignemini
842 2606 1028 2691 providere,
1045 2607 1175 2673 etiamsi
1192 2608 1355 2674 beneficia
1370 2607 1560 2694 hujusmodi
1577 2614 1632 2677 vel
1647 2612 1765 2677 alterum

425 2710 571 2794 ipsorum
596 2709 717 2775 fuen'nt
741 2709 915 2775 collationi
946 2718 1055 2796 apost.
1082 2711 1284 2795 generaliter
1307 2714 1361 2777 vel
1386 2713 1577 2798 specialiter
1597 2723 1765 2791 reservata:

424 2832 494 2876 non
511 2815 597 2877 obst.
613 2811 704 2895 quod
719 2812 809 2878 idern
825 2811 943 2878 Petrus
963 2813 998 2878 in
1015 2812 1199 2880 Nivemen.
1224 2815 1477 2897 thesaurariam,
1494 2825 1529 2883 et
1546 2818 1581 2883 in
1607 2820 1719 2885 eadem
1739 2824 1765 2880 et

424 2916 458 2979 in
475 2915 637 2982 Parisien.
651 2916 870 2981 canonicatus
884 2926 920 2982 et
934 2919 1037 3003 preb,
1048 2925 1083 2983 et
1106 2917 1286 3001 Gregorius
1308 2918 1343 2982 in
1359 2917 1398 2985 B.
1416 2917 1465 2984 M.
1481 2920 1523 2986 de
1541 2920 1720 2988 Meleduno
1740 2927 1765 2984 et

423 3019 456 3083 S.
474 3018 611 3084 Martini
624 3018 666 3084 de
691 3018 841 3085 Huriaco
856 3020 1075 3085 canonicatus
1091 3028 1126 3084 et
1143 3024 1246 3106 preb,
1263 3020 1353 3087 acin
1370 3021 1424 3087 SS.
1441 3022 1603 3110 Stephani
1618 3025 1661 3091 de
1673 3026 1765 3090 Duno

423 3123 510 3207 regis
525 3131 560 3187 et
584 3123 719 3188 Andree
743 3123 786 3188 de
813 3121 1095 3209 Castroradulphi,
1123 3124 1290 3190 Senonen.
1314 3134 1349 3190 et
1374 3124 1555 3193 Bituricen.
1583 3129 1680 3207 dioc,
1696 3126 1765 3194 acin

422 3226 515 3291 dicta
529 3228 688 3292 Parisien.
705 3228 863 3307 ecclesiiS,
880 3236 1060 3313 perpetuas
1072 3229 1277 3313 capellanias
1289 3230 1441 3294 obtinere
1453 3244 1648 3299 noscantur.
1658 3274 1697 3283 —
1710 3231 1765 3296 Fiat

424 3352 487 3415 pro
503 3340 644 3415 utroque
658 3331 698 3395 R.

470 3435 548 3501 Dat.
564 3436 664 3500 Avin.
682 3455 699 3519 7
716 3436 761 3501 id.
772 3437 901 3520 januar.
917 3445 948 3501 a‘·
964 3445 1006 3521 7⁰.
1020 3438 1090 3520 (16,
1108 3440 1192 3522 89⁸).

483 3565 622 3650 1473.
1433 3599 1529 3663 1349,
1547 3599 1588 3644 τι
1599 3579 1737 3659 januar.

470 3683 571 3767 Supp.
595 3681 706 3746 Guido
732 3680 784 3746 tit.
802 3680 833 3746 S.
850 3680 974 3746 Cecilie
990 3685 1098 3767 presb.
1111 3681 1211 3762 card,
1225 3691 1317 3765 quat.
1333 3682 1513 3767 capellano
1528 3703 1590 3748 suo
1601 3683 1765 3749 domestic<

425 3786 561 3851 Oddoni
577 3786 619 3850 de
636 3784 772 3849 Turnon
789 3785 831 3849 de
855 3793 979 3851 canet
1003 3788 1096 3870 preb.
1121 3787 1203 3851 eccl.
1221 3785 1420 3866 Tonracen,
1438 3785 1529 3872 apud
1547 3786 1664 3852 sedem
1680 3793 1765 3873 apost

424 3912 483 3975 per
499 3893 553 3956 ob.
571 3888 722 3955 Durandi
739 3888 879 3953 Cornuti
895 3899 915 3967 ³,
932 3888 1014 3953 olim
1039 3889 1188 3972 ejusdem
1215 3889 1392 3955 cardinalis
1408 3890 1592 3970 camerarii,
1617 3892 1672 3976 qui
1699 3910 1765 3977 aput

424 3996 537 4060 sedem
553 3994 696 4059 eandem
712 3993 802 4057 diem
826 3994 943 4058 clausit
960 4002 1158 4072 extremum,
1176 3994 1383 4074 vacantibus,
1400 3994 1583 4077 dignemini
1594 3995 1762 4079 providere

424 4099 595 4163 beneficiis
612 4119 676 4181 que
700 4097 788 4161 idern
802 4095 902 4162 Oddo
913 4097 1044 4161 obtinet
1060 4104 1093 4160 et
1105 4097 1179 4161 aliis
1194 4117 1264 4162 non
1281 4097 1502 4162 obstantibus.
1518 4137 1562 4145 —
1579 4096 1656 4164 Fiat
1672 4098 1711 4164 R.

471 4204 547 4267 Dat.
563 4203 664 4266 Avin.
682 4223 699 4284 3
718 4202 761 4266 id.
774 4204 901 4285 januar.
918 4212 951 4267 a⁰
968 4211 1010 4287 7⁰.
1028 4203 1098 4285 (16,
1120 4205 1222 4284 108l).

483 4330 780 4411 1474·1478.
1439 4344 1743 4428 1549,13janz·icr.

471 4448 615 4511 Rotnlrts
622 4450 855 4534 familiarirmz
872 4448 1047 4528 Anibaldt',
1064 4448 1202 4534 episcopi
1218 4446 1406 4513 Tusculani.

472 4552 558 4616 Item
576 4554 658 4636 sign.
682 4553 791 4618 dictus
807 4554 984 4638 episcopus
1003 4552 1215 4640 [Anibaldus
1233 4553 1334 4638 episc.
1353 4551 1593 4639 Tusculanus],
1610 4553 1701 4638 quod
1713 4573 1765 4618 cur

427 4657 458 4719 S.
490 4654 529 4719 l'.
561 4656 650 4721 dom.
675 4656 796 4720 Alexio
823 4655 864 4719 de
894 4655 987 4721 Urbe
1011 4669 1031 4735 ⁴,
1064 4657 1144 4721 olim
1173 4656 1300 4720 cantori
1324 4664 1359 4720 et
1384 4655 1550 4720 canonico
1580 4657 1765 4742 prehendat

426 4760 562 4824 minoris
587 4761 758 4846 prebende
782 4760 923 4826 ecclesie
948 4761 1024 4824 coll.
1053 4760 1084 4824 S.
1113 4759 1296 4824 hadomari
1324 4758 1365 4823 de
1393 4759 1424 4824 S.
1449 4759 1657 4842 Audomar0,
1686 4758 1765 4825 Mori

426 4884 502 4928 nen.
541 4864 637 4944 dioc,
672 4864 714 4928 de
752 4865 870 4950 majori
904 4863 1073 4948 prebenda
1111 4864 1200 4927 dicte
1239 4863 1390 4941 ecclesie,
1428 4874 1510 4928 tunc
1546 4864 1639 4949 apud
1676 4863 1765 4929 seder

425 4976 536 5052 apost.
561 4978 704 5033 vacante
730 4968 861 5033 duxerit
887 4966 1144 5052 providendum,
1173 4978 1207 5031 et
1232 4967 1459 5053 postmodum,
1487 4977 1673 5053 antequam
1700 4968 1764 5033 dict

462 5135 482 5179 l.
497 5132 557 5178 l'nir
574 5148 598 5180 n.
617 5135 672 5180 aot.
685 5160 715 5169 -
728 5135 750 5179 2.
764 5133 802 5178 (li.
818 5132 914 5178 llnchct
930 5138 954 5178 ot
973 5133 1044 5192 Giry,
1062 5131 1159 5179 (hrtnl.
1178 5132 1208 5178 dn
1224 5130 1391 5184 Tlrdronanne.
1405 5146 1428 5194 p.
1441 5132 1488 5180 308
1501 5148 1507 5184 :
1521 5132 1620 5185 Mollnt.
1634 5149 1659 5183 n.
1669 5135 1715 5190 titt:
1729 5132 1765 5189 rte

431 5210 444 5250 I
451 5207 555 5266 lentant,
569 5207 598 5266 V,
613 5222 637 5256 tt.
649 5210 721 5255 5155.
734 5234 764 5239 -
777 5208 800 5254 3.
813 5206 873 5251 l'oir·
885 5220 909 5253 n.
922 5208 976 5263 (305,
989 5208 1043 5263 913,
1059 5207 1128 5253 1120.
1141 5234 1172 5239 —
1186 5208 1207 5253 l.
1220 5205 1307 5253 Alexis
1320 5205 1455 5262 Fretlcrici,
1468 5220 1493 5253 n.
1508 5208 1578 5263 1219,
1593 5209 1662 5255 123Ἰ.
