4650 6059
991 810 1079 885 1345,
1101 808 1192 874 19-23
1211 808 1321 889 juillet.
1778 815 1834 881 219

530 962 639 1044 886
1506 995 1567 1059 134
1570 995 1600 1056 5,
1618 996 1659 1059 19
1669 975 1792 1057 juillet.

520 1082 607 1166 Sign.
637 1080 773 1166 Egidius
800 1079 843 1145 de
869 1076 993 1143 Werda
1021 1086 1030 1112 ¹
1053 1085 1088 1142 et
1114 1076 1290 1155 Johannes
1316 1077 1426 1144 dictus
1451 1079 1683 1165 Dolbelsteyn,
1710 1091 1721 1115 ²
1747 1082 1837 1166 quod

481 1208 580 1273 nuper
595 1186 659 1272 ipsi
675 1184 889 1250 intendentes
916 1204 990 1249 can.
1014 1192 1049 1247 et
1061 1184 1164 1268 preb,
1181 1202 1264 1264 quos
1281 1181 1417 1266 Egidius
1443 1183 1476 1247 in
1494 1183 1525 1249 S.
1550 1184 1689 1250 Servatii
1704 1184 1836 1271 Trajec-

480 1291 587 1372 tensis,
615 1298 651 1355 et
675 1288 851 1367 Johannes
874 1285 1016 1374 predicti
1043 1285 1077 1349 in
1102 1284 1133 1350 S.
1151 1284 1241 1349 Petri
1269 1286 1302 1350 in
1327 1285 1446 1352 Zittert
1473 1287 1632 1367 ecclesiis,
1649 1296 1684 1353 et
1699 1290 1780 1354 eccl.
1798 1289 1836 1354 B.

482 1395 662 1461 Katherine
675 1394 708 1459 in
722 1391 822 1459 Nova
838 1392 935 1457 Curia
947 1411 1052 1478 prope
1063 1389 1267 1475 Trajectum,
1284 1387 1442 1455 Leodien.
1459 1390 1556 1472 dioc,
1573 1391 1780 1472 obtinebant,
1793 1392 1837 1457 ad

480 1500 620 1566 invicem
637 1507 836 1585 permutare,
852 1497 942 1563 dicta
957 1516 1016 1561 sua
1028 1492 1193 1561 beneficia
1209 1493 1242 1557 in
1258 1493 1412 1558 manibus
1424 1493 1835 1581 dom.[Steplrani],episc.

480 1603 708 1684 casinensis...
724 1602 943 1687 resignarunt.
960 1600 1072 1683 Quare
1099 1619 1194 1684 supp.
1212 1606 1302 1681 quat.
1327 1596 1475 1675 Johanni
1492 1598 1534 1664 de
1551 1601 1581 1666 S.
1599 1600 1738 1665 Servatii
1755 1600 1836 1666 Tra-

479 1708 644 1793 jectensis,
660 1715 695 1773 et
712 1705 832 1791 Egidio
847 1705 890 1771 de'
905 1704 937 1769 S.
954 1703 1043 1769 Petri
1059 1703 1093 1767 in
1108 1702 1229 1767 Zittert
1245 1722 1319 1767 can.
1335 1711 1370 1767 et
1386 1704 1488 1789 preb,
1504 1711 1539 1769 et
1555 1705 1637 1769 eccl.
1653 1703 1691 1769 B.
1711 1704 1836 1769 Katlre-

482 1814 547 1878 rine
562 1812 732 1898 predictis,
756 1809 845 1896 apud
869 1807 983 1874 sedem
1009 1816 1116 1894 apost.
1144 1828 1203 1893 per
1229 1807 1394 1895 prefatam
1422 1809 1575 1894 resignat.
1603 1809 1729 1875 factam
1751 1830 1836 1893 vac,

484 1917 661 2001 dignemini
677 1913 863 2001 providere.
881 1951 913 1961 -
935 1911 1011 1978 Fiat
1028 1911 1068 1977 R.
1526 1903 1529 1907 “

524 2021 603 2086 Dat.
620 2020 719 2085 Asin.
741 2040 784 2103 14*
795 2017 861 2083 kal.
878 2037 951 2102 aug.
968 2024 1001 2082 a⁰
1017 2024 1060 2101 4⁰.
1079 2018 1127 2102 (9,
1146 2016 1230 2101 97⁹).

531 2182 646 2264 887.
1508 2217 1602 2280 1345,
1620 2217 1660 2282 19
1671 2196 1793 2278 juillet.

524 2302 626 2387 Supp.
643 2300 733 2365 Boso
749 2299 911 2384 Quintini,
928 2308 1019 2383 quat.
1040 2299 1159 2386 [famil.
1176 2320 1236 2365 suo
1254 2299 1354 2366 Petro
1370 2299 1412 2365 de
1429 2298 1566 2382 Laubel,
1584 2300 1677 2387 cler]
1698 2305 1838 2367 Atreba-

488 2415 549 2471 ten.
564 2406 663 2487 dioc,
679 2406 722 2471 de
748 2406 900 2491 parroch.
928 2406 1010 2471 eccl.
1026 2405 1069 2471 de
1092 2403 1253 2485 Caminis,
1280 2404 1467 2471 Tomacen.
1495 2405 1591 2487 dioc,
1618 2427 1678 2492 per
1702 2407 1839 2472 clericos

489 2512 647 2576 seculares
661 2511 760 2575 solita
775 2510 960 2595 gubernari,
970 2531 1044 2576 vac.
1056 2531 1117 2597 pro
1129 2509 1271 2595 eoquod
1283 2512 1370 2594 mag.
1384 2510 1501 2576 Petrus
1510 2510 1552 2576 de
1565 2511 1710 2577 Sarcone
1721 2522 1742 2592 ³,
1759 2512 1839 2577 olim

489 2616 582 2702 ipsius
597 2616 680 2682 eccl.
690 2625 815 2697 rector,
830 2616 994 2702 prefatam
1022 2617 1103 2682 eccl.
1132 2623 1208 2701 post
1235 2616 1310 2681 coll.
1327 2615 1369 2681 de
1385 2615 1457 2700 ipsa
1473 2616 1533 2680 sibi
1550 2616 1673 2681 factam
1690 2636 1749 2695 per
1764 2618 1839 2682 abb.

488 2728 518 2785 et
531 2742 630 2785 conv.
646 2719 839 2785 monasterii
857 2720 888 2785 S.
906 2720 994 2786 Petri
1021 2719 1219 2801 Gandensis,
1236 2719 1423 2786 Tornacen.
1440 2720 1537 2800 dioc,
1554 2721 1597 2786 ad
1623 2741 1723 2805 quem
1750 2721 1840 2787 dicte

487 2826 621 2891 ecclesie
649 2826 787 2891 collatio
813 2827 958 2912 pertinet
984 2827 1085 2912 pleno
1117 2827 1199 2911 jure,
1226 2834 1379 2891 cessante
1408 2824 1651 2911 impedimento
1678 2826 1839 2909 legitim0,

486 2931 583 2996 tn'bus
598 2929 697 2995 annis
713 2931 766 2996 vel
783 2931 871 2997 circa
887 2931 995 2997 tenuit
1022 2942 1057 2997 et
1083 2931 1241 3018 possedit,
1258 2931 1343 2996 sicut
1360 2931 1469 2997 adhuc
1485 2930 1633 3016 possidet
1648 2931 1789 3016 pacifice
1806 2938 1841 2996 et

486 3037 602 3119 quiete,
620 3035 744 3101 fructus
758 3036 975 3123 percipiendo
1001 3060 1042 3102 ex
1070 3037 1200 3116 eadem,
1217 3037 1372 3121 infraque¹
1387 3036 1495 3102 dictos
1511 3044 1578 3100 tres
1601 3036 1706 3101 annos
1721 3056 1789 3100 non
1805 3055 1840 3099 se

488 3140 557 3204 fecit
575 3140 827 3225 promoverint
854 3152 904 3205 est
926 3143 1016 3226 juris,
1035 3164 1074 3208 ac
1101 3163 1200 3227 super
1226 3142 1290 3207 lroc
1315 3141 1566 3227 dispensatione
1592 3141 1754 3206 canonica
1770 3162 1838 3205 non

487 3249 620 3309 obtenta
637 3269 644 3323 ;
662 3256 776 3329 etque
793 3255 888 3311 tanto
905 3257 1055 3333 tempore
1073 3249 1206 3313 vacavit
1228 3248 1317 3330 quod
1344 3248 1413 3330 ejus
1430 3247 1515 3324 coll,
1542 3245 1723 3309 secundum
1741 3244 1839 3310 Late-

487 3351 629 3414 ranensis
645 3359 774 3415 statuta
791 3352 932 3431 concilii,
951 3353 993 3417 ad
1015 3352 1128 3417 sedem
1146 3360 1254 3436 apost.
1275 3351 1359 3436 [est]
1377 3351 1524 3433 legitime
1540 3350 1710 3427 devoluta,
1727 3349 1840 3433 digne-

487 3456 559 3518 mini
576 3454 751 3539 providere
766 3478 773 3533 ;
791 3477 857 3520 non
875 3460 959 3522 obst.
977 3477 1187 3539 quacumque
1204 3454 1430 3519 reservatione
1447 3476 1506 3539 per
1521 3476 1581 3519 vos
1597 3463 1655 3519 aut
1669 3454 1841 3539 predeces-

488 3578 570 3621 sorcs
586 3567 716 3622 vestros
732 3558 774 3622 de
790 3560 880 3624 (licta
898 3561 978 3625 cccl.
997 3562 1105 3626 forsan
1124 3562 1223 3625 l'acta.
1236 3602 1278 3608 —
1296 3560 1371 3624 Fiat
1390 3560 1428 3624 R.

528 3664 603 3728 Dat.
620 3664 721 3728 Avia.
743 3685 779 3747 14
796 3664 861 3730 kal.
879 3686 952 3748 aug.
977 3677 1009 3730 a*¹
1026 3677 1059 3749 4⁰
1076 3675 1097 3731 ¹¹.
1116 3668 1164 3748 (9,
1187 3670 1272 3749 roo).

534 3828 644 3909 888.
1511 3858 1604 3921 1345,
1625 3860 1664 3920 23
1676 3837 1798 3919 juillet

527 3948 625 4032 Supp.
642 3946 834 4010 Tersolctus
849 3944 891 4008 de
908 3945 1068 4023 Pictavia,
1085 3946 1324 4031 primogenitus
1340 3943 1429 4009 dom.
1448 3943 1607 4007 Ludovici
1624 3943 1666 4007 de
1682 3942 1841 4020 Pictavia,

493 4052 614 4115 comitis
645 4050 890 4115 Valentinensis
913 4058 947 4113 et
973 4050 1112 4130 Diensis,
1126 4060 1218 4134 quat.
1240 4048 1402 4135 [Jolranni
1428 4048 1470 4112 de
1497 4047 1607 4125 Sartis,
1632 4047 1719 4125 cler,
1735 4046 1839 4131 mag]

493 4155 518 4217 in
531 4167 601 4232 art„
615 4155 815 4219 Ambianen.
837 4154 934 4232 dioc,
952 4156 1095 4237 quicum
1114 4156 1146 4218 in
1170 4155 1309 4239 pucritia
1325 4174 1383 4217 sua
1400 4153 1527 4217 litteras
1542 4152 1666 4228 docuit,
1684 4162 1718 4214 et
1735 4150 1844 4215 adhuc
1940 4219 1942 4221 ,

495 4256 670 4323 chricum
699 4267 732 4322 et
761 4257 922 4321 Karolum
948 4257 990 4320 de
1016 4258 1166 4323 Pictavia
1195 4266 1332 4342 patruos
1353 4278 1429 4321 suos
1446 4257 1477 4319 in
1497 4255 1673 4340 primitivis
1697 4256 1845 4319 scientiis

494 4361 674 4439 introducit,
692 4362 837 4444 regimen
855 4362 1019 4425 scolarum
1038 4362 1100 4425 civ.
1126 4361 1154 4424 T
1157 4382 1324 4439 oruacen,
1342 4368 1537 4424 consuetum
1556 4380 1614 4443 per
1631 4359 1844 4423 scolasticum

494 4468 564 4531 eccl.
592 4467 780 4530 Tornacen.
797 4466 892 4528 amris
908 4466 1043 4547 singulis
1060 4465 1225 4548 magistris
1253 4465 1286 4527 in
1314 4474 1374 4528 art.
1403 4464 1568 4528 duntaxat
1596 4463 1762 4527 committi
1788 4484 1845 4527 scu

495 4571 632 4649 conferri,
659 4591 736 4634 eum
762 4569 943 4646 vacaverit,
971 4569 1131 4652 (prarndiu
1169 4569 1287 4632 vixerit
1327 4568 1414 4632 idern
1443 4567 1623 4646 Johannes
1649 4588 1707 4651 per
1731 4589 1765 4630 sc
1792 4568 1843 4630 vel

497 4673 585 4738 alium
614 4674 658 4738 ad
681 4674 746 4737 lroc
773 4669 1207 4758 ydoneumexercendum,
1234 4695 1308 4737 cum
1337 4673 1402 4736 suis
1426 4673 1559 4757 juribus,
1577 4671 1784 4755 pertinentiis
1811 4680 1845 4735 et

525 4890 548 4941 al
563 4890 595 4936 la
607 4890 690 4935 nidore
702 4889 842 4950 suppliquc.
857 4888 955 4947 rdligdc
967 4891 981 4936 ἡ
995 4905 1042 4951 pcu
1060 4888 1117 4952 pri-s
1136 4890 1201 4936 «lans
1214 4890 1247 4935 lcs
1266 4888 1359 4936 mdmcs
1372 4893 1469 4935 terinos.
1483 4904 1508 4933 sc
1521 4893 1638 4934 rctrouvc
1649 4900 1682 4931 au
1697 4885 1738 4932 fol.
1754 4887 1797 4931 128
1810 4884 1845 4929 ‹lu

504 4961 570 5008 nilum
581 4964 682 5009 volume
695 4978 751 5009 sous·
769 4963 792 5009 la
804 4963 864 5009 datc
876 4964 910 5009 vlu
923 4970 938 5009 S
953 4963 985 5011 id.
998 4979 1064 5025 arua,
1079 4966 1142 5010 mais
1153 4978 1185 5009 on
1200 4971 1289 5009 trouve
1301 4978 1331 5009 cn
1346 4977 1431 5019 rnrrrgc
1444 4962 1466 5008 la
1480 4975 1611 5019 laniarunt·
1625 4974 1629 5003 :
1656 4974 1700 5004 noa
1718 4963 1751 5002 aa!
1772 4959 1845 5020 repla-

504 5036 590 5083 frunda

506 5169 732 5188 Ἁ-

533 5270 550 5315 l.
563 5271 658 5327 Kirsch,
673 5272 744 5327 lr'all..
757 5276 811 5321 278.
824 5302 855 5308 —
867 5277 889 5322 2.
899 5274 977 5322 111-
990 5275 1012 5321 3.
1027 5275 1109 5321 l'icrrc
1118 5274 1150 5321 «le
1161 5276 1250 5321 Servon
1263 5290 1268 5330 ;
1282 5288 1305 5320 v,
1315 5287 1339 5320 n.
1350 5273 1396 5319 400
1409 5288 1414 5327 ;
1429 5267 1544 5325 Berlin-o,
1560 5270 1740 5330 [ιη-1111111,
1755 5285 1778 5318 n.
1793 5272 1846 5319 134.
