4650 6059
562 811 623 875 292
1072 804 1159 878 1847,
1183 804 1268 867 10-12
1289 803 1417 885 janvier.

564 958 758 1046 appellavit,
774 966 809 1022 et
826 976 925 1021 causa
939 976 1000 1041 per
1015 954 1047 1020 S.
1063 953 1103 1020 V.
1120 955 1219 1020 certis
1234 956 1439 1022 auditoribus
1460 958 1647 1038 commissa,
1665 980 1742 1024 curn
1758 960 1793 1024 in
1810 960 1928 1026 eadem

565 1065 761 1130 conclusum
778 1060 886 1140 fuerit,
902 1059 992 1125 idem
1017 1058 1194 1139 Gerardus,
1211 1059 1297 1124 sicut
1322 1060 1398 1125 Deo
1423 1062 1559 1145 placuit,
1576 1061 1610 1126 in
1628 1060 1727 1128 Rom.
1744 1084 1813 1129 cur.
1841 1063 1929 1129 diem

566 1167 685 1234 clausit
701 1174 899 1231 extremum.
910 1163 995 1229 Cum
1010 1171 1124 1229 autem
1139 1164 1308 1249 predictus
1325 1165 1513 1246 Durandus,
1529 1174 1667 1252 propter
1692 1167 1929 1252 importunita-

565 1281 636 1335 tem
652 1268 851 1355 petentium,
868 1267 999 1332 dubitet
1015 1267 1049 1331 in
1062 1267 1134 1350 jure
1150 1287 1211 1332 suo
1226 1267 1408 1350 molestari,
1425 1275 1460 1333 et
1484 1289 1583 1354 super
1598 1291 1640 1336 eo
1663 1271 1794 1355 gravari
1811 1271 1928 1336 labori-

565 1379 628 1441 bus
644 1383 678 1439 et
703 1372 867 1459 expensis,
896 1391 1099 1455 quamquam
1124 1373 1251 1437 bonum
1279 1380 1314 1435 et
1339 1373 1466 1438 clarum
1489 1373 1542 1457 jus
1568 1382 1702 1459 reputet
1729 1395 1765 1439 se
1781 1375 1927 1453 habere;

567 1498 662 1562 supp.
679 1483 769 1561 quat.
786 1476 905 1561 ipsum,
922 1474 967 1540 ad
981 1474 1223 1539 removendum
1246 1474 1384 1539 dubium
1408 1476 1598 1560 hujusmodi
1625 1486 1659 1543 et
1685 1479 1928 1544 molestationi-

567 1585 629 1645 bus
645 1579 860 1658 obviandum,
878 1578 911 1642 in
929 1577 1020 1643 omni
1033 1577 1106 1662 jure
1122 1585 1156 1642 et
1172 1578 1215 1644 ad
1231 1598 1332 1643 omne
1344 1580 1408 1663 ius,
1425 1580 1515 1664 quod
1541 1581 1634 1647 dicto
1650 1581 1803 1649 Gerardo
1818 1590 1928 1669 posset

568 1691 761 1769 competere
777 1683 811 1747 in
828 1703 901 1748 can.
917 1689 952 1745 et
968 1683 1059 1767 preb.
1075 1680 1243 1765 predictis,
1267 1682 1449 1767 dignemini
1471 1686 1660 1769 subrogare,
1688 1685 1927 1752 constitutione

567 1787 658 1853 dom.
683 1785 847 1851 Bonifacii
874 1805 962 1870 pape
983 1782 1068 1848 VIII
1097 1805 1166 1849 non
1193 1787 1289 1866 obst,
1314 1807 1354 1852 ac
1381 1786 1484 1853 etiam
1509 1808 1579 1852 non
1606 1790 1692 1854 obst.
1717 1788 1875 1855 omnibus
1897 1790 1927 1853 in

569 1891 667 1957 dictis
683 1890 802 1954 litteris
814 1889 994 1967 contentis,
1010 1896 1045 1953 et
1061 1909 1160 1974 super
1175 1888 1241 1955 hoc
1257 1889 1416 1955 mandare
1443 1890 1512 1955 fieri
1529 1892 1659 1958 litteras
1682 1913 1759 1959 cum
1776 1894 1927 1960 clausulis

570 1994 744 2079 oportunis
759 2001 794 2057 et
810 1992 1053 2057 executoribus.
1070 2031 1110 2041 —
1129 1990 1204 2057 Fiat
1218 1992 1258 2058 R.

614 2097 691 2161 Dat.
707 2096 810 2162 Avin.
825 2096 892 2162 kal.
905 2096 1031 2181 januar.
1048 2103 1080 2160 a⁰
1098 2103 1139 2179 5⁰.
1157 2097 1229 2179 (10,
1248 2097 1315 2180 73).

623 2233 752 2312 II2I.
1574 2267 1729 2333 1547,1o
1743 2247 1890 2330 ybnvr'er.

613 2350 716 2436 Supp.
732 2350 764 2415 S.
777 2349 817 2415 V.
832 2347 993 2414 Matheus
1007 2349 1051 2414 ad
1065 2347 1169 2413 Latus
1182 2358 1202 2429 ¹,
1220 2349 1253 2414 in
1271 2350 1486 2418 Parlamento
1500 2352 1586 2439 regis
1603 2351 1745 2418 Francie
1761 2352 1930 2438 quondam

570 2455 672 2540 ipsius
687 2462 892 2539 procurator,
908 2462 999 2538 quat.
1015 2454 1076 2519 sibi
1103 2456 1145 2522 de
1170 2455 1282 2521 media
1305 2456 1462 2541 portione
1486 2458 1640 2542 parroch.
1657 2457 1740 2522 eccl.
1762 2456 1806 2522 de
1822 2456 1930 2541 Braya

572 2557 705 2622 comitis
729 2556 879 2637 Roberti,
907 2556 1064 2623 Parisien.
1088 2557 1186 2639 dioc,
1212 2558 1397 2643 dignemini
1422 2559 1598 2645 providere
1611 2582 1619 2639 ;
1641 2579 1711 2625 non
1738 2561 1826 2625 obst.
1843 2559 1932 2645 quod

573 2681 646 2726 can.
663 2668 698 2725 et
710 2662 802 2746 preb.
819 2661 900 2726 eccl.
918 2658 1086 2727 Morinen.
1103 2670 1137 2726 et
1154 2683 1227 2728 can.
1244 2664 1304 2726 sub
1329 2683 1404 2748 exp.
1428 2665 1522 2748 preb.
1538 2664 1621 2729 eccl.
1636 2663 1842 2729 Ambianen.
1857 2684 1931 2728 nos

573 2766 659 2831 citur
674 2765 836 2830 obtinere.
853 2804 896 2814 —-
912 2762 988 2829 Fiat
1005 2765 1045 2831 R.

615 2869 693 2934 Dat.
708 2869 809 2935 Avin.
825 2892 844 2954 4
862 2868 905 2934 id.
918 2868 1047 2952 januar.
1063 2876 1096 2933 a⁰
1113 2877 1154 2953 5⁰.
1173 2870 1244 2953 (10,
1263 2870 1324 2953 2').

623 3006 751 3087 1122·
1581 3040 1675 3105 1347,
1692 3043 1733 3087 rr
1743 3020 1891 3103 janvier.

615 3123 716 3208 Supp.
733 3122 901 3187 Amoldus
917 3120 1010 3202 Loef,
1026 3142 1153 3207 pauper
1178 3123 1255 3187 cler.
1272 3122 1505 3207 Trajectensis,
1522 3125 1657 3190 scolaris
1681 3125 1716 3188 in
1731 3127 1806 3210 leg,
1828 3146 1933 3211 nepos

572 3226 734 3292 Florentii
750 3226 792 3290 de
808 3224 939 3302 Jutfaes
954 3236 974 3305 ²,
997 3226 1085 3291 sedis
1100 3233 1208 3311 apost.
1233 3227 1408 3311 capellani,
1425 3235 1515 3311 quat.
1531 3228 1573 3294 de
1600 3248 1673 3293 can.
1690 3236 1725 3293 et
1739 3232 1834 3313 preb.
1852 3229 1933 3293 eccl.

570 3331 602 3394 S.
620 3328 757 3394 Martini
775 3328 945 3408 Leodien,
962 3349 1037 3394 vac.
1064 3349 1124 3415 per
1148 3332 1202 3393 ob.
1228 3328 1366 3394 Gerardi
1388 3330 1430 3395 de
1455 3330 1568 3396 Comu
1582 3341 1603 3411 ³,
1628 3332 1776 3397 cantoris
1797 3343 1833 3397 et
1861 3353 1933 3398 can.

570 3433 719 3518 ejusdem
735 3432 827 3512 eccl,
845 3432 900 3516 qui
926 3441 1020 3497 extra
1036 3431 1135 3499 Rom.
1163 3454 1231 3499 cur.
1259 3433 1412 3514 decessit,
1440 3435 1622 3519 dignemini
1646 3435 1848 3520 providere;
1865 3456 1934 3502 non

570 3539 656 3602 obst.
673 3535 764 3620 quod
778 3538 854 3600 ben.
872 3536 915 3601 ad
931 3538 1007 3601 coll.
1024 3556 1096 3622 cap.
1114 3537 1145 3602 S.
1163 3536 1252 3602 Petri
1269 3537 1493 3622 Trajectensis
1518 3540 1668 3604 noscitur
1683 3548 1878 3625 expectare.
1899 3577 1930 3588 -

572 3639 648 3705 Fiat
665 3639 705 3704 R.

614 3745 691 3809 Dat.
708 3743 808 3807 Avin.
826 3763 843 3827 3
862 3742 905 3808 id.
920 3744 1047 3828 januar.
1062 3751 1095 3808 a⁰
1113 3752 1154 3829 5⁰.
1172 3745 1345 3828 (12,180).

624 3880 912 3967 1123-1124.
1581 3912 1675 3978 1347,
1693 3915 1734 3959 12
1744 3893 1892 3976 jonvier.

614 4002 716 4086 Supp.
746 3998 904 4078 Matlrias,
923 3998 1024 4082 episc.
1052 3997 1338 4083 Trapesondinen.
1352 4010 1375 4078 ⁴,
1393 4018 1480 4083 mag.
1496 3998 1529 4062 in
1546 3998 1660 4079 theol,
1684 3997 1755 4064 ord.
1772 3997 1808 4062 B.
1827 3997 1877 4063 M.
1893 3999 1936 4064 de

574 4105 695 4171 Monte
711 4103 865 4182 Carmeli,
877 4103 910 4166 in
927 4102 1015 4168 dioc.
1031 4100 1246 4168 Cameracen.
1262 4123 1484 4182 commorans
1496 4111 1587 4187 quat.
1601 4101 1785 4187 Margarite
1797 4103 1841 4169 de
1856 4102 1935 4168 Ber-

572 4212 641 4273 laer
656 4216 691 4271 et
709 4208 801 4272 Hille
817 4205 859 4271 de
875 4205 1096 4271 Barenchove
1112 4227 1151 4271 ac
1169 4205 1364 4286 Katherine,
1387 4207 1453 4271 filie
1470 4205 1633 4272 Beatricis
1655 4207 1801 4292 Spapeu,
1818 4208 1934 4272 mulie-

572 4314 661 4376 ribus
686 4311 900 4375 Cameracen.
926 4310 1024 4390 dioc,
1059 4309 1143 4396 [ind.
1170 4312 1204 4374 in
1234 4320 1333 4377 mort.
1358 4309 1435 4396 art]
1468 4310 1650 4395 dignemini
1680 4310 1863 4395 indulgere.
1893 4351 1934 4359 —

575 4415 652 4480 Fiat
676 4415 716 4480 R.

617 4558 717 4617 1124.
737 4551 823 4616 Item
841 4572 935 4637 supp.
953 4551 1041 4616 idem
1057 4550 1158 4636 episc.
1175 4559 1265 4634 quat.
1282 4552 1352 4635 ejus
1368 4550 1489 4616 clerico
1502 4548 1644 4615 Matheo
1655 4549 1698 4615 de
1709 4549 1841 4631 Vellen,
1857 4552 1934 4616 cler.

575 4654 792 4720 Cameracen.
817 4655 914 4732 dioc,
932 4654 974 4718 de
1000 4656 1077 4719 ben.
1102 4656 1184 4719 eccl.
1212 4662 1316 4739 spect.
1341 4654 1383 4718 ad
1410 4655 1516 4719 coll...
1546 4654 1619 4720 dec.
1635 4662 1670 4718 et
1694 4674 1769 4739 cap.
1795 4655 1879 4720 eccl.
1897 4652 1933 4718 B.

574 4756 694 4823 Gudile
711 4757 976 4822 Bruxeliensis...
995 4758 1170 4843 providere
1186 4758 1379 4842 dignemini.
1394 4799 1439 4806 —
1455 4757 1532 4822 Fiat
1549 4757 1589 4823 R.

618 4859 704 4926 Item
721 4883 817 4946 supp.
834 4870 925 4944 quat.
943 4859 1098 4942 Mariam,
1116 4862 1217 4925 filiam
1244 4860 1409 4938 Johannis
1429 4859 1570 4925 Gherais
1594 4860 1636 4926 de
1659 4860 1827 4941 Bruxella,
1843 4862 1932 4947 puel·

574 4965 641 5029 lam
663 4967 857 5043 litteratam,
875 4964 1091 5030 Cameracen.
1116 4965 1214 5044 dioc,
1238 4965 1398 5029 mandare
1422 4964 1604 5048 dignemini
1629 4965 1732 5051 recipi
1759 4965 1792 5029 in
1817 4985 1932 5030 mona·

605 5171 788 5218 11011118.
806 5198 838 5206 -
853 5173 876 5219 2.
889 5170 951 5217 Voir
963 5184 988 5219 n.
1001 5173 1055 5219 322.
1073 5197 1105 5204 —
1121 5171 1144 5219 3.
1162 5171 1289 5230 Poncelet,
1308 5170 1385 5232 Flete,
1407 5172 1459 5219 169.
1477 5169 1575 5219 Gerarrl
1592 5168 1634 5217 del
1649 5168 1696 5217 (br
1712 5172 1752 5217 est
1767 5167 1820 5216 cue
1836 5180 1931 5216 oomme

572 5245 679 5291 cbantre
691 5257 722 5290 cn
735 5245 798 5291 1330
810 5244 1023 5305 (Schoonbroodt,
1034 5243 1183 5303 St-Marrin,
1197 5258 1221 5307 p.
1234 5245 1285 5305 56),
1298 5251 1324 5293 et
1336 5244 1359 5292 le
1373 5247 1402 5292 19
1414 5259 1482 5292 mars
1496 5246 1557 5292 1339
1567 5242 1621 5305 (rb,
1631 5243 1683 5303 63).
1693 5269 1724 5277 -
1736 5243 1759 5290 4.
1767 5242 1830 5290 Voir
1841 5256 1867 5291 n.
1879 5241 1929 5288 914.
