4650 6059
480 755 519 819 22
1020 753 1107 825 2222,
1130 751 1300 832 rajano.

527 912 603 972 103.
629 904 716 970 Item
737 912 827 989 quat.
844 906 918 988 [suo
934 908 1011 972 cler.
1028 903 1182 991 Simoni]
1199 903 1335 970 Bumeti
1352 906 1394 971 de
1410 905 1534 971 Albino
1549 904 1592 970 de
1608 925 1682 970 can.
1699 913 1734 981 et
1749 908 1835 990 preb.

481 1011 514 1073 in
531 1010 610 1075 eccl.
628 1009 656 1072 S.
673 1008 763 1073 Petri
778 1008 933 1087 Aniensis,
950 1008 1115 1076 Morinen.
1140 1008 1237 1089 dioc.,
1264 1009 1444 1094 dignemini
1469 1007 1655 1094 providere,
1671 1029 1741 1074 non
1757 1011 1836 1074 obst.

482 1112 573 1197 quod
588 1114 703 1197 capell.
720 1112 895 1197 hospitalis
910 1113 943 1177 in
959 1113 1038 1177 villa
1053 1110 1222 1197 Hysdinii,
1237 1110 1401 1179 Morinen.
1413 1114 1509 1193 dioc.,
1521 1112 1670 1178 noscitur
1682 1111 1839 1177 obtinere.
1882 1130 1892 1176 ς

485 1256 526 1265 -
544 1214 618 1280 Fiat
635 1214 675 1280 R.

530 1350 610 1409 104.
634 1342 721 1409 Item
747 1346 822 1428 [suo
845 1346 920 1411 cler.
945 1344 1140 1428 Guillelmo]
1165 1345 1208 1410 de
1235 1346 1267 1410 la
1295 1345 1379 1409 Palu
1408 1345 1451 1414 de
1476 1366 1551 1411 can.
1575 1353 1610 1410 02
1640 1349 1734 1432 preb.
1762 1346 1843 1411 eccl.
1882 1348 1893 1400 :³

485 1448 666 1528 Belnensis,
684 1448 810 1514 Eduen.
825 1449 912 1515 dioc.
929 1490 972 1498 —
999 1448 1076 1514 Fiat
1101 1449 1134 1513 in
1161 1449 1241 1514 eccl.
1270 1448 1301 1515 S.
1318 1446 1495 1533 Gangerici
1517 1446 1735 1514 Cameracen.
1762 1448 1802 1513 R.

529 1552 605 1616 Dat.
622 1572 675 1637 ap.
693 1551 940 1619 Villamnovam
959 1572 976 1637 7
993 1551 1058 1618 kal.
1075 1572 1150 1636 aug.
1167 1559 1201 1617 a⁰
1220 1560 1257 1617 1⁰.
1274 1551 1316 1636 (Ι,
1334 1556 1415 1636 921).

540 1679 778 1761 105-108.
1432 1706 1437 1716 ’
1514 1713 1608 1777 1342,
1625 1695 1668 1757 28
1677 1691 1804 1774 juillet.

528 1798 627 1883 Supp.
652 1796 851 1875 Ludovicus,
876 1796 1115 1881 primogenitus
1136 1797 1269 1862 comitis
1287 1796 1463 1878 Blesensis,
1484 1797 1572 1863 dom.
1597 1797 1640 1862 de
1664 1797 1794 1863 Avenis
1814 1806 1848 1862 02

486 1923 599 1967 comes
623 1901 875 1979 Suessionensis,
899 1908 987 1984 quat.
1011 1900 1205 1984 [confessori
1233 1922 1294 1967 suo
1318 1901 1467 1979 Johanni
1494 1901 1587 1967 dicto
1618 1899 1780 1988 Frangois
1806 1902 1849 1967 de

487 2004 721 2088 Ghillanghan‚
745 2006 865 2090 presb]
888 2002 1100 2069 Cameracen.
1124 2005 1220 2083 dioc.,
1243 2005 1286 2070 de
1309 2026 1380 2071 can.
1403 2014 1438 2070 02
1454 2008 1543 2090 preb.
1560 2005 1640 2070 eccl.
1660 2003 1849 2071 Tomacen.

487 2108 667 2192 dignemini
684 2108 867 2193 providere,
884 2128 951 2173 non
975 2110 1058 2173 obst.
1082 2108 1173 2191 quod
1187 2108 1339 2194 parroch.
1364 2108 1444 2174 eccl.
1470 2108 1623 2174 Denelon
1637 2116 1645 2141 ¹
1661 2107 1696 2172 in
1712 2107 1850 2173 Thiere·

487 2209 562 2274 chia
579 2221 613 2273 et
629 2210 746 2295 capell.
770 2208 809 2273 B.
827 2209 874 2276 M.
889 2210 932 2275 de
948 2210 1132 2292 Anthonio,
1160 2211 1346 2277 Tomacen.
1362 2219 1397 2276 et
1420 2209 1634 2276 Cameracen.
1659 2210 1758 2292 21200,
1774 2233 1851 2278 nos·

488 2314 573 2378 citur
588 2314 747 2378 obtinere.
762 2354 805 2361 --
822 2312 898 2378 Fiat
916 2312 953 2379 R
1659 2342 1660 2346 ¹

534 2449 610 2508 106.
625 2441 711 2507 Item
728 2450 817 2526 quat.
837 2442 872 2529 [J
876 2447 984 2510 acobo
999 2443 1042 2509 de
1058 2443 1211 2525 Loriaco‚
1228 2444 1436 2510 Suessionen.
1453 2443 1548 2524 dioc.,
1558 2444 1650 2530 bac]
1664 2444 1699 2509 222
1714 2446 1792 2529 leg„
1807 2445 1851 2510 de

488 2566 559 2610 can.
576 2555 610 2609 et
626 2548 715 2630 preb.
739 2547 819 2610 eccl.
845 2544 1039 2612 Laudunen.
1065 2546 1246 2631 dignemini
1273 2547 1459 2633 providere,
1475 2568 1543 2613 non
1567 2549 1650 2613 obst.
1667 2547 1760 2631 quod
1775 2568 1852 2614 0022.

488 2661 522 2714 02
537 2652 626 2734 preb.
643 2649 725 2714 eccl.
741 2648 784 2713 de
800 2648 969 2735 Gomayo,
987 2649 1233 2735 Rothomagen.
1250 2650 1346 2732 dioc.,
1364 2671 1404 2716 ac
1420 2652 1536 2737 capell.
1552 2651 1630 2716 ville
1653 2651 1697 2716 210
1712 2651 1853 2732 Avenis,

488 2751 698 2817 Cameracen.
715 2751 812 2831 dioc.,
829 2753 976 2818 noscitur
991 2754 1149 2819 obtinere.
1167 2794 1207 2805 —
1226 2752 1303 2819 Fiat
1318 2755 1352 2818 in
1368 2755 1447 2819 eccl.
1465 2754 1672 2820 Suessionen.
1689 2754 1728 2819 R

533 2888 609 2947 107.
635 2880 721 2947 Item
748 2891 837 2967 quat.
868 2882 959 2969 [cler.
975 2905 1036 2950 suo
1061 2884 1258 2970 Thissardo]
1284 2884 1327 2949 de
1351 2886 1469 2970 Atryo,
1495 2882 1659 2950 Morinen.
1673 2884 1784 2966 dioc.,
1808 2885 1853 2951 de

488 3006 561 3051 can.
587 2993 621 3050 et
644 2988 734 3072 preb.
751 2987 830 3052 eccl.
846 2988 1056 3053 Attrebaten.
1071 2987 1254 3073 dignemini
1270 2987 1455 3073 providere,
1480 3009 1549 3054 non
1567 2992 1651 3055 obst
1667 2989 1761 3073 quod
1775 3010 1852 3056 can.

487 3098 521 3154 02
537 3092 625 3174 preb.
649 3090 729 3155 eccl.
745 3090 787 3154 de
809 3089 928 3169 Lenze,
953 3089 1167 3158 Cameracen.
1184 3092 1279 3172 dioc.,
1305 3093 1452 3158 noscitur
1475 3094 1636 3158 obtinere.
1654 3133 1695 3143 -
1713 3092 1793 3159 Fiat
1817 3094 1852 3158 in

488 3194 566 3257 eccl.
584 3194 613 3255 S.
630 3192 804 3278 Valburgis
821 3193 1008 3275 FumensiS,
1027 3193 1192 3261 Morinen.
1209 3196 1307 3262 dioc..
1326 3195 1363 3263 R.

535 3328 612 3387 108.
638 3321 723 3386 ltern
748 3330 839 3405 quat.
868 3324 959 3409 [cler.
983 3345 1043 3390 suo
1070 3325 1249 3391 secretario
1275 3324 1440 3411 Roberto]
1469 3324 1605 3390 Martini
1632 3325 1675 3389 de
1703 3324 1851 3411 Gyem0,

488 3424 731 3489 Antisiodoren.
758 3425 854 3504 21200,
877 3426 920 3490 210
946 3447 1019 3493 can.
1044 3436 1079 3492 et
1104 3431 1195 3513 preb.
1226 3427 1255 3492 S.
1279 3428 1395 3493 Amati
1418 3428 1460 3493 de
1484 3428 1608 3513 Doayo
1624 3438 1643 3509 ²,
1660 3427 1852 3495 Tomacen.

487 3529 584 3607 dioc.,
600 3528 779 3612 dignemini
795 3529 979 3614 providere.
995 3572 1038 3581 -
1054 3530 1131 3596 Fiat
1146 3531 1184 3597 R.

532 3632 609 3697 Dal.
627 3653 679 3718 ap.
696 3631 945 3698 villamnovam
963 3654 979 3718 5
997 3634 1063 3701 kal.
1079 3656 1151 3719 aug.
1169 3643 1203 3700 a‘'
1224 3643 1261 3701 1⁰.
1279 3634 1320 3718 (Ι,
1339 3656 1356 3716 9
1361 3639 1402 3720 3).

542 3762 651 3843 109.
1514 3796 1608 3859 1342,
1629 3778 1671 3840 28
1680 3775 1806 3857 juillet.

531 3881 628 3967 Supp.
645 3879 664 3958 J
668 3880 803 3945 ohanna
819 3879 861 3944 de
878 3879 1051 3961 Sabaudia,
1075 3880 1206 3946 ducissa
1223 3880 1404 3961 Britannie,
1421 3880 1590 3946 comitissa
1616 3879 1852 3947 Richemunde

487 4005 526 4049 ac
555 3984 800 4050 vicecomitissa
816 3980 1040 4064 Lemovicen„
1062 3993 1151 4068 qnat.
1171 3982 1273 4069 [mag.
1289 3983 1427 4048 Galtero
1442 3984 1485 4049 de
1502 3984 1645 4062 Salione,
1662 3982 1850 4068 Lingonen.

487 4088 582 4165 dioc.,
599 4089 632 4151 in
645 4090 718 4172 jure
734 4108 808 4152 can.
825 4093 860 4150 02
876 4086 938 4150 civ.
954 4085 1038 4172 lic.],
1054 4085 1096 4151 de
1120 4107 1192 4152 can.
1209 4088 1290 4153 eccl.
1304 4085 1517 4152 Canreracen.
1540 4086 1721 4170 dignemini
1737 4088 1851 4172 provi-

487 4191 573 4270 dere,
591 4195 681 4276 preb.
698 4212 778 4255 vero
793 4210 925 4254 necnon
943 4189 1042 4274 dign,
1058 4210 1164 4275 pers..
1182 4210 1349 4255 reservare
1361 4200 1378 4255 ³.
1391 4231 1434 4240 —
1448 4189 1524 4255 Fiat
1538 4189 1575 4255 R.
1585 4230 1629 4238 -
1647 4188 1760 4254 Etiam
1772 4212 1850 4256 022222

486 4294 586 4376 dign„
602 4294 702 4357 etiam
721 4314 748 4357 0.
766 4314 794 4356 0.
813 4292 852 4356 R.

532 4396 604 4461 Dat.
622 4418 672 4481 ap.
690 4395 937 4460 l'illamnovam
957 4417 972 4479 5
990 4395 1054 4461 kal.
1072 4418 1143 4481 aug.
1161 4406 1195 4461 a⁰
1216 4405 1251 4461 1⁰.
1268 4396 1310 4480 (l,
1329 4400 1407 4481 94”')·

539 4527 638 4608 110.
1516 4559 1611 4622 1342,
1629 4540 1670 4603 28
1679 4536 1805 4618 juillet.

528 4644 628 4731 Supp.
645 4641 843 4707 Gnillelmus
865 4640 907 4705 de
932 4639 1029 4719 Fuas,
1046 4645 1117 4707 bac.
1135 4641 1168 4705 in
1185 4642 1259 4727 leg.,
1276 4643 1350 4708 cler.
1374 4641 1624 4708 Claromonten.
1640 4642 1736 4722 dioc.,
1755 4653 1850 4727 quat.

483 4747 543 4811 sibi
568 4746 609 4812 de
631 4767 703 4811 can.
720 4755 755 4810 et
770 4748 859 4829 preb.
877 4744 905 4807 S.
930 4744 1122 4825 Audomari,
1150 4743 1315 4811 Morinen.
1340 4746 1437 4826 dioc.,
1462 4746 1642 4830 dignemini
1658 4746 1849 4831 proiidere.

482 4890 524 4900 —
543 4849 618 4914 Fiat
641 4851 674 4914 in
691 4850 771 4914 eccl.
789 4847 908 4912 Portus
925 4847 1176 4913 Claromonten.
1197 4849 1236 4913 R.

526 4954 603 5018 Dat.
619 4974 670 5038 ap.
687 4952 936 5016 l'illamnovam
956 4973 972 5035 5
990 4951 1053 5018 kal.
1070 4974 1141 5037 aug.
1159 4962 1192 5018 a⁴¹
1213 4963 1249 5018 1⁰.
1266 4952 1308 5038 (l,
1328 4957 1407 5038 95l').

517 5104 536 5149 l.
555 5103 619 5148 Sans
638 5099 716 5148 2102222
736 5099 768 5146 dc
788 5097 883 5146 72212222.
895 5128 925 5133 ι-
946 5103 969 5147 2.
990 5100 1070 5147 Donni
1091 5100 1207 5159 (Prome,
1230 5099 1311 5162 Nonl)
1331 5102 1497 5163 appartenait
1517 5114 1550 5147 au
1569 5098 1668 5149 212002·εο
1685 5100 1799 5151 d'Arras
1817 5130 1848 5138 —-

482 5177 503 5224 3.
519 5175 588 5232 Bliss
603 5174 732 5232 Pontion,
748 5174 766 5233 1,
780 5176 802 5223 2.
