4650 6059
940 781 1030 856 1342,
1051 781 1137 844 16-18
1159 782 1287 845 octobre.
1732 788 1772 851 55

456 930 568 1013 254.
1421 963 1515 1027 1342,
1534 945 1574 1008 16
1591 948 1728 1013 octobre.

449 1048 548 1134 Supp.
565 1047 737 1114 Amoldus
753 1048 797 1114 de
813 1046 889 1113 Lira
900 1063 920 1126 ¹,
937 1068 1022 1131 mag.
1040 1047 1074 1111 in
1090 1054 1162 1125 art,
1179 1046 1235 1111 diu
1252 1046 1389 1111 studens
1399 1047 1431 1111 in
1451 1046 1494 1113 U.
1507 1046 1544 1129 I.,
1556 1048 1772 1118 Cameracen.

411 1152 722 1232 dloc.,ambariator
737 1160 774 1217 et
789 1151 1026 1218 consiliarius...
1042 1149 1216 1229 Johannis,
1233 1150 1326 1215 ducis
1339 1149 1528 1232 Brabantie‚
1545 1163 1635 1237 quat.
1652 1155 1712 1220 sibi
1729 1155 1771 1220 de

411 1257 566 1321 oeneccl.
573 1257 695 1340 colleg.
707 1256 739 1320 S.
749 1254 906 1320 Rumoldi
919 1253 1170 1334 Machlinensis,
1177 1254 1267 1320 dicte
1276 1253 1562 1338 dioc.,dignemini
1573 1259 1748 1342 providere
1761 1282 1770 1339 ;

409 1363 493 1445 preb.
523 1380 622 1440 vero,
646 1360 748 1425 etiam
774 1358 800 1424 si
826 1359 926 1444 dign,
952 1360 1006 1422 vel
1031 1358 1086 1424 off.
1112 1358 1145 1421 ln
1171 1357 1289 1422 eadem
1314 1359 1395 1423 eccl.
1429 1357 1518 1444 [vac.
1548 1363 1602 1425 vel
1633 1361 1769 1448 vacat],

409 1463 511 1529 eidem
523 1462 779 1541 conserendam,
790 1462 972 1547 dignemini
988 1460 1250 1526 reservare.N0n
1261 1463 1346 1526 obst.
1357 1462 1446 1545 quod
1463 1462 1496 1526 in
1509 1463 1599 1529 dicta
1611 1465 1770 1530 civitate²

409 1567 560 1653 parroch.
575 1568 659 1633 eccl.
676 1567 837 1646 obtineat,
854 1566 946 1651 quasi
962 1565 1005 1630 ad
1020 1565 1181 1631 nichilum
1192 1565 1225 1629 in
1242 1565 1308 1629 suis
1317 1564 1499 1630 redditibus
1509 1588 1567 1652 per
1577 1567 1767 1633 incendium

410 1671 565 1737 horribile
580 1671 662 1735 ville
679 1668 920 1736 Machlinensis
929 1669 1098 1735 redactam
1108 1680 1129 1749 ²,
1146 1668 1232 1733 adeo
1247 1668 1337 1752 quod
1352 1669 1500 1734 redditus
1515 1671 1662 1756 ejusdem
1679 1673 1770 1737 valo-

409 1796 474 1840 rem
491 1795 535 1859 30
551 1774 611 1839 lib.
626 1773 706 1839 Tur.
722 1793 852 1859 parvor.
868 1773 1040 1838 annuatim
1058 1772 1114 1836 vix
1129 1771 1314 1837 ascendunt
1328 1795 1335 1851 3
1353 1794 1453 1856 quam
1469 1773 1602 1857 quidem
1618 1775 1770 1860 parroclr.

408 1880 486 1945 eccl.
510 1886 651 1965 paratus
675 1886 726 1943 est
749 1875 927 1957 dimittere,
953 1896 1029 1942 cum
1054 1876 1298 1961 possessionem
1324 1876 1497 1961 pacificam
1522 1876 1693 1962 dignitatis
1717 1880 1771 1943 vel

408 1981 506 2049 officii
523 1980 626 2047 luerit
640 1989 820 2046 assecutus.
836 2020 880 2029 —
895 1978 971 2044 Fiat
989 1979 1027 2043 R.

449 2084 529 2151 Dat.
545 2085 649 2149 Avin.
671 2089 708 2149 16
724 2084 790 2149 kal.
806 2104 884 2149 nov.
900 2093 933 2148 a⁰
953 2091 991 2147 1⁰.
1010 2081 1053 2165 (I,
1071 2083 1176 2165 zorl').

458 2218 571 2303 255·
1422 2254 1516 2317 1342,
1533 2256 1575 2319 17
1591 2240 1728 2304 octobre.

451 2338 556 2424 Supp.
573 2334 594 2415 J
597 2337 748 2403 ohannes
762 2336 805 2401 de
829 2335 957 2416 Salinis,
974 2335 1180 2401 consiliarius
1194 2336 1288 2401 ducis
1303 2335 1503 2421 Burgundie,
1521 2339 1611 2423 quod
1629 2361 1706 2405 cum
1730 2340 1773 2406 ad

414 2441 693 2526 supplicationem
710 2439 869 2519 Blanche,
886 2440 1055 2524 quondam
1070 2439 1156 2524 regis
1173 2439 1314 2505 Francie
1330 2440 1406 2520 filie,
1423 2441 1569 2526 professe
1585 2444 1617 2507 in
1631 2451 1772 2509 monast.

414 2544 452 2609 de
468 2544 591 2629 Longo
607 2544 748 2629 Campo,
759 2542 800 2608 Ο.
811 2542 843 2609 S.
860 2542 967 2623 Clare,
984 2543 1141 2608 Parisien.
1157 2544 1255 2625 dioc,
1273 2566 1345 2610 can.
1362 2547 1422 2610 sub
1441 2567 1516 2632 exp.
1533 2549 1624 2632 preb.
1641 2547 1674 2611 in
1691 2550 1772 2613 eccl.

414 2648 602 2715 Tornacen.
619 2648 651 2712 S.
668 2647 708 2713 V.
724 2648 834 2714 eidem
849 2647 996 2726 Johanni
1015 2648 1147 2713 duxerit
1162 2648 1409 2730 reservandum,
1426 2659 1515 2734 quat.
1532 2673 1618 2736 mag.
1635 2652 1775 2737 Stepha-

413 2774 487 2817 num
507 2752 677 2832 Bonnete,
692 2752 791 2817 bac.
782 2772 815 2815 m
828 2754 901 2836 leg,
918 2752 988 2836 ejus
1003 2759 1174 2837 nepotem,
1191 2752 1296 2817 loco
1288 2753 1389 2837 ipsius
1404 2752 1576 2834 Johannis,
1592 2754 1774 2839 dignemini

413 2860 600 2941 subrogare,
616 2875 685 2920 non
702 2858 788 2920 obst.
803 2854 894 2939 quod
909 2854 998 2919 idem
1014 2854 1051 2919 St
1037 2855 1203 2940 etphanus
1218 2855 1396 2939 quamdam
1412 2877 1504 2942 perp.
1518 2859 1654 3012 capell.
1645 2880 1678 2922 m
1692 2862 1774 2926 eccl.

414 2962 624 3026 Attrebaten.
641 2960 751 3025 noscit
753 2980 790 3024 ur
737 2960 875 3024 totb
851 2967 1027 3024 rtn.—ere
1044 2957 1119 3023 luat
1137 2958 1176 3022 R

363 3091 364 3110 ι
454 3063 535 3128 Dat.
551 3063 653 3128 Αιῐιι.
675 3063 793 3128 16kal.
809 3084 887 3129 nov.
904 3071 937 3128 a⁰
956 3071 995 3128 1⁰.
1013 3061 1056 3145 (I,
1074 3064 1164 3145 266).

461 3200 708 3283 256-270.
1424 3235 1518 3297 1542,
1537 3220 1577 3279 re
1593 3220 1730 3282 ιιιιιιιιιι.

452 3320 557 3403 Supp.
575 3317 731 3394 Johanna
746 3317 788 3381 de
805 3316 947 3396 Valesi0,
964 3337 1056 3381 soror
1072 3324 1215 3381 monast.
1240 3318 1282 3381 de
1312 3316 1528 3398 Fontanellis,
1546 3320 1774 3386 Cisterciensis

414 3423 547 3497 ordinis,
565 3421 781 3486 Cameracen.
797 3421 894 3500 dioc,
925 3428 1015 3504 quat.
1041 3420 1100 3483 sibi
1126 3420 1310 3485 concedere
1335 3422 1528 3505 dignemini,
1546 3435 1582 3490 ut
1606 3425 1775 3491 confessor

413 3547 519 3590 suus..
536 3567 580 3573 —
599 3524 672 3589 Fiat
692 3524 731 3589 R.
749 3526 781 3588 in
800 3524 915 3588 mortis
930 3524 1071 3588 articulo
1088 3525 1120 3586 in
1138 3524 1252 3588 sonna.
1272 3525 1310 3591 R.

452 3673 538 3732 257.
561 3663 648 3728 Item
674 3685 768 3749 supp.
795 3663 885 3747 quod
909 3663 1063 3727 omnibus
1087 3664 1254 3727 sororibus
1278 3663 1358 3728 dicti
1384 3669 1575 3730 monasterii
1602 3669 1771 3751 indulgere

411 3769 605 3854 dignemini,
623 3776 658 3832 ut
683 3766 853 3832 confessor
878 3786 978 3847 quern
1008 3764 1162 3829 duxerint
1188 3766 1420 3848 eligendum...
1439 3770 1490 3831 rel
1516 3772 1634 3833 saltem
1665 3792 1698 3833 12
1731 3792 1771 3833 ex

411 3876 498 3958 Ipsis,
516 3894 599 3957 quas
615 3873 685 3957 ipsa
700 3870 830 3935 duxerit
847 3869 1057 3953 eligendas...
1070 3910 1113 3917 —
1130 3868 1295 3935 Norninet
1311 3893 1366 3936 eas
1382 3882 1416 3936 et
1433 3873 1490 3937 liat
1506 3874 1547 3937 de
1564 3895 1630 3936 sex.
1647 3873 1684 3937 R.

450 4010 538 4069 258.
559 3999 644 4065 Item
661 4020 756 4084 supp.
773 4007 862 4082 quat.
879 3999 938 4062 sibi
955 3999 1139 4064 concedere
1155 3999 1347 4083 dignemini,
1365 4001 1453 4082 quod
1470 4010 1621 4084 tempore
1637 4022 1773 4083 genera-

409 4109 446 4172 lis
462 4109 497 4170 in
516 4106 581 4169 illis
596 4106 744 4189 partibus
760 4103 926 4167 interdicti
943 4104 1047 4187 possit
1065 4103 1097 4165 in
1115 4104 1196 4167 eccl.
1213 4103 1293 4168 dicti
1322 4105 1512 4168 monasterii
1532 4105 1645 4169 divina
1661 4104 1770 4170 officia

412 4211 517 4275 tacere
550 4208 718 4287 celebrari,
736 4207 922 4291 hujusmodi
955 4207 1134 4271 interdicto
1159 4229 1226 4272 non
1254 4211 1417 4271 obstante.
1443 4250 1485 4256 —
1512 4208 1585 4273 Fiat
1610 4211 1770 4274 submissa

412 4335 493 4379 voce
510 4322 545 4377 et
557 4313 668 4397 januis
684 4312 812 4391 clausis,
830 4322 863 4375 et
880 4311 1064 4375 interdictis
1080 4312 1231 4376 exclusis.
1250 4311 1288 4375 R.

451 4450 536 4509 259.
557 4440 643 4505 Item
661 4461 755 4525 supp.
772 4447 862 4523 quat.
880 4440 939 4503 sibi
958 4440 1126 4522 indulgere
1142 4441 1335 4522 dignemini,
1353 4454 1388 4506 ut
1408 4444 1553 4526 quinque
1580 4445 1689 4508 cleriei
1709 4445 1768 4518 sui,

411 4549 474 4611 suis
490 4546 658 4629 obsequiis
683 4545 883 4622 insistentes,
900 4543 1054 4607 fructus..
1080 4545 1230 4608 onmium
1255 4547 1493 4610 beneficiorum
1520 4568 1653 4611 suorum
1678 4549 1770 4626 eccl,

412 4653 509 4714 etiam
526 4650 552 4713 si
570 4670 684 4714 curam
701 4649 845 4713 habeant
870 4648 1066 4726 animarum,
1086 4669 1160 4712 cum
1182 4671 1221 4713 ea
1239 4650 1429 4733 integritate
1449 4653 1620 4736 percipere
1637 4654 1769 4716 valeant

413 4775 447 4816 ac
463 4755 487 4817 si
506 4754 539 4816 in
556 4751 729 4816 beneficiis
745 4752 823 4837 ipsis
838 4752 1056 4835 personaliter
1072 4752 1264 4816 residerent.
1282 4794 1324 4802 —
1342 4753 1368 4816 F
1371 4755 1415 4818 iat
1433 4756 1464 4817 iu
1492 4756 1594 4820 timna
1610 4756 1652 4820 ad
1669 4757 1769 4819 trien·
1841 4753 1845 4763 '

414 4858 508 4921 nium.
528 4856 567 4921 R.

444 5019 606 5073 altbdcce.

471 5111 672 5121 --...-—-—-

446 5116 464 5201 l.
476 5153 837 5215 .‹rrn›u1‹'¹‹»tnpa=‹rle1ierre‚
851 5152 1151 5213 citoeonrrneplitbanle
1165 5155 1195 5198 ed
1207 5151 1497 5213 Jurnldlsplnl
1499 5154 1556 5202 ll
1581 5155 1632 5206 121,
1658 5154 1722 5205 let).
1741 5181 1772 5185 --

421 5231 623 5281 2.·..1.·nai1342
636 5226 830 5286 Ζῦῃῖῆιοῃμιι
830 5226 924 5287 ampl
893 5225 990 5281 (olm
990 5226 1085 5285 32³2)
