4650 6059
1048 791 1135 863 1352,
1158 790 1177 853 6
1197 790 1308 871 juillet.
1795 795 1854 860 631·

492 956 673 1032 perceptos
687 946 720 1010 in
736 966 813 1010 usus
829 954 863 1009 et
879 953 1077 1010 structuram
1093 964 1155 1028 pro
1170 944 1286 1028 majori
1303 952 1399 1028 parte
1422 948 1626 1012 converterit
1652 947 1793 1013 ecclesie
1803 966 1806 969 ·
1816 957 1849 1014 et

488 1050 677 1115 decanatus
692 1050 927 1135 predictorum,
944 1069 1038 1134 supp.
1055 1048 1143 1112 idem
1159 1048 1264 1127 miles,
1276 1056 1367 1131 quat.
1384 1048 1476 1113 dicto
1493 1049 1700 1130 Hermamm,
1714 1072 1847 1116 omnem

489 1154 710 1219 inhabilitatis
736 1161 749 1187 ⁸
772 1154 951 1233 maculam,
982 1172 1084 1236 quam
1107 1159 1284 1235 propterea
1311 1153 1488 1232 contraxit,
1514 1155 1647 1219 abolere
1674 1156 1848 1240 ipsumque

489 1258 678 1337 habilitare,
694 1266 730 1322 et
744 1257 869 1322 fructus
884 1254 1072 1340 hujusmodi
1089 1262 1267 1339 perceptos
1282 1254 1342 1318 sibi
1355 1256 1534 1337 remittere,
1545 1267 1580 1322 et
1592 1258 1633 1323 de
1643 1259 1741 1324 dictis
1751 1260 1848 1325 deca-

488 1371 574 1426 natu
590 1369 624 1425 et
639 1360 856 1445 prepositura,
873 1360 975 1425 etiam
986 1359 1012 1423 si
1022 1359 1089 1423 sint
1104 1358 1186 1423 alias
1201 1359 1410 1445 dispositioni
1427 1361 1514 1425 sedis
1529 1372 1635 1448 apost.
1651 1364 1848 1448 generaliter

489 1465 545 1528 vel
563 1464 751 1550 specialiter
766 1463 936 1543 reservati,
953 1463 994 1528 de
1010 1482 1101 1527 novo
1117 1462 1290 1547 providere
1306 1464 1487 1548 dignemini
1511 1466 1654 1550 gratiose
1669 1490 1678 1547 ;
1706 1488 1783 1533 cum
1806 1488 1848 1533 eo

489 1569 636 1654 insuper,
653 1577 699 1649 ut,
716 1568 875 1654 premissa
898 1576 932 1633 et
959 1566 1033 1632 aliis
1059 1566 1311 1651 quibuscunque
1336 1569 1629 1635 constitutionibus
1654 1591 1723 1636 non
1750 1573 1846 1650 obst,

488 1673 601 1738 dictos
616 1672 818 1737 decanatum
835 1680 869 1736 et
884 1672 1128 1757 preposituram
1143 1671 1247 1736 libere
1273 1672 1421 1757 recipere
1447 1682 1482 1738 et
1508 1674 1604 1738 simul
1631 1676 1732 1740 etiam
1756 1676 1846 1741 licite

487 1777 633 1842 retinere
649 1778 771 1856 valeat,
786 1776 828 1840 de
855 1774 1015 1840 uberioris
1031 1775 1121 1840 douo
1139 1776 1247 1859 gratie
1271 1776 1526 1861 dispensantes;
1554 1798 1622 1843 non
1647 1782 1732 1844 obst.
1756 1779 1846 1862 quod

487 1881 609 1961 dictos,
626 1889 660 1944 et
676 1880 710 1944 in
725 1880 866 1945 ecclesia
881 1880 913 1945 S.
930 1880 1070 1944 Servatii
1087 1879 1321 1964 Trajecteusis,
1339 1880 1428 1945 dicte
1444 1879 1604 1946 Leodien.
1614 1881 1711 1962 dioc,
1728 1902 1800 1947 can.
1811 1891 1846 1947 et

487 1986 582 2069 preb.
598 1983 746 2048 noscitur
761 1983 913 2048 obtinere
927 2005 935 2062 ;
952 1990 987 2046 et
1003 2002 1079 2046 cum
1095 1981 1215 2046 ceteris
1230 2001 1297 2046 non
1314 1984 1422 2047 obst...
1438 2023 1481 2031 -
1497 1981 1574 2048 Fiat
1590 1992 1626 2048 ut
1642 1984 1766 2069 petitur
1783 1983 1823 2049 R.

533 2087 614 2152 Dat.
629 2086 728 2151 Avin.
746 2108 763 2150 2
780 2106 859 2151 non.
871 2085 943 2171 julii
960 2092 994 2149 a⁰
1014 2093 1075 2149 11⁰.
1092 2085 1169 2167 (22,
1185 2087 1270 2169 53]).

540 2240 689 2323 2425-
1537 2273 1632 2338 1352,
1649 2256 1669 2319 6
1680 2255 1804 2337 juillet.

533 2360 636 2445 Supp.
652 2358 824 2436 Johannes
839 2358 985 2424 Audacis
1000 2356 1042 2422 de
1060 2356 1176 2443 Hoy0,
1199 2357 1340 2426 clericus
1364 2357 1523 2424 Leodien.
1550 2357 1647 2440 dioc,
1673 2368 1765 2444 quat.
1788 2361 1847 2426 sibi

488 2464 530 2529 de
547 2484 622 2528 can.
639 2471 674 2527 et
689 2466 779 2547 preb.
796 2462 936 2528 ecclesie
953 2460 992 2527 B.
1009 2460 1059 2527 M.
1076 2460 1258 2546 Hoyensis,
1287 2461 1447 2528 Leodien.
1473 2462 1571 2543 dioc,
1598 2485 1671 2529 vac.
1697 2464 1737 2557 in·
1757 2465 1847 2530 curia

487 2589 546 2653 per
563 2571 618 2633 ob.
636 2567 778 2633 Renaldi
795 2568 836 2633 de
852 2567 956 2633 Gorre
974 2578 993 2647 ¹,
1010 2565 1181 2650 quondam
1197 2565 1350 2631 canonici
1375 2566 1464 2631 dicte
1490 2567 1641 2647 ecclesie,
1665 2569 1720 2652 qui
1743 2564 1848 2654 nuper

487 2682 584 2736 extra
602 2672 727 2736 curiam
744 2671 843 2737 Rom.
858 2670 948 2736 diem
975 2669 1093 2734 clausit
1117 2677 1315 2749 extremum,
1340 2677 1375 2733 et
1398 2678 1477 2735 ante
1503 2670 1605 2755 ipsius
1629 2674 1682 2735 ob.
1708 2670 1848 2757 disposi-

485 2775 571 2840 tioni
589 2784 697 2861 apost.
713 2776 899 2856 reservatis,
916 2773 1098 2859 dignemini
1114 2772 1289 2858 providere
1305 2796 1313 2852 ;
1330 2794 1399 2838 non
1416 2776 1501 2839 obst.
1518 2774 1609 2858 quod
1621 2775 1709 2841 idem
1719 2775 1847 2853 Johan-

484 2902 547 2945 nes
561 2883 642 2944 ben.
658 2881 740 2945 eccl.
756 2900 785 2945 c.
801 2901 830 2945 c.
844 2880 900 2945 >vel
916 2901 942 2945 S.
959 2900 998 2958 c.,
1023 2886 1180 2963 spectans
1206 2877 1429 2943 communiter
1455 2879 1510 2942 vel
1534 2878 1676 2944 divisim¹
1689 2879 1733 2945 ad
1748 2881 1848 2946 colla·

481 2984 617 3049 tionem
643 2982 761 3048 decani
788 2991 823 3048 et
848 2983 985 3070 capituli
1012 2982 1152 3048 ecclesie
1178 2981 1360 3063 Visitensis,
1389 2982 1472 3049 alias
1496 2983 1660 3065 Sellensis,
1686 2983 1846 3050 Leodien.
1913 3012 1916 3017 ·

480 3089 587 3167 dioc,
603 3086 754 3151 informa
769 3108 954 3173 pauperum
969 3094 1125 3152 noscatur
1148 3094 1325 3170 expectare
1340 3109 1347 3165 ;
1365 3107 1467 3170 quam
1492 3087 1763 3172 expectationem
1786 3089 1846 3153 sibi

482 3214 567 3258 cum
584 3191 730 3276 presenti
746 3190 853 3275 gratia
869 3189 1049 3273 dignemini
1065 3208 1264 3253 reservare...
1281 3230 1323 3237 -
1341 3188 1417 3254 Fiat
1434 3188 1474 3254 R.

532 3297 614 3361 Dat.
629 3297 730 3360 Avin.
748 3317 765 3359 2
784 3315 863 3360 non.
877 3294 948 3379 julii
966 3305 998 3358 a⁰
1019 3301 1081 3358 11⁰.
1099 3294 1176 3375 (22,
1195 3296 1263 3377 54).

539 3449 691 3531 2426.
1540 3483 1578 3547 13
1581 3484 1634 3544 52,
1651 3464 1670 3527 ό
1681 3462 1803 3545 juillet.

529 3568 622 3651 Sign.
648 3567 679 3631 S.
707 3565 747 3630 V.
775 3564 981 3645 Guillelmus,
1008 3564 1278 3650 archiepiscopus
1302 3566 1472 3646 Auxitan,
1504 3569 1594 3651 quod
1620 3568 1745 3634 dudum
1777 3570 1847 3654 ipsa

481 3671 659 3738 Sanctitas
685 3690 760 3735 can.
785 3676 820 3733 et
846 3671 937 3754 preb.
964 3668 1104 3733 ecclesie
1132 3667 1302 3747 Leodien.,
1328 3689 1410 3752 quos
1434 3670 1524 3735 dom.
1552 3670 1780 3756 G(uillelmus)
1805 3672 1846 3737 de

481 3776 645 3860 Genepte
660 3786 682 3854 ²,
708 3782 790 3837 tunc
815 3772 941 3837 electus
967 3773 1000 3836 in
1028 3773 1316 3857 archiepiscopum
1344 3771 1527 3853 Colonien,
1553 3774 1585 3838 in
1615 3775 1685 3860 ipsa
1706 3776 1847 3840 ecclesia

481 3881 666 3948 obtinebat
682 3888 716 3943 et
733 3877 843 3942 adhuc
859 3885 964 3956 tenet,
981 3876 1200 3943 conferendos
1216 3876 1385 3942 carissimo
1409 3898 1469 3942 suo
1481 3878 1687 3942 thesaurario
1711 3878 1847 3942 Andree

483 3983 656 4067 Peregrini
674 3996 694 4063 ³,
711 3982 956 4067 quamprimum
972 4002 1031 4067 per
1047 3981 1126 4046 dicti
1144 3982 1242 4046 electi
1259 3982 1545 4047 consecrationem
1557 3990 1725 4061 vacarent,
1742 3983 1846 4047 dona-

482 4087 572 4153 tioni
590 4094 696 4172 apost.
724 4087 917 4166 reservarit,
943 4086 1041 4151 certis
1065 4086 1125 4150 sibi
1153 4107 1251 4171 super
1275 4087 1340 4151 hoc
1363 4084 1596 4150 executoribus
1610 4083 1787 4170 deputatis,
1812 4095 1847 4150 et

483 4202 565 4279 post
590 4191 669 4257 dicti
695 4191 793 4256 electi
821 4190 1121 4269 consecrationem,
1150 4190 1350 4254 auctoritate
1380 4190 1566 4254 litterarum
1594 4189 1749 4274 ipsarum,
1784 4188 1846 4253 suit

483 4297 581 4363 dicto
596 4294 731 4360 Andree
747 4295 788 4361 de
804 4294 903 4359 dictis
919 4315 994 4359 can.
1011 4303 1045 4358 et
1062 4297 1153 4379 preb.
1170 4295 1351 4379 provisum,
1376 4315 1417 4359 ac
1432 4314 1530 4379 super
1545 4293 1636 4358 dicta
1656 4293 1846 4378 provisione

485 4419 663 4486 processus
679 4398 757 4463 facti
774 4407 808 4463 et
824 4399 990 4474 sententie
1006 4398 1215 4482 promulgate
1233 4398 1266 4461 in
1283 4397 1484 4462 contrarium
1500 4396 1670 4476 facientes,
1683 4406 1782 4480 prout
1795 4405 1845 4461 est

485 4506 518 4568 in
536 4501 662 4567 talibus
678 4503 746 4566 lieri
763 4511 982 4581 consuetum;
1007 4502 1162 4586 quodque
1190 4502 1406 4587 postmodum
1432 4501 1668 4567 accedentibus
1692 4522 1846 4588 procura-

485 4618 561 4672 tore
578 4613 613 4670 et
629 4605 701 4669 aliis
716 4626 777 4691 pro
793 4615 887 4689 parte
903 4604 982 4669 dicti
1006 4607 1140 4671 Andree
1166 4627 1205 4671 ac
1232 4605 1431 4690 presentatis
1458 4605 1576 4670 litteris
1597 4606 1788 4689 apostolicis
1811 4615 1845 4669 et

485 4710 698 4797 processibus
722 4710 901 4774 antedictis
924 4709 1069 4774 dominis
1093 4710 1264 4775 canonicis
1285 4719 1320 4773 et
1347 4708 1494 4795 capitulo
1521 4709 1660 4774 ecclesie
1686 4708 1845 4773 Leodien.

485 4816 627 4904 prefate,
642 4814 722 4880 dicti
736 4814 890 4880 canonici
906 4835 964 4879 seu
980 4815 1175 4899 capitulum,
1191 4814 1429 4900 pretendentes
1453 4813 1543 4898 quod
1570 4811 1697 4879 Eadem
1714 4813 1843 4877 Sancti-

515 5005 546 5065 a)
563 5002 624 5052 Cod.
637 5002 835 5050 inhabilitatem.

515 5218 537 5264 1.
551 5214 617 5261 Voir
629 5228 654 5261 n.
666 5215 738 5263 2⁴21.
755 5241 785 5248 -
797 5215 819 5261 2.
833 5213 893 5259 Voir
906 5228 929 5261 u.
942 5216 995 5270 03⁴,
1013 5215 1079 5271 1037,
1096 5215 1164 5260 ldt'itl.
1178 5240 1209 5250 -
1221 5214 1244 5261 3.
1264 5213 1324 5261 Voir
1336 5228 1361 5262 n,
1374 5214 1446 5260 2411.
