4650 6059
487 776 527 842 96
992 780 996 788 ’
1032 773 1120 848 1318,
1144 773 1179 839 21
1198 771 1311 854 juillet

529 932 616 993 432.
633 924 722 990 Item
739 944 834 1010 supp.
850 923 942 990 dom.
958 924 1180 989 cancellarius
1194 931 1286 1007 quat.
1301 922 1485 1009 [Philippa
1498 923 1569 991 filio
1579 922 1673 990 Luce
1688 922 1732 988 de
1744 924 1858 989 Abba·

486 1031 575 1095 tibus
591 1029 633 1093 de
651 1027 832 1107 Florentia,
849 1025 971 1113 famil]
989 1026 1072 1093 dicti
1086 1026 1178 1093 dom.
1203 1026 1383 1094 cardinalis
1395 1038 1414 1109 ¹,
1431 1026 1565 1094 decan.
1589 1031 1651 1094 sub
1667 1048 1745 1114 exp.
1760 1032 1856 1114 preb.

487 1135 568 1199 eccl.
586 1134 617 1197 S.
635 1130 684 1197 M.
701 1132 765 1197 civ.
781 1132 925 1210 Austrie,
942 1130 1140 1215 Aquilegen.
1156 1129 1255 1211 dioc,
1271 1130 1454 1215 dignemini
1469 1131 1658 1217 providere.
1676 1167 1708 1179 —
1725 1130 1803 1197 Fiat
1817 1131 1856 1198 R.

531 1238 611 1302 Dat.
628 1256 683 1321 ap.
699 1234 948 1301 Villamnovam
970 1255 1006 1299 12
1017 1232 1092 1300 kal.
1109 1254 1185 1319 aug.
1201 1241 1235 1299 a⁰
1253 1242 1295 1301 2⁰.
1312 1236 1363 1319 (5,
1383 1235 1470 1319 104).

537 1372 784 1458 433-441.
1513 1407 1608 1471 1345,
1631 1408 1672 1452 21
1684 1385 1811 1468 juillet.

530 1491 632 1556 Pater
655 1491 720 1555 8¹⁰⁰.
747 1489 951 1577 Infrascripti
975 1489 1155 1555 familiares
1171 1509 1212 1554 ac
1228 1488 1415 1568 servitores,
1440 1489 1615 1557 domestici
1643 1499 1678 1556 et
1703 1491 1853 1557 continui

486 1596 731 1661 commensales
756 1598 834 1660 bon.
860 1615 962 1659 mem.
984 1593 1075 1659 dom.
1096 1592 1241 1672 Andree,
1257 1592 1309 1659 tit.
1326 1592 1358 1658 S.
1375 1592 1525 1659 Susanne
1539 1598 1648 1679 presb.
1665 1594 1853 1675 cardinalis,

485 1708 622 1784 propter
645 1698 748 1783 ipsius
775 1698 906 1763 obitum
930 1695 1160 1781 multipliciter
1175 1695 1326 1777 desolati,
1355 1694 1386 1759 S.
1403 1693 1443 1760 V.
1458 1695 1649 1781 supplicant
1669 1706 1773 1781 quat,
1791 1696 1853 1761 Dei

485 1805 607 1869 intuitu
635 1813 669 1868 et
701 1803 820 1889 prefati
844 1802 935 1869 dom.
960 1800 1138 1867 cardinalis
1164 1798 1442 1880 consideratione,
1469 1801 1733 1886 supplicationes
1753 1802 1854 1867 infra-

486 1908 625 1992 scriptas
640 1906 823 1991 dignemini
839 1907 987 1992 recipere
1003 1913 1037 1970 et
1047 1904 1144 1990 ipsas,
1161 1911 1199 1969 ut
1214 1903 1346 1969 brevius
1357 1903 1429 1988 ipsa
1439 1904 1607 1970 Sanctitas
1623 1906 1759 1991 poterit,
1776 1926 1854 1971 cum

486 2013 581 2076 multi
598 2014 746 2097 ipsorum
761 2012 828 2076 sint
842 2032 863 2076 a
879 2011 969 2076 curia
986 2011 1154 2091 recessuri,
1171 2010 1214 2075 de
1229 2011 1388 2076 uberioris
1404 2010 1495 2076 dono
1509 2010 1614 2095 gratie
1625 2009 1855 2077 favorabiliter

488 2114 655 2199 expedire.

533 2219 700 2304 Imprimis
716 2239 811 2304 supp.
828 2218 938 2303 Guigo
954 2216 997 2282 de
1012 2216 1044 2282 S.
1062 2211 1234 2297 Marcello,
1247 2218 1367 2283 bacin
1379 2218 1452 2303 jure
1464 2237 1549 2297 can,
1560 2216 1641 2283 olim
1654 2216 1855 2281 camerarius

487 2323 568 2388 dicti
584 2322 675 2388 dom.
692 2321 879 2402 cardinalis,
896 2330 987 2414 quat.
1000 2321 1060 2385 sibi
1073 2320 1116 2386 de
1128 2321 1282 2406 parroch.
1297 2323 1379 2387 eccl.
1395 2321 1438 2387 de
1454 2320 1582 2405 Cuq'u0,
1595 2319 1739 2386 Vauren.
1754 2319 1855 2400 dioc,

487 2446 559 2490 vac.
585 2446 646 2510 per
672 2429 726 2490 ob.
742 2424 823 2490 dicti
848 2425 939 2491 dom.
965 2424 1151 2505 cardinalis,
1173 2424 1356 2509 dignemini
1370 2425 1557 2510 providere,
1573 2444 1642 2490 non
1659 2426 1745 2490 obst.
1762 2424 1857 2508 quod

487 2549 562 2593 can.
589 2541 624 2593 et
650 2532 741 2614 preb.
767 2549 807 2593 ac
832 2529 1014 2593 sacristiam
1035 2530 1117 2595 eccl.
1133 2528 1329 2614 Vapinccn,
1346 2550 1487 2615 quorum
1502 2530 1671 2595 fructus...
1686 2550 1855 2596 summam

488 2653 528 2716 50
544 2633 615 2698 libr.
631 2632 709 2698 Tur.
730 2653 834 2718 parv,
851 2654 916 2698 sec.
941 2641 1006 2698 tax.
1031 2633 1172 2715 decime,
1188 2654 1259 2700 non
1273 2634 1451 2714 excedunt,
1466 2633 1614 2699 noscitur
1630 2632 1797 2700 obtinere.
1811 2673 1855 2683 -

487 2736 561 2801 Fiat
578 2736 620 2801 de
637 2757 709 2802 can.
726 2740 786 2801 sub
803 2757 879 2822 exp.
896 2741 987 2822 preb.
1003 2738 1037 2802 in
1053 2739 1197 2805 eeclesia
1212 2742 1344 2824 Aquen.
1360 2740 1395 2804 in
1411 2737 1597 2804 Provincia.
1615 2736 1655 2803 R.

529 2881 616 2942 434.
635 2875 722 2941 Item
739 2896 834 2961 supp.
852 2876 973 2962 Dynus
990 2875 1157 2942 Francisci
1174 2876 1303 2953 Judicis
1318 2877 1361 2943 de
1377 2876 1519 2956 Urbin0,
1536 2875 1750 2943 decretorum
1773 2875 1853 2943 doe·

485 2988 547 3059 tor,
563 2979 733 3063 quondam
745 2979 878 3045 auditor
890 2979 982 3046 dom.
995 2980 1172 3046 cardinalis
1182 2980 1372 3065 supradicti,
1389 2990 1480 3066 quat.
1493 2980 1554 3046 sibi
1566 2980 1609 3046 de
1621 3000 1696 3046 can.
1712 2988 1749 3047 et
1758 2984 1853 3067 preb.

485 3086 568 3150 eccl.
594 3085 714 3151 Pisane
730 3106 770 3151 ac
785 3086 828 3151 de
843 3086 1158 3170 archipresbiteratu
1179 3086 1329 3170 ejusdem
1350 3087 1432 3151 eccl.
1449 3093 1483 3150 et
1499 3087 1591 3171 preb.
1614 3082 1727 3149 eidem
1742 3084 1852 3150 archi-

485 3190 728 3273 presbyteratui
746 3211 888 3269 annexa,
906 3210 966 3275 per
982 3193 1035 3255 ob.
1052 3188 1132 3254 dicti
1149 3189 1240 3255 dom.
1253 3189 1443 3270 ,cardinalis
1454 3188 1509 3274 qui
1525 3188 1654 3254 dictum
1666 3187 1851 3274 archipres-

483 3295 675 3375 byteratum
706 3302 943 3378 acceptaverat
972 3294 1026 3357 vel
1058 3293 1125 3358 alio
1140 3293 1363 3376 quovismodo
1386 3300 1572 3373 vacante...,
1604 3290 1716 3356 eidem
1746 3291 1851 3377 Dpno

482 3395 664 3478 dignemini
693 3397 878 3481 providere,
903 3418 973 3463 non
992 3401 1088 3475 obst.
1115 3397 1207 3481 quod
1233 3419 1306 3463 carr.
1334 3407 1369 3463 et
1394 3399 1486 3482 preb.
1510 3396 1592 3461 eccl.
1616 3393 1794 3460 Urbinatis
1816 3404 1852 3460 et

483 3500 658 3563 rectoriam
682 3501 797 3565 ruralis
819 3502 901 3566 eccl.
937 3502 965 3566 S.
1001 3500 1196 3568 Clrristofori
1235 3511 1269 3568 et
1306 3503 1525 3588 plebanatum
1548 3500 1580 3565 S.
1610 3497 1779 3576 Johannis
1807 3499 1851 3564 de

485 3601 654 3687 Finigac0,
684 3603 859 3669 Urbinatis
889 3605 986 3686 dioc,
1014 3608 1163 3672 noscitur
1197 3608 1359 3687 obtinere,
1387 3626 1528 3689 quorum
1558 3603 1714 3669 fructus...
1746 3603 1849 3669 annui

483 3727 646 3772 summam
663 3730 705 3791 40
722 3708 754 3772 fl.
770 3709 839 3773 auri
860 3711 1085 3775 communiter
1100 3730 1169 3775 non
1186 3709 1364 3788 excedunt,
1382 3718 1416 3774 et
1439 3729 1508 3773 non
1537 3710 1622 3773 obst.
1647 3727 1695 3791 gr.
1712 3706 1774 3772 sibi
1789 3727 1850 3793 per

483 3810 514 3875 S.
528 3809 567 3876 V.
580 3811 668 3877 sacta
683 3813 725 3877 de
742 3833 816 3878 ean.
837 3814 917 3879 eccl.
942 3813 975 3878 N
978 3815 1145 3880 ucerinen.
1173 3816 1233 3879 sub
1258 3836 1333 3899 exp.
1361 3815 1453 3899 preb.
1474 3852 1518 3863 -
1534 3811 1579 3875 Et
1594 3809 1764 3896 prefatum
1778 3811 1849 3897 ple-

482 3916 640 3979 banatum
657 3924 734 4002 post
749 3918 994 3983 assecutionem
1006 3918 1155 4004 predicte
1165 3918 1272 4004 gratie
1287 3918 1455 3984 dimittere
1472 3923 1636 3982 teneatur.
1651 3954 1695 3966 -
1712 3913 1791 3980 Fiat
1808 3913 1849 3981 R.

524 4062 609 4120 435.
635 4054 721 4120 Item
744 4076 839 4141 supp.
863 4055 981 4119 Petrus
996 4054 1038 4119 de
1055 4054 1149 4120 Siciis
1164 4064 1185 4135 ²,
1203 4075 1275 4119 can.
1297 4055 1379 4120 eccl.
1396 4055 1427 4119 S.
1446 4054 1630 4120 Donatiani
1657 4052 1848 4140 Brugensis,

481 4158 667 4224 'l'omacen
680 4160 777 4239 dioc,
792 4161 892 4225 famil.
906 4181 1089 4225 commem.
1103 4181 1176 4245 cap.
1193 4181 1232 4225 ac
1248 4160 1443 4225 secretarius
1457 4160 1537 4225 dicti
1554 4159 1643 4225 dom.
1659 4158 1846 4243 cardinalis,

480 4261 535 4343 qui
564 4262 672 4325 eidem
700 4263 802 4346 longo
829 4272 982 4347 tempore
1007 4273 1188 4347 antequam
1212 4263 1327 4329 fuisset
1349 4273 1524 4349 promotus
1540 4263 1583 4329 ad
1597 4262 1748 4348 regimen
1764 4264 1846 4329 eccl.

481 4367 692 4430 Attrebaten.
709 4379 743 4430 et
760 4388 800 4430 ex
818 4377 895 4451 post
911 4389 1013 4450 usque
1029 4369 1071 4432 ad
1083 4368 1174 4432 diem
1190 4369 1238 4432 sui
1257 4371 1310 4433 ob.
1327 4369 1469 4434 fideliter
1491 4368 1638 4447 servivit,
1655 4366 1747 4451 quod
1770 4389 1846 4433 cum

482 4469 552 4554 ipse
564 4469 710 4553 ejusdem
724 4471 902 4536 cardinalis
915 4472 1081 4555 obsequiis
1094 4472 1277 4537 insistendo
1290 4473 1445 4538 fructus...
1458 4472 1698 4538 beneficiorum
1710 4493 1843 4538 suorum

483 4575 565 4638 eccl.
596 4595 660 4656 que
688 4575 829 4655 obtinet,
857 4575 959 4640 etiam
988 4576 1020 4639 in
1049 4576 1174 4641 eisdem
1206 4580 1282 4642 ben.
1305 4598 1373 4643 non
1398 4576 1584 4655 residend0,
1608 4595 1669 4661 pro
1692 4583 1845 4662 tempore

481 4677 651 4762 percipere
667 4688 791 4762 posset,
808 4679 931 4744 virtute
947 4680 1108 4764 privilegii
1126 4681 1256 4765 prefato
1269 4681 1426 4746 cardinali
1440 4701 1499 4765 per
1515 4679 1546 4745 S.
1559 4679 1599 4745 V.
1610 4679 1743 4761 indulti,
1756 4679 1845 4764 quod

480 4781 687 4865 privilegium
704 4803 723 4846 a
739 4781 792 4846 die
809 4784 919 4848 obitus
931 4784 1156 4868 prenominati
1174 4784 1349 4849 cardinalis
1361 4784 1536 4869 expiravit,
1550 4792 1641 4867 quat.
1654 4783 1777 4863 eidem,
1790 4782 1843 4868 qui

480 4884 568 4949 circa
585 4877 819 4950 executionem
836 4908 893 4952 seu
910 4888 1154 4954 ordinationem
1171 4891 1336 4953 bonorum
1353 4887 1472 4972 prelati
1492 4887 1668 4952 cardinalis
1685 4887 1844 4953 continue

480 4988 642 5052 laboravit
659 4997 693 5053 et
709 4988 817 5054 adhuc
830 4992 971 5071 laborat,
992 4991 1174 5076 dignemini
1199 4992 1380 5075 indulgere,
1396 4992 1486 5075 quod
1502 5012 1522 5057 a
1537 4991 1591 5056 die
1606 4991 1725 5057 mortis
1742 4990 1844 5057 cardi·

514 5234 535 5279 l.
555 5231 621 5279 llam
640 5231 693 5280 l'al.
707 5230 777 5289 Bal,
793 5231 812 5288 I,
825 5245 850 5279 rr.
863 5234 917 5280 ‘lul
930 5261 960 5267 -
973 5234 995 5280 2.
1009 5233 1069 5280 Voir·
1081 5247 1105 5280 n.
1120 5234 1172 5291 121,
1187 5235 1240 5281 35³2.
