4650 6059
479 778 541 841 630
1031 779 1120 852 1352,
1142 779 1160 842 6
1180 778 1288 858 juillet.

480 945 574 1008 supp.
591 924 700 989 dictus
715 925 901 1010 episcopus,
918 932 1010 1007 quat.
1026 924 1118 989 (licto
1136 924 1278 989 Himico
1294 925 1490 1011 ampliorem
1508 927 1654 1011 gratiam
1671 927 1836 1004 facientes,

481 1028 522 1091 de
551 1028 736 1111 capellania
762 1029 889 1113 capelle
913 1028 945 1092 S.
977 1027 1109 1111 Georgii
1140 1028 1373 1112 Trajectensis,
1404 1028 1565 1095 Leodien.
1602 1028 1708 1111 dioc,
1750 1053 1836 1115 quam

482 1129 657 1207 Jolrannes
671 1130 713 1194 de
729 1130 850 1208 Jecora
865 1131 945 1196 dum
962 1132 1091 1196 viveret
1106 1131 1293 1209 obtinebat,
1320 1132 1376 1215 qui
1392 1131 1585 1198 accedendo
1600 1133 1647 1199 ad
1664 1133 1798 1200 Urbem
1811 1136 1836 1199 in

482 1255 573 1299 anno
584 1256 603 1298 a
616 1236 793 1301 nativitate
804 1236 940 1302 Domini
953 1234 1181 1316 M⁰.CCC⁰.L⁰,
1194 1256 1254 1321 pro
1267 1236 1460 1301 remissione
1471 1245 1698 1321 peccatorum
1715 1260 1838 1304 suorum

482 1337 676 1417 obtinenda,
704 1339 736 1403 iu
765 1340 837 1426 ipso
862 1340 980 1405 itinere
1007 1339 1097 1404 diem
1124 1340 1242 1405 clausit
1281 1349 1478 1419 extremum,
1504 1350 1663 1422 vacante,
1693 1344 1798 1408 etiam
1817 1345 1837 1407 si

482 1442 600 1525 quovis
616 1443 683 1508 alio
699 1443 801 1509 modo
816 1455 925 1526 vacet,
942 1444 1052 1509 eidem
1067 1444 1249 1528 dignemini
1266 1444 1449 1529 providere,
1473 1445 1553 1511 licet
1578 1466 1642 1530 per
1665 1447 1838 1531 quendam,

482 1543 525 1608 de
540 1544 630 1610 facto
646 1567 705 1630 per
721 1568 845 1613 armum
862 1558 897 1611 et
911 1547 1053 1633 amplius
1079 1546 1208 1611 dicatur
1224 1555 1388 1631 occupata
1403 1570 1411 1626 ;
1437 1567 1505 1611 non
1532 1549 1621 1613 obst.
1649 1549 1748 1633 quod
1773 1552 1839 1619 ben.

482 1651 563 1714 eccl.
581 1670 609 1714 c.
626 1670 654 1713 c.
671 1652 724 1715 vel
735 1672 765 1715 s.
783 1672 822 1730 c.,
838 1659 995 1736 spectans
1010 1650 1054 1715 ad
1069 1650 1287 1715 collationem
1310 1649 1429 1716 decani
1453 1651 1595 1716 ecclesie
1623 1651 1838 1731 Zozaciensis,

482 1752 571 1817 dicte
586 1753 683 1834 dioc,
699 1754 732 1817 in
750 1754 855 1819 forma
872 1754 1052 1834 communi,
1069 1761 1104 1818 et
1119 1754 1163 1819 ad
1175 1754 1391 1820 collationem
1401 1754 1519 1820 decani
1535 1763 1571 1820 et
1580 1755 1729 1842 capituli
1741 1757 1838 1823 eccle·

483 1856 529 1919 sie
545 1856 577 1920 S.
594 1856 740 1921 Castoris
756 1856 976 1939 Confluentie,
993 1858 1171 1925 Treveren.
1187 1858 1284 1938 dioc,
1295 1859 1457 1924 canonice
1473 1859 1625 1925 noscitur
1635 1870 1837 1946 expectare:

482 1969 517 2024 et
534 1960 666 2045 insuper
681 1961 723 2025 de
739 1963 880 2027 uberiori
896 1963 986 2032 dono
1009 1962 1114 2046 gratie
1140 1971 1178 2027 ut
1193 1961 1319 2027 dictam
1346 1962 1567 2047 capellaniam
1593 1983 1654 2027 seu
1680 1966 1839 2050 capellam

482 2083 549 2127 una
566 2084 643 2127 cum
657 2066 823 2130 beneficio
839 2067 893 2131 vel
908 2066 1090 2145 beneficiis,
1106 2066 1132 2131 si
1149 2065 1240 2150 quod
1255 2067 1309 2129 vel
1325 2086 1400 2149 que,
1416 2066 1530 2150 vigore
1540 2065 1711 2131 dictarum
1727 2069 1839 2153 gratia·

483 2188 566 2246 rum,
582 2168 679 2232 simul
695 2169 749 2232 rel
765 2170 961 2251 successive,
978 2180 1211 2255 consequatur,
1228 2170 1325 2235 simul
1341 2170 1430 2235 licite
1456 2179 1571 2235 tenere
1597 2171 1731 2251 valeat,
1753 2170 1841 2237 dicto

484 2271 616 2336 defectu
643 2293 710 2337 non
736 2275 832 2353 obst,
858 2293 934 2338 cum
952 2273 1044 2339 dicto
1073 2273 1222 2340 Henrico
1248 2272 1729 2360 misericorditerdispensare,
1752 2276 1839 2341 utin

485 2374 612 2454 sonna3
629 2384 663 2440 et
680 2396 756 2441 cum
773 2376 845 2441 aliis
861 2398 929 2442 nou
945 2380 1053 2444 obst...
1068 2418 1112 2427 —
1128 2377 1206 2443 Fiat
1223 2376 1262 2442 R.
1281 2415 1313 2425 -
1335 2376 1380 2442 Et
1402 2385 1576 2442 remaneat
1591 2378 1653 2443 sibi
1670 2378 1789 2463 gratia.
1806 2378 1841 2443 R.

527 2478 607 2543 Dat.
623 2479 723 2543 Avin.
741 2500 758 2543 2
775 2500 854 2545 non.
867 2481 940 2564 julii
956 2490 989 2546 a⁰
1010 2489 1070 2546 11⁰.
1088 2483 1165 2561 (22,
1182 2483 1266 2565 49⁸').

534 2616 679 2703 2423.
1527 2651 1625 2715 1552,
1642 2633 1662 2694 ό
1675 2631 1802 2713 juillet.

527 2732 627 2819 Supp.
644 2734 764 2815 Guido,
782 2735 938 2800 Portuen.
954 2735 1130 2822 episcopus
1145 2735 1334 2814 cardinalis,
1351 2744 1443 2820 quat.
1468 2733 1546 2821 [suo
1569 2733 1728 2801 familiari
1755 2734 1839 2801 cubi-

484 2838 608 2903 culario
624 2839 800 2925 Arnulplro
826 2840 868 2905 de
892 2840 1014 2920 Ardea,
1040 2840 1162 2904 clerico
1191 2838 1357 2905 Morinen.
1382 2840 1479 2919 dioc„
1495 2840 1625 2903 nullum
1640 2840 1756 2906 adhuc
1769 2842 1837 2905 ben.

484 2944 565 3007 eccl.
581 2942 764 3029 assecuto],
780 2943 962 3027 dignemini
978 2943 1154 3029 providere
1170 2944 1212 3008 de
1237 2943 1433 3030 capellania,
1449 2963 1550 3026 quam
1565 2962 1676 3028 nuper
1692 2943 1728 3008 in
1739 2944 1836 3009 eccle·

484 3044 532 3109 sia
548 3044 578 3109 S.
596 3046 780 3112 Donatiani
797 3045 983 3130 BrugensiS,
1000 3046 1296 3127 Tomacendioc,
1309 3050 1447 3111 tenebat
1458 3043 1635 3124 Johannes
1649 3046 1695 3111 de
1712 3044 1834 3120 Baers¹‚
1868 3128 1870 3136 Ι

485 3147 538 3229 qui
557 3147 589 3210 in
608 3147 705 3212 Rom.
723 3149 812 3212 curia
827 3148 915 3212 diem
933 3169 1027 3212 suum
1045 3148 1164 3213 clausit
1181 3155 1408 3212 extremum...
1427 3148 1563 3213 —Fiat
1581 3147 1623 3214 R.

528 3251 607 3315 Dat.
623 3252 723 3316 Asin.
743 3274 758 3315 2
777 3273 855 3316 non.
869 3252 939 3334 julii
957 3260 989 3315 a⁰
1009 3259 1067 3315 11⁰.
1086 3253 1160 3332 (22,
1180 3254 1247 3334 52).

535 3386 683 3468 2424.
1531 3402 1797 3485 1552,‹5jmuu.

528 3505 616 3588 Sign.
634 3506 664 3569 S.
681 3504 720 3569 V.
739 3505 919 3570 Renaudus
934 3505 975 3570 de
992 3504 1138 3582 Foresi0,
1152 3504 1256 3583 miles,
1268 3504 1356 3587 quod
1375 3503 1602 3584 Hermannus,
1619 3506 1731 3571 dietus
1747 3504 1829 3569 Blan-

485 3606 560 3672 kart
575 3622 596 3687 ²,
615 3609 795 3673 canonicus
811 3609 950 3673 ecclesie
964 3608 1001 3673 B.
1020 3607 1069 3673 M.
1086 3608 1260 3692 Aquensis,
1278 3607 1435 3673 Leodien.
1452 3609 1549 3689 dioc,
1572 3610 1711 3692 <quod
1727 3611 1790 3695 ipse
1802 3624 1823 3667 >

485 3712 564 3777 olim
591 3712 792 3776 decanatum
819 3713 920 3797 ipsius
947 3713 1087 3778 ecclesie
1112 3713 1230 3797 primo,
1258 3722 1292 3777 et
1319 3713 1439 3777 deinde
1465 3734 1538 3779 can.
1564 3721 1600 3779 et
1625 3718 1720 3799 preb.
1743 3715 1828 3800 ipsius

485 3815 624 3879 ecclesie
641 3816 802 3879 canonice
818 3826 997 3895 assecutus,
1022 3816 1224 3881 decanatum
1248 3816 1445 3902 predictum,
1471 3818 1526 3901 qui
1554 3818 1706 3902 dignitas
1728 3825 1826 3884 curata

485 3920 607 3998 existit,
623 3940 682 4003 per
698 3921 808 4003 plures
831 3940 937 3984 annos
962 3920 1100 4004 pacifice
1116 3921 1235 4000 tenuit,
1252 3921 1294 3986 ad
1310 3920 1533 3986 sacerdotium
1558 3942 1627 3987 non
1645 3933 1826 4007 promotus;

485 4031 518 4086 et
536 4025 774 4106 subsequenter
789 4024 1031 4109 preposituram
1047 4025 1187 4089 ecclesie
1203 4024 1402 4104 Werdensis,
1419 4023 1594 4090 Colonien.
1611 4025 1712 4105 dioc„
1728 4023 1826 4112 quede

484 4127 664 4190 collatione
681 4149 738 4192 seu
751 4129 823 4212 jure
840 4138 1035 4213 patronatus
1052 4130 1213 4195 laicorum
1229 4139 1264 4194 et
1279 4130 1381 4194 etiam
1397 4128 1541 4213 dignitas
1557 4140 1675 4195 curata
1693 4141 1752 4212 est,
1761 4129 1826 4195 alias

484 4230 544 4293 sibi
573 4231 764 4314 collatal'm)
791 4233 933 4316 adeptus
959 4232 1079 4311 extitit,
1104 4233 1278 4317 dictosque
1310 4234 1511 4297 decanatum
1537 4242 1572 4298 et
1599 4236 1823 4320 preposituram

484 4334 630 4397 simulet
648 4344 737 4417 (per)
755 4338 864 4419 plures
879 4343 891 4368 ²¹
907 4357 1012 4400 annos
1038 4346 1114 4421 post
1130 4346 1166 4401 et
1193 4347 1310 4402 contra
1335 4336 1612 4401 constitutionem
1639 4358 1706 4421 que
1727 4332 1822 4419 incipit

486 4460 502 4498 u.
520 4436 728 4501 Endromis
745 4463 762 4499 n
780 4439 919 4524 pacifice
936 4440 1043 4503 tenuit
1059 4448 1093 4503 et
1109 4439 1267 4524 possedit,
1285 4440 1408 4504 fructus
1435 4439 1624 4524 percipiens
1647 4461 1690 4507 ex
1706 4440 1821 4506 eisdem.

484 4540 568 4603 Cum
586 4548 700 4603 autem
716 4541 823 4606 dictus
841 4542 1057 4607 Hermannus
1072 4545 1167 4628 plura
1184 4546 1273 4607 bona
1290 4543 1414 4621 lecerit,
1427 4543 1601 4607 libertates
1613 4544 1719 4609 etiam
1730 4545 1820 4630 plures

483 4647 645 4708 bonorum
663 4646 763 4730 ipsius
779 4646 918 4711 ecclesie
935 4646 1109 4729 Aquensis,
1127 4647 1206 4710 olim
1223 4647 1366 4712 dominis
1382 4645 1624 4731 temporalibus
1643 4647 1726 4732 jugo
1740 4641 1820 4712 serri-

482 4748 563 4811 tutis
578 4750 824 4830 submissorum,
840 4751 1067 4834 procuraverit
1083 4772 1121 4814 ac
1139 4750 1262 4814 fructus
1277 4771 1336 4834 per
1352 4772 1428 4814 enm
1444 4772 1485 4813 ex
1506 4747 1675 4815 decanatu
1691 4749 1820 4836 predicto

513 4944 541 5002 a)
564 4942 619 4991 (lul.
633 4946 735 5006 pluries.

483 5096 484 5102 ¹
515 5132 535 5176 l.
557 5130 612 5176 (sire
631 5145 661 5175 cu
684 5133 740 5176 1331
764 5130 872 5191 (Arnai.
894 5133 947 5178 δὀὐ.
968 5130 1058 5178 ll'neul..
1079 5131 1103 5176 3‘
1124 5128 1194 5185 scilic,
1208 5136 1226 5176 t.
1241 5128 1268 5186 l’,
1281 5142 1305 5189 p,
1319 5128 1386 5187 203).
1399 5154 1430 5161 -
1447 5129 1469 5175 2.
1484 5126 1581 5174 voirn.
1595 5120 1821 5203 2197;Sauerleurl-

482 5202 571 5249 interi.
589 5202 656 5255 rii»,
671 5217 694 5248 n.
709 5205 776 5260 rori,
792 5205 859 5260 uns,
872 5206 943 5251 arro.
