4650 6059
973 487 1058 558 1347,
1083 486 1182 551 22-26
1205 488 1333 553 octobre.
1775 498 1832 562 341

499 655 569 721 supp.
583 636 693 703 dictus
706 635 875 703 Henricus
890 644 982 721 quat.
995 634 1056 701 sibi
1072 633 1201 701 dictum
1217 634 1442 704 decanatum·
1459 637 1560 723 ipsius
1575 641 1657 707 eccl.
1674 640 1712 708 B.
1727 642 1834 711 Mario

498 738 531 805 sic
541 760 606 807 vac.
615 741 721 806 libere
736 740 885 826 recipere
894 748 929 805 et
944 759 1012 804 una
1028 758 1104 804 cum
1121 737 1241 803 eodem
1254 737 1423 805 decanatu
1438 742 1520 806 eccl.
1534 741 1564 807 S.
1576 742 1728 812 Gudile...
1740 747 1832 814 licite

497 843 614 908 retinere
629 844 754 909 valeat.
767 884 810 892 -
826 842 904 909 Fiat
921 842 960 908 R.

457 971 460 976 ·
526 946 595 1013 Dat.
609 948 712 1012 Avin.
733 967 769 1032 15
786 946 854 1013 kal.
870 967 948 1014 nov.
965 954 999 1012 a⁰
1017 952 1063 1011 6⁰..
1075 947 1147 1027 (14,
1170 947 1271 1029 151').

533 1083 669 1167 1289.
1479 1117 1573 1184 1547,
1591 1123 1631 1165 22
1648 1103 1786 1168 octobre.

524 1202 639 1289 Supp...
656 1201 865 1281 GuillelmuS,
881 1200 982 1287 episc.
1000 1199 1194 1280 carnoten,
1211 1208 1301 1283 quat.
1333 1199 1526 1287 [capellano
1541 1211 1576 1267 et
1599 1203 1753 1270 familiari
1770 1227 1830 1272 suo

494 1303 671 1392 Gullelmo]
687 1305 729 1370 de
741 1306 921 1390 Aleyraco,
933 1302 1149 1369 Lemovicen.
1159 1302 1278 1384 dioc.,..
1294 1303 1336 1370 de
1351 1304 1525 1385 beneficio,
1538 1305 1641 1370 etiam
1658 1309 1685 1372 si
1701 1308 1779 1374 off...
1790 1309 1832 1374 ad

492 1410 548 1475 coll.
562 1408 711 1495 episcopi
728 1416 763 1473 et
785 1408 923 1493 capituli
939 1406 1127 1493 Lingonen.
1144 1406 1325 1492 dignemini
1341 1406 1538 1493 prouidere3
1555 1429 1623 1474 non
1640 1413 1725 1477 obst.
1742 1412 1833 1497 quod

490 1511 621 1596 paroch.
637 1512 721 1578 eccl.
737 1510 779 1577 de
796 1510 926 1591 Insulis,
942 1510 1083 1577 Trecen.
1108 1510 1206 1591 dioc,
1229 1519 1425 1597 perpetuam
1442 1511 1600 1577 vicariam
1617 1512 1655 1579 B.
1670 1513 1718 1580 M.
1736 1514 1831 1601 Mag-

489 1612 588 1680 dalene
603 1615 704 1680 sitam
721 1614 755 1678 in
770 1613 854 1680 eccl.
866 1612 1033 1680 Morinen.
1044 1622 1079 1678 et
1090 1613 1218 1698 gracias
1233 1633 1323 1699 spec.
1336 1615 1396 1679 sub
1418 1634 1492 1699 exp.
1505 1617 1581 1681 ben.
1594 1617 1638 1682 ad
1658 1618 1733 1683 coll.
1747 1619 1832 1705 epis-

436 1701 444 1838 p
488 1719 547 1804 copi
562 1726 597 1785 et
612 1739 690 1804 cap.
706 1717 864 1783 Parisien.
881 1725 915 1782 et
930 1716 1184 1782 Autissiodoren
1200 1717 1349 1782 noscitur
1365 1717 1526 1783 obtinere.
1542 1760 1583 1769 —
1602 1719 1678 1786 Fiat
1695 1722 1735 1787 R.

436 1847 438 1928 p
518 1821 594 1887 Dat.
609 1821 712 1886 Avin.
734 1842 767 1886 11
786 1820 853 1887 kal.
868 1842 948 1887 nov,
965 1829 999 1886 a⁰
1016 1826 1057 1885 6⁰.
1075 1823 1148 1904 (14,
1171 1822 1256 1905 155).

436 1931 438 1964 l

436 1977 437 1990 ¹
525 1959 669 2044 1290.
1482 1993 1577 2059 1547,
1595 1998 1635 2040 22
1652 1980 1789 2044 octobre.

514 2080 645 2165 Supp...
672 2077 915 2162 G(uillelmus),
941 2076 1121 2142 Carnoten.
1138 2078 1251 2162 episc,
1272 2085 1364 2161 quat.
1392 2077 1558 2164 [familiari
1584 2099 1643 2144 suo
1671 2078 1832 2148 Mauritio

483 2181 645 2261 Cherisier‚
662 2179 801 2267 clerico]
828 2178 1075 2265 Rothomagen.
1096 2178 1227 2260 dioc...,
1243 2180 1285 2245 de
1305 2181 1459 2265 parroclr.
1483 2184 1565 2248 eccl.
1581 2183 1624 2248 de
1640 2184 1801 2250 Deheries
1813 2196 1832 2267 ¹,

482 2282 689 2350 Cameracen.
715 2284 813 2363 dioc,
836 2304 911 2349 vac.
936 2282 1026 2369 apud
1052 2281 1167 2348 sedem
1194 2291 1301 2368 apost.
1318 2304 1359 2348 ex
1386 2305 1428 2350 eo
1451 2285 1543 2369 quod
1565 2287 1701 2352 ultimus
1723 2297 1833 2354 rector

480 2388 629 2471 ejusdem,
645 2387 770 2452 virtute
792 2387 898 2472 gratie
925 2395 1034 2473 apost.
1050 2386 1111 2451 sibi
1135 2386 1234 2466 lacte,
1250 2386 1330 2451 dum
1354 2388 1444 2453 aliud
1467 2389 1576 2454 benef.
1592 2391 1673 2455 eccl.
1692 2392 1832 2476 pacifice

479 2499 640 2557 assecutus
654 2490 780 2569 fuisset,
791 2490 897 2576 ipsam
907 2490 1060 2576 parroch.
1071 2489 1332 2555 eccldimittere
1342 2493 1585 2575 teneretur,qui
1598 2494 1733 2576 quidem
1743 2515 1832 2561 nunc

479 2593 651 2677 quamdam
674 2596 767 2679 preb.
793 2594 827 2657 in
851 2593 933 2659 eccl.
956 2592 988 2657 S.
1015 2591 1130 2658 Crucis
1153 2592 1378 2674 Cameracen,
1395 2594 1519 2659 virtute
1541 2596 1689 2679 ejusdem
1712 2598 1831 2682 gracie,

479 2698 618 2764 noscitur
632 2698 797 2777 obtinere,
813 2697 893 2762 licet
909 2716 968 2783 per
984 2695 1117 2760 Rev¹¹¹¹¹¹¹¹
1135 2694 1172 2761 P.
1189 2696 1231 2761 D.
1248 2697 1350 2781 episc.
1366 2695 1603 2779 Tusculanum,
1619 2698 1707 2764 sedis
1723 2709 1831 2787 apost.

479 2801 675 2867 cardinalem
698 2808 733 2866 et
755 2800 926 2880 nuncium,
943 2800 976 2863 in
993 2805 1157 2882 quantum
1174 2799 1204 2863 ei
1220 2799 1411 2885 pertinebat
1426 2799 1536 2864 eidem
1553 2798 1720 2868 Mauricio
1736 2802 1832 2870 fuerit

480 2907 675 2986 collatum...
690 2903 872 2990 dignemini
887 2903 1072 2989 providere,
1089 2903 1183 2987 cujus
1198 2902 1333 2983 fructus,
1350 2924 1415 2969 sec.
1432 2910 1545 2969 taxam
1562 2904 1702 2987 decime,
1720 2926 1760 2972 20
1776 2907 1832 2973 lib.

480 3006 594 3078 Toron.
609 3009 759 3075 valorem
775 3028 844 3074 non
860 3007 1037 3075 excedunt.
1053 3048 1096 3057 -
1113 3006 1190 3073 Fiat
1207 3007 1247 3073 R.

515 3115 594 3180 Dat.
611 3114 712 3179 Avin.
732 3133 766 3177 11
785 3111 852 3179 kal.
869 3133 946 3178 nov.
964 3120 998 3177 a⁰
1015 3117 1056 3177 6⁰.
1074 3113 1147 3196 (14,
1170 3116 1257 3196 155).

528 3252 661 3334 1291.
1479 3285 1574 3349 1347,
1592 3268 1633 3329 26
1650 3270 1787 3333 octobre.

515 3371 647 3456 Supp...
666 3367 897 3453 B(emardus),
914 3369 966 3434 tit.
983 3369 1014 3433 S.
1032 3367 1150 3433 Ciriaci
1177 3368 1210 3431 in
1234 3367 1363 3432 Termis
1388 3372 1495 3453 presb.
1512 3371 1610 3449 card,
1628 3380 1719 3455 quat.
1743 3395 1830 3457 mag.

479 3470 620 3548 Johanni
636 3473 678 3538 de
693 3473 846 3552 Arbosio,
863 3473 896 3536 in
913 3473 975 3557 leg.
993 3473 1056 3552 lic,
1074 3472 1223 3555 magistri
1241 3471 1386 3557 Philippi
1399 3473 1442 3537 de
1455 3474 1607 3552 Arbosi0,
1618 3475 1736 3539 decani
1750 3475 1830 3539 Bru-

479 3579 592 3661 gensis,
607 3576 725 3663 nepoti
734 3587 754 3657 ²,
771 3576 903 3641 decan.
920 3585 954 3640 et
970 3579 1061 3661 preb.
1079 3577 1160 3640 eccl.
1180 3574 1331 3654 chren.,
1349 3597 1432 3659 quos
1449 3575 1536 3639 idem
1553 3597 1640 3660 mag.
1659 3577 1831 3662 Philippus

480 3680 507 3745 in
521 3681 642 3748 eadem
658 3681 741 3746 eccl.
757 3680 941 3759 obtinebat,
957 3699 1029 3744 vac.
1042 3679 1085 3743 ad
1100 3698 1237 3763 presens
1253 3678 1285 3741 in
1303 3680 1392 3743 curia
1408 3700 1467 3763 per
1482 3678 1619 3744 liberam
1635 3681 1831 3764 resignatio-

480 3803 548 3849 nem
564 3784 647 3851 dicti
664 3804 752 3869 mag.
763 3784 947 3870 Philippi...
967 3783 1142 3869 providere
1158 3782 1340 3867 dignemini
1350 3806 1359 3863 3
1384 3804 1451 3847 non
1474 3785 1559 3848 obst.
1575 3784 1666 3867 quod
1681 3806 1754 3850 can.
1770 3789 1830 3850 sub

480 3891 647 3975 erp.preb.
659 3888 694 3953 in
706 3888 788 3953 eccl.
797 3887 925 3952 Eduen.
936 3908 1067 3952 necnon
1081 3894 1296 3972 personatum
1308 3886 1350 3951 de
1364 3885 1602 3971 Humelglrem,
1614 3887 1829 3955 Cameracen.

481 3989 567 4073 dioc,
584 3991 735 4058 noscitur
749 3992 911 4057 obtinere.
927 4032 970 4041 -
988 3990 1063 4055 Fiat
1081 3989 1121 4055 R.

518 4094 593 4161 Dat.
608 4094 710 4159 Avin.
728 4113 746 4178 7
762 4093 829 4160 kal.
846 4115 924 4160 nou.
942 4104 974 4159 a¹¹
993 4099 1033 4159 6⁰.
1050 4097 1121 4175 (14,
1144 4096 1244 4178 1571).

527 4231 699 4317 1292-l
710 4231 822 4318 293.
1479 4267 1496 4309 1
1499 4266 1538 4329 ja
1544 4265 1572 4327 7,
1590 4255 1631 4310 ab
1648 4250 1785 4312 octobre.

518 4350 646 4437 Supp...
665 4349 820 4433 G(uid0),
847 4349 900 4414 tit.
925 4349 957 4414 S.
984 4347 1108 4414 Cecilie
1123 4351 1231 4434 presb.
1249 4349 1347 4429 card,
1364 4357 1455 4432 quat.
1475 4371 1550 4415 can.
1575 4358 1610 4414 et
1633 4354 1724 4436 preb.
1748 4353 1829 4416 eccl.

489 4448 512 4514 S.
524 4453 695 4541 Gangerici
712 4453 940 4531 Cameracen,
957 4472 1029 4518 vac.
1046 4472 1105 4537 per
1120 4452 1258 4517 liberam
1282 4452 1544 4537 resignacionem
1568 4475 1655 4538 mag.
1675 4454 1829 4520 Balduini

515 4640 536 4696 ι)
550 4642 605 4690 (od.
616 4642 649 4690 do
659 4643 730 4690 dicto
740 4642 877 4691 decanatu.

521 4788 538 4835 l.
547 4789 603 4838 Volr
614 4806 639 4839 n.
651 4794 691 4838 26.
703 4818 734 4826 -
747 4793 769 4839 2.
781 4790 847 4838 deon
861 4790 979 4837 d'Arbois
991 4793 1031 4838 est
1043 4787 1094 4837 cito
1105 4803 1205 4837 comme
1217 4789 1344 4837 chanolne
1356 4789 1389 4837 de
1401 4790 1487 4838 Reims
1499 4791 1522 4837 le
1535 4793 1565 4838 26
1577 4806 1645 4839 more
1658 4792 1719 4839 1352
1733 4790 1831 4849 td'ller·

433 4899 434 4918 ,
498 4852 572 4922 hm
587 4864 690 4913 (bonae
700 4862 732 4912 de
743 4863 938 4922 duint-Martia,
951 4864 984 4920 ll,
995 4864 1054 4921 527)
1068 4868 1094 4910 et
1106 4876 1206 4910 comme
1217 4862 1342 4911 olranoine
1353 4862 1385 4911 de
1397 4862 1506 4910 Tonrnni
1519 4878 1551 4911 on
1564 4866 1627 4913 1³57
1639 4865 1684 4927 (de
1697 4865 1831 4926 leburg-

433 4925 436 4938 ¹
501 4925 585 4993 Scirum,
600 4936 697 4987 dunel.
708 4936 739 4986 de
751 4936 829 4985 bouis
840 4935 871 4984 de
884 4936 960 4992 Male,
975 4937 1008 4992 ll,
1025 4937 1090 4996 los).
