4650 6059
939 793 1026 866 1350,
1050 790 1321 857 1118111111.
1449 874 1451 880 ,
1745 803 1800 867 551

435 952 473 1008 et
498 946 592 1028 preb.
619 944 760 1009 ecclesie
787 944 818 1008 S.
847 944 1023 1029 Gaugerici
1052 942 1269 1009 Cameracen.
1297 965 1369 1010 vac.
1396 966 1455 1030 per
1482 949 1535 1011 ob.
1563 947 1734 1017 Lamberti
1760 955 1801 1020 de

437 1045 640 1128 Monovilla,
651 1048 707 1131 qui
719 1056 813 1113 extra
828 1047 926 1114 Rom.
942 1049 1069 1114 curiam
1085 1047 1175 1113 diem
1191 1048 1310 1113 clausit
1326 1057 1522 1131 extremum,
1532 1050 1712 1136 dignemini
1726 1077 1800 1141 pro-

436 1152 553 1217 videre
568 1175 576 1231 ;
590 1172 658 1217 non
675 1155 761 1217 obst.
772 1152 863 1235 quod
878 1153 912 1216 in
928 1152 959 1216 S.
972 1151 1320 1217 FirminiAmbianen.
1337 1153 1516 1237 quamdam
1531 1176 1624 1240 perp.
1637 1160 1799 1243 capellan.

438 1263 597 1320 noscatur
612 1255 774 1322 obtinere.
790 1297 833 1306 -—
849 1256 926 1321 Fiat
943 1255 983 1320 R.

483 1358 563 1424 Dat.
579 1359 678 1424 Avin.
697 1364 714 1422 6
731 1359 774 1425 id.
790 1360 863 1425 dec.
880 1374 915 1425 1ο
932 1373 978 1440 9⁰.
996 1361 1073 1443 (20,
1091 1361 1159 1442 20).

489 1528 629 1612 2124.
1407 1566 1501 1628 1550,
1518 1567 1557 1630 13
1576 1551 1753 1616 ddcenzbre.

479 1647 584 1732 Supp.
610 1646 827 1732 Reynekinus
851 1650 960 1715 dictus
988 1649 1076 1715 Rose
1100 1649 1143 1715 de
1168 1648 1272 1730 Wert,
1299 1651 1402 1716 laicus
1417 1649 1577 1718 Leodien.
1593 1653 1690 1737 dioc,
1707 1666 1798 1740 quat.

437 1750 497 1815 sibi
514 1750 557 1816 de
574 1750 686 1818 officio
710 1754 818 1819 laicali
843 1753 886 1819 ad
909 1755 985 1820 coll.
1012 1754 1150 1839 capituli
1168 1753 1199 1818 S.
1216 1753 1589 1839 ServatiiTrajectensis
1615 1758 1797 1842 dignemini

435 1853 623 1938 providere.
639 1896 683 1905 —
699 1856 776 1921 Fiat
794 1857 834 1922 R.

478 1960 560 2024 Dat.
576 1962 676 2027 Avin.
693 1961 736 2027 id.
753 1962 826 2028 dec.
838 1976 874 2027 1ο
891 1976 937 2043 90.
955 1964 1032 2046 (20,
1054 1963 1131 2048 16⁹).

486 2134 625 2218 2125·
1405 2152 1753 2233 1351181111111111.

478 2254 571 2337 Sign.
587 2254 618 2319 S.
635 2252 675 2318 V.
692 2252 874 2334 Johannes,
890 2274 948 2317 rex
965 2252 1117 2334 Francie,
1145 2254 1235 2337 quod
1259 2254 1452 2340 Arnulphus
1475 2254 1517 2320 de
1533 2255 1765 2340 Magnoponte
1777 2268 1797 2336 ¹,

429 2358 580 2423 dilectus
595 2358 665 2441 ejus
681 2357 885 2442 capellanus
901 2357 1015 2442 vigore
1031 2357 1201 2441 cujusdam
1218 2358 1322 2442 gratie
1338 2378 1397 2443 per
1413 2379 1484 2438 vos,
1502 2359 1597 2443 7kal.
1615 2360 1700 2443 junii
1715 2380 1798 2445 pon-

430 2461 585 2526 tificatus
600 2462 702 2526 vestri
719 2475 754 2525 a⁰
773 2474 815 2541 1⁰,
832 2461 873 2525 de
890 2481 963 2526 can.
980 2463 1041 2526 sub
1057 2482 1133 2547 exp.
1143 2464 1235 2546 preb.
1247 2462 1281 2525 in
1298 2462 1439 2527 ecclesia
1455 2460 1680 2543 Cameracen,
1697 2483 1798 2546 quam

429 2565 573 2630 duceret
589 2563 846 2650 acceptandam,
863 2563 924 2628 sibi
941 2563 1039 2644 facte,
1067 2564 1273 2649 prebendam
1302 2586 1402 2649 quam
1428 2564 1549 2630 nobilis
1570 2565 1620 2628 vir
1637 2563 1800 2631 Nicolaus

428 2669 473 2733 de
491 2666 624 2754 Ligne²
650 2669 685 2731 in
701 2666 791 2732 dicta
806 2666 950 2732 ecclesia
976 2676 1141 2748 tenuerat,
1167 2688 1240 2733 vac.
1268 2689 1328 2753 pro
1344 2689 1386 2733 eo
1402 2668 1492 2752 quod
1521 2667 1610 2733 idem
1638 2666 1799 2733 Nicolaus

428 2772 560 2837 dictam
576 2770 782 2857 prebendam
798 2771 955 2836 obtinens
970 2770 1067 2854 miles
1082 2772 1240 2837 secularis
1262 2772 1369 2838 factus
1384 2780 1465 2853 erat,
1482 2771 1672 2857 acceptavit
1690 2792 1729 2856 23
1745 2772 1799 2837 die

430 2875 559 2940 mensis
570 2875 643 2959 julii
669 2896 759 2940 anno
776 2875 914 2940 Domini
943 2880 1034 2959 1346,
1065 2885 1100 2940 et
1116 2875 1237 2941 eodem
1261 2897 1353 2942 anno
1371 2897 1430 2962 per
1445 2882 1659 2941 executorem
1675 2875 1719 2941 ad
1734 2876 1799 2941 hoc

429 2980 634 3065 deputatum
646 2978 689 3043 de
705 2979 776 3064 ipsa
803 2979 972 3063 prebenda
1002 2979 1063 3043 sibi
1095 2979 1241 3045 obtinuit
1264 2980 1443 3045 verbaliter
1458 2978 1635 3065 provideri,
1651 2988 1686 3043 et
1701 3000 1800 3065 super
1838 3028 1840 3033 .

430 3084 552 3149 eadem
568 3081 737 3168 prebenda
753 3081 958 3166 assequenda
974 3103 994 3146 a
1015 3085 1052 3145 16
1065 3081 1119 3146 die
1137 3082 1263 3147 mensis
1289 3081 1441 3146 februarii
1464 3080 1706 3166 anni'Domini.
1717 3102 1798 3166 1347

431 3189 464 3251 in
481 3187 610 3273 palatio
626 3206 801 3251 causarum
817 3188 1003 3249 vestrarum
1031 3205 1133 3268 usque
1149 3185 1192 3249 ad
1207 3185 1379 3250 dationem
1402 3185 1616 3250 articulorum
1637 3184 1797 3250 inclusive

430 3290 576 3375 litigavit
603 3298 637 3354 et
662 3290 772 3373 litigat
800 3285 919 3354 contra
950 3289 1093 3352 militem
1130 3289 1368 3374 supradictum.
1405 3288 1506 3355 Unde
1540 3308 1616 3353 cum
1651 3288 1797 3373 prefatus

432 3393 608 3473 Nicolaus,
631 3393 759 3478 prelata
785 3392 843 3456 lite
867 3392 1021 3470 durante,
1046 3391 1190 3456 eandem
1216 3395 1307 3477 preb.
1335 3414 1411 3458 cum
1429 3392 1579 3456 Roberto
1594 3391 1636 3457 de
1651 3390 1757 3476 Ligne
1773 3405 1794 3472 ³,

432 3498 532 3562 fratre
548 3517 619 3576 su0,
647 3496 689 3561 ad
720 3495 890 3579 quoddam
917 3494 1009 3560 aliud
1032 3496 1233 3560 beneficium
1254 3496 1505 3581 permutaverit,
1531 3495 1706 3578 dictusque
1722 3497 1793 3580 ejus

431 3601 541 3679 irater,
558 3600 672 3683 vigore
688 3598 777 3663 dicte
794 3598 1059 3683 permutationis,
1074 3598 1179 3681 ipsam
1196 3598 1411 3683 prebendam,
1423 3607 1459 3663 ut
1475 3598 1621 3683 prefatus
1634 3597 1794 3663 Nicolaus

431 3704 588 3783 faciebat,
616 3703 766 3766 detineat
791 3710 1001 3786 occupatam,
1029 3701 1204 3785 dictusque
1229 3702 1430 3787 ArnulpbuS,
1448 3702 1526 3767 licet
1555 3703 1588 3766 11
1616 3703 1706 3767 dicta
1735 3704 1793 3767 lite

433 3807 571 3871 finalem
595 3806 771 3871 victoriam
800 3806 976 3884 obtineret,
1003 3806 1124 3870 timeat
1148 3806 1390 3891 quodpropter
1413 3805 1578 3870 dictorum
1604 3804 1736 3870 Nicolai
1753 3817 1787 3870 et

431 3913 501 3997 ejus
528 3911 637 3976 fratris
652 3931 691 3975 ac
707 3931 822 3975 eorum
850 3911 1034 3974 amicorum
1062 3918 1095 3974 et
1120 3911 1285 3974 fautorum
1312 3909 1500 3994 potentiam
1516 3917 1551 3973 et
1567 3909 1791 3989 severitatem,

431 4014 677 4100 possessionem
692 4014 782 4079 dicte
799 4014 966 4099 prebende
982 4015 1112 4098 assequi
1137 4035 1205 4079 non
1232 4015 1368 4093 valeret,
1384 4033 1447 4077 nec
1470 4012 1577 4097 ipsam
1605 4022 1791 4091 assecutam

431 4120 501 4184 sine
530 4117 649 4183 mortis
679 4118 828 4202 periculo
858 4118 1028 4197 retinere;
1056 4138 1151 4203 supp.
1177 4116 1349 4194 Johannes
1379 4137 1436 4180 rex
1464 4115 1671 4200 supradictus
1697 4125 1790 4200 quat.

429 4222 564 4306 prefato
590 4221 766 4305 Amulplro
793 4221 977 4285 concedere
1002 4220 1195 4305 dignemini,
1212 4228 1248 4285 ut
1264 4222 1305 4286 ab
1330 4219 1576 4305 acceptatione,
1598 4220 1789 4301 collatione,

427 4325 623 4410 provisione
638 4333 672 4388 et
700 4325 758 4388 lite
783 4324 940 4408 predictis
966 4328 1090 4408 absque
1117 4324 1228 4407 aliqua
1252 4324 1420 4389 sententia
1446 4331 1563 4389 contra
1588 4324 1696 4409 ipsum
1723 4326 1790 4390 lata

426 4428 587 4495 recedere
603 4428 717 4513 possit,
730 4437 765 4492 et
781 4428 860 4512 ipsis
869 4449 937 4493 non
954 4428 1162 4493 obstantibus
1178 4428 1277 4493 aliam
1288 4427 1491 4513 prebendam
1503 4428 1536 4492 in
1546 4428 1636 4495 dicta
1648 4430 1789 4495 ecclesia

425 4553 504 4598 vac.
520 4532 576 4595 vel
593 4540 714 4610 vacat,
731 4531 844 4615 vigore
859 4532 949 4597 dicte
965 4532 1079 4616 gratie,
1102 4541 1290 4618 acceptare,
1307 4553 1346 4598 ac
1366 4532 1408 4598 de
1424 4532 1497 4618 ipsa
1512 4531 1738 4617 provisionem
1755 4543 1789 4598 et

425 4634 649 4701 collationem
673 4634 834 4714 obtinere,
850 4643 884 4698 et
901 4635 1043 4700 eandem
1068 4636 1272 4721 prebendam
1299 4636 1391 4701 licite
1416 4636 1569 4701 retinere.
1585 4677 1627 4686 -
1644 4636 1752 4702 Possit
1768 4658 1788 4702 a

423 4737 488 4805 lite
504 4737 660 4803 recedere
675 4746 710 4803 et
725 4739 824 4803 aliam
842 4739 901 4804 sibi
918 4739 1067 4804 debitam
1083 4749 1262 4826 acceptare
1279 4739 1319 4804 R.

473 4840 554 4905 Dat.
570 4841 670 4908 Avin.
688 4861 704 4926 5
722 4842 788 4907 kal.
802 4843 932 4927 januar.
949 4857 984 4907 ao
1001 4858 1037 4924 90
1054 4844 1130 4926 (20,
1151 4846 1216 4928 17).

464 5142 485 5189 l.
496 5140 560 5190 von
571 5157 597 5191 n.
609 5144 647 5201 21,
662 5144 729 5201 loll,
745 5144 806 5190 1138
821 5160 827 5201 ;
846 5145 878 5193 cl.
901 5145 977 5203 luris,
998 5145 1086 5208 Bioqr.
1108 5145 1202 5204 111ιεὶ1,
1216 5144 1236 5203 1,
1251 5145 1331 5202 1485;
1353 5144 1686 5211 Guilhermy,lnrcript.,1,
1700 5150 1739 5198 110.
1758 5176 1789 5188 -

436 5215 458 5261 ².
468 5213 531 5263 Voir
541 5229 568 5266 1.
587 5216 656 5265 1138.
668 5244 700 5251 -
712 5219 734 5265 3.
747 5216 809 5264 Voir
820 5231 845 5265 1.
857 5221 912 5266 5115.
