4650 6059
883 769 967 842 1347,
991 769 1030 833 28
1052 770 1219 835 octobre-lb
1241 771 1405 835 novembre.
1681 723 1683 727 <
1756 771 1819 836 348

463 915 625 982 Morimen.
641 914 718 982 dioc
721 967 773 999 .....
785 918 845 982 sibi
863 918 970 984 facere
980 920 1152 985 annullare
1168 920 1331 1000 intendat,
1343 919 1497 1005 dignetur
1514 921 1552 986 E.
1569 921 1600 986 S.
1617 921 1659 986 de
1675 920 1818 986 uberiori

464 1021 564 1103 gracia
579 1021 707 1086 dictam
723 1022 978 1090 collacionem...
1004 1023 1113 1089 eidem
1140 1024 1326 1111 presbitero
1350 1033 1571 1090 reservarent
1592 1025 1625 1089 in
1642 1025 1757 1090 forma.
1774 1065 1817 1074 -

468 1123 533 1190 Fiat
555 1124 599 1193 R.

504 1228 580 1297 Dat.
593 1228 697 1296 Avin.
715 1234 733 1293 6
748 1228 815 1294 kal.
831 1236 959 1297 110111ο
975 1235 1018 1297 6⁰.
1034 1232 1109 1315 (14,
1131 1234 1207 1316 107)
1220 1237 1244 1297 ².

512 1366 650 1450 1297.
1469 1401 1529 1464 134
1533 1397 1563 1463 7,
1577 1382 1619 1444 28
1634 1381 1771 1445 octobre.

506 1486 624 1573 Supp...
657 1484 852 1571 Baldoynus
877 1483 1046 1569 Riquardi,
1073 1483 1235 1572 presbiter
1258 1485 1426 1550 Morinen.
1442 1484 1539 1565 dioc,
1556 1493 1647 1569 quat.
1664 1484 1758 1551 sibi...
1773 1482 1816 1549 de

477 1591 643 1677 capellania
670 1612 763 1677 perp.
790 1611 815 1655 a.
839 1610 879 1670 c.,
906 1610 1006 1673 quam
1023 1587 1206 1674 Pasquinus
1229 1586 1277 1652 Le
1294 1585 1364 1654 Vos
1379 1588 1412 1652 in
1428 1589 1511 1653 eccl.
1538 1588 1569 1653 S.
1596 1585 1744 1673 Sepulcri
1773 1586 1816 1651 de

476 1696 498 1759 S.
514 1696 717 1775 AndomarO,
743 1693 833 1760 dicte
857 1692 954 1773 dioc,
982 1692 1061 1757 dum
1088 1693 1225 1773 viveret,
1253 1692 1439 1772 obtinebat,
1464 1692 1520 1776 qui
1546 1711 1652 1777 nuper
1678 1691 1712 1755 in
1739 1691 1816 1757 loco

477 1799 498 1863 S.
517 1797 695 1865 Michaelis
721 1798 763 1863 de
796 1795 976 1882 Frigoleto,
1014 1797 1214 1862 Aviniorren.
1241 1794 1338 1875 dioc„
1359 1795 1448 1860 diem
1472 1795 1591 1860 clausit
1617 1802 1815 1876 extremum,

476 1902 672 1988 dignemini...
696 1902 927 1989 providere...;
955 1921 1023 1965 non
1051 1904 1136 1966 obst.
1161 1900 1252 1984 quod
1278 1899 1431 1984 parroclr.
1458 1899 1540 1963 eccl.
1563 1898 1606 1963 de
1621 1896 1815 1979 Wormoud,

476 2005 547 2071 dicte
561 2006 660 2086 dioc,
673 2006 716 2071 de
728 2027 793 2090 qua
805 2004 941 2089 quidem
953 2005 1035 2070 eccl.
1051 2012 1188 2090 propter
1199 2023 1334 2088 guerras
1345 2001 1470 2068 ibidem
1480 2001 1663 2067 existentes
1678 2001 1816 2065 minime

475 2110 612 2191 gaudeat,
623 2110 772 2175 noscitur
787 2109 970 2175 obtinere...
988 2107 1121 2173 -Fiat
1138 2107 1178 2173 R.

506 2214 580 2280 [lat.
597 2214 698 2279 Avin.
717 2235 734 2298 5
751 2214 816 2279 kal.
832 2234 912 2279 nov.
928 2222 961 2278 a⁰
978 2218 1020 2278 6⁰.
1037 2213 1110 2296 (14,
1132 2214 1219 2296 167).

515 2351 656 2433 1298.
1446 2380 1541 2444 1777,
1559 2383 1577 2424 2
1592 2363 1774 2427 novembre.

504 2469 626 2555 Supp...
643 2467 781 2553 Egidius
806 2467 958 2552 Waguel,
985 2466 1156 2532 familiaris
1182 2473 1293 2530 vester
1309 2478 1329 2545 ¹,
1357 2474 1449 2548 quat.
1476 2464 1570 2529 sibi...
1585 2466 1662 2529 ben.
1679 2464 1760 2529 eccl.
1776 2463 1819 2529 ad

474 2572 555 2637 coll...
572 2571 859 2658 episcopi,decani
876 2579 910 2635 et
926 2570 1095 2655 capituli...
1111 2569 1194 2635 eccl.
1206 2568 1386 2634 Parisien...
1402 2567 1585 2651 dignemini
1600 2587 1817 2647 reservare...;

472 2693 525 2741 ron
541 2679 630 2742 obst.
646 2674 738 2760 quod
747 2674 836 2740 idem
848 2673 984 2758 Egidius
996 2694 1069 2740 can.
1082 2682 1117 2739 et
1128 2676 1219 2760 preb.
1233 2674 1266 2737 in
1279 2674 1420 2739 ecclesia
1434 2670 1601 2737 Morimen.
1612 2693 1651 2737 ac
1662 2670 1818 2757 parroclr.

472 2780 540 2844 eccl.
556 2778 600 2845 de
616 2778 898 2863 Anqueciervilla‚
915 2798 1016 2861 quam
1027 2786 1163 2862 paratus
1179 2785 1230 2842 est
1245 2776 1457 2856 dimittere...
1474 2784 1509 2840 et
1525 2774 1692 2860 quandam
1709 2776 1819 2859 capel-

472 2878 582 2945 laniam
610 2881 645 2945 in
679 2882 761 2947 eccl.
786 2880 817 2946 S.
842 2879 982 2945 Martini
1009 2878 1193 2963 Bergensis,
1217 2878 1463 2963 Rothomagen.
1480 2887 1514 2943 et
1532 2877 1698 2944 Morirren.
1722 2877 1820 2959 dioc,

471 2986 610 3050 noscitur
624 2984 787 3049 obtinere.
802 3025 846 3033 —
863 2981 940 3049 Fiat
958 2982 998 3048 R.

507 3089 584 3153 Dat.
602 3088 701 3153 Avin.
719 3111 737 3172 4
754 3109 832 3153 non.
849 3109 926 3152 nov.
944 3096 976 3151 a⁰
994 3091 1034 3151 6⁰.
1053 3089 1126 3170 (14,
1148 3086 1235 3169 171).

515 3224 1543 3318 1299.1347,
1559 3256 1579 3315 5
1598 3239 1779 3300 novembre.

506 3341 629 3428 Supp...
648 3340 755 3406 Maria
771 3340 824 3405 del
852 3340 961 3404 Conte
988 3350 1077 3422 quat.
1105 3338 1267 3424 [Johamri
1293 3338 1460 3419 Guilelmi,
1484 3339 1684 3426 presbitero]
1704 3338 1824 3405 Lemo-

474 3444 567 3509 m'cen.
585 3445 662 3510 dioc
665 3495 716 3524 .....
733 3444 865 3508 decan.
883 3454 917 3508 et
933 3446 1024 3528 preb.
1041 3444 1122 3507 eccl.
1144 3443 1186 3506 de
1204 3442 1349 3522 Nivella,
1374 3441 1534 3507 Leodien.
1550 3443 1648 3524 dioc,
1669 3464 1742 3510 vac.
1765 3464 1825 3529 per

473 3560 605 3613 mortem
634 3548 761 3612 Galteri
788 3546 920 3626 Lecras,
949 3548 1029 3610 olim
1054 3546 1155 3630 ipsius
1182 3546 1321 3610 ecclesie
1351 3545 1479 3625 decani,
1508 3548 1563 3629 qui
1587 3556 1681 3611 extra
1698 3548 1823 3612 curiam

475 3650 548 3716 diem
567 3652 687 3718 clausit
703 3660 935 3731 extremum...
951 3651 1132 3734 dignemini
1150 3650 1333 3735 providere.
1350 3650 1484 3715 -Fiat
1502 3651 1541 3715 R.

509 3756 584 3820 Dat.
601 3756 701 3820 Avin.
718 3777 798 3820 non.
815 3778 893 3821 nor.
911 3766 944 3819 a*
962 3761 1003 3818 6⁰.
1021 3756 1094 3834 (14,
1115 3755 1201 3836 179).

519 3892 1520 3988 13001547,
1539 3907 1579 3969 [ό
1597 3910 1778 3972 novembre.

509 4011 630 4095 Supp...
657 4007 832 4086 Jolrannes
857 4009 898 4074 de
921 4008 1096 4087 Carenclri,
1121 4008 1259 4072 clericus
1286 4010 1496 4074 Attrebaten.
1520 4008 1616 4087 dioc„
1644 4017 1734 4092 quat.
1762 4010 1823 4075 sibi

478 4130 594 4178 necnon
609 4113 697 4190 patri
714 4120 749 4178 et
764 4113 862 4177 matri
878 4113 944 4177 suis
960 4120 994 4176 et
1020 4110 1189 4175 Richardo
1205 4111 1246 4175 de
1264 4111 1398 4191 Baskio,
1415 4111 1580 4176 canonico
1596 4111 1823 4195 Cameracen.,

479 4213 633 4301 indulgere
649 4215 830 4300 dignemini
848 4216 938 4299 quod
953 4237 1069 4279 eorum
1085 4216 1224 4298 quilibet
1251 4217 1355 4300 possit
1371 4217 1542 4301 ydoneum
1558 4216 1678 4300 eligere
1695 4217 1823 4283 confes-

480 4335 605 4385 sorem...
624 4322 656 4383 in
673 4320 788 4385 mortis
804 4320 953 4384 articulo
972 4360 1012 4367 -
1036 4318 1112 4383 Fiat
1131 4319 1170 4383 R.

512 4422 587 4487 Dat.
604 4422 705 4485 Arin.
727 4428 763 4486 16
776 4422 841 4486 kal.
859 4421 931 4485 dec.
948 4430 981 4485 a⁰
999 4425 1039 4484 6⁰.
1057 4422 1126 4502 (13,
1146 4423 1228 4503 38⁸).

523 4563 653 4647 1301·
1425 4597 1520 4662 1377,
1538 4581 1579 4643 16
1596 4582 1778 4643 novembre.

514 4678 619 4763 Sign...
647 4678 830 4744 Balduinus
842 4678 883 4742 de
902 4677 1028 4759 Meiba,
1045 4688 1154 4744 rector
1181 4680 1332 4764 parroclr.
1354 4682 1436 4747 eccl.
1454 4682 1485 4747 S.
1501 4682 1614 4747 Albini
1626 4682 1722 4767 juxta
1746 4681 1822 4747 Flo-

486 4776 563 4863 rines,
580 4780 740 4847 Leodien.
750 4782 847 4861 dioc„
864 4783 953 4865 quod
971 4783 1039 4867 ipse
1054 4782 1181 4848 dudum
1198 4804 1270 4849 can.
1283 4791 1318 4849 et
1329 4787 1420 4869 preb.
1433 4785 1515 4850 eccl.
1529 4785 1652 4851 S.Petri
1664 4784 1823 4849 Leodien.

512 4967 534 5024 tl
545 4968 580 5016 En
592 4985 679 5030 merge
694 4986 699 5017 :
715 4968 833 5018 Correcta
845 4969 905 5016 dato
920 4968 1256 5032 (premierementoctobria)
1276 4972 1300 5018 ln
1318 4973 1381 5033 erip.
1398 4987 1445 5035 per·
1460 4972 1562 5020 electum
1581 4972 1637 5018 flexa
1643 4975 1825 5031 11117111111111

491 5032 512 5079 de
525 5042 633 5091 mandato
643 5043 738 5091 1111111111
750 5044 829 5091 nostri
840 5048 863 5090 11
875 5044 917 5089 111
926 5059 1022 5105 71111111
1035 5045 1064 5091 P.
1081 5045 1209 5093 (1111111111.

519 5203 536 5251 l.
545 5205 599 5256 Voir
610 5226 633 5257 11.
646 5214 667 5269 5,
681 5212 736 5257 378.
