4650 6059
979 795 1067 868 1343,
1089 794 1123 858 21
1143 794 1254 875 juillet
1758 806 1798 869 97

414 948 508 1014 nalis
536 946 685 1033 predicti
711 970 816 1033 usque
842 950 886 1014 ad
907 948 1143 1035 septenmium,
1160 949 1344 1014 litterarum
1360 951 1472 1017 studio
1488 952 1671 1020 insistendo
1686 965 1744 1021 aut
1763 958 1795 1023 in

416 1071 560 1117 suorum
577 1052 822 1117 beneficiorum
835 1053 941 1118 altero
956 1051 1542 1131 residendo,iructus...beneficiorum
1556 1078 1688 1123 suorum
1702 1062 1794 1141 eccl,

416 1176 484 1238 que
496 1176 596 1221 nunc
612 1156 745 1221 obtinet
761 1157 816 1221 vel
832 1156 1051 1242 imposterum
1072 1157 1248 1237 obtinebit,
1264 1158 1435 1243 percipere
1450 1161 1571 1241 valeat,
1588 1162 1672 1226 sicut
1688 1165 1793 1249 perci-

418 1269 518 1344 peret
534 1259 562 1324 si
582 1260 617 1323 in
635 1260 709 1340 illis,
726 1260 876 1346 exceptis
892 1260 1069 1326 cotidianis
1083 1260 1380 1342 distributionibus
1392 1265 1612 1347 personaliter
1623 1266 1792 1336 resideret.

417 1403 461 1414 —
478 1363 561 1429 Fiat
577 1367 622 1430 ad
637 1365 819 1430 triennium
837 1364 877 1430 R.

363 1592 367 1615 ι
460 1524 552 1585 436.
571 1517 660 1584 Item
682 1519 764 1603 sign.
777 1518 868 1604 quod
883 1519 964 1585 olim
980 1518 1099 1584 eadem
1122 1517 1293 1584 Sanctitas
1308 1518 1353 1584 ad
1364 1521 1470 1605 suppl.
1487 1522 1588 1606 ipsius
1604 1524 1790 1605 cardinalis

418 1635 503 1689 tunc
530 1623 682 1709 episcopi
711 1624 910 1705 Tomacen.,
937 1624 1000 1710 ipsi
1027 1621 1129 1689 Petro
1144 1622 1188 1688 de
1203 1622 1307 1702 sieiis,
1324 1644 1396 1710 cap.
1413 1634 1448 1689 et
1460 1628 1637 1692 secretario
1661 1649 1730 1710 su0,
1747 1630 1790 1696 de

417 1748 494 1792 can.
507 1728 594 1792 eccl.
611 1726 817 1794 Noviomeu.
833 1730 893 1793 sub
909 1749 984 1813 exp.
1001 1731 1103 1814 preb,
1120 1736 1157 1793 ut
1172 1728 1206 1791 in
1223 1727 1339 1808 forma,
1355 1729 1500 1814 providit
1517 1739 1551 1795 et
1563 1730 1694 1812 deinde,
1712 1754 1788 1800 cum

416 1835 450 1894 in
467 1831 592 1897 eadem
608 1832 690 1897 eccl.
707 1839 870 1897 statutum
883 1853 942 1917 per
954 1832 1069 1897 sedem
1078 1839 1188 1917 apost.
1201 1831 1437 1897 confirmatum
1452 1854 1511 1898 seu
1526 1834 1635 1899 eidem
1648 1837 1787 1902 ecclesie

416 1945 475 2000 aut
508 1934 662 2021 capitulo
692 1936 795 2021 ipsius
821 1956 1017 2002 concessum
1043 1957 1101 2001 seu
1129 1935 1294 2000 indultum
1324 1938 1366 2002 ab
1397 1937 1515 2002 eadem
1545 1938 1634 2019 sede,
1658 1948 1714 2005 aut
1744 1941 1787 2006 de

417 2039 666 2105 consuetudine
682 2040 784 2125 ipsius
795 2041 936 2107 ecclesie
951 2043 1129 2106 obtentum
1144 2050 1180 2105 et
1196 2042 1408 2105 observatum
1425 2040 1494 2106 fore
1509 2041 1674 2109 diceretur
1696 2045 1787 2128 quod

418 2143 530 2207 nullus
545 2142 751 2228 reciperetur
766 2144 800 2207 in
815 2143 906 2209 dicta
922 2145 1004 2210 eccl.
1020 2145 1054 2208 in
1071 2144 1271 2209 canonicum
1287 2144 1370 2208 etin
1388 2145 1533 2225 fratrem,
1546 2146 1608 2211 nisi
1625 2148 1786 2232 recipien-

416 2247 478 2311 dus
505 2248 560 2312 vel
588 2248 660 2332 ejus
686 2256 881 2333 procurator
907 2269 968 2334 pro
991 2269 1032 2313 eo
1053 2248 1278 2332 juramentum
1294 2255 1459 2332 prestaret
1475 2248 1566 2332 quod
1581 2258 1668 2315 esset
1683 2251 1785 2317 libere

416 2351 632 2432 conditionis
663 2372 733 2418 non
760 2360 875 2418 tamen
906 2352 1043 2433 servilis,
1073 2351 1230 2436 idemque
1258 2351 1385 2432 Petrus,
1410 2353 1489 2419 licet
1524 2375 1593 2418 non
1625 2355 1712 2419 soret
1742 2356 1784 2421 de

416 2457 585 2521 nobilibus
612 2456 666 2521 vel
690 2457 802 2522 liberis
827 2457 1020 2542 parentibus
1046 2465 1251 2542 procreatus
1278 2464 1392 2521 tamen
1419 2440 1480 2522 fuit
1504 2460 1727 2525 manumissus
1750 2470 1785 2526 et

415 2560 497 2624 liber
527 2560 672 2626 effectus
702 2569 737 2626 et
767 2559 888 2627 deinde
918 2562 962 2627 ad
991 2581 1109 2627 omnes
1147 2581 1258 2626 sacros
1288 2561 1420 2627 ordines
1450 2573 1633 2648 promotus,
1665 2566 1783 2630 eadem

415 2664 455 2740 8.,
465 2664 511 2729 ad
526 2664 632 2750 ipsius
646 2665 820 2749 quondam
836 2665 1013 2731 cardinalis
1028 2687 1135 2751 supp,
1148 2665 1331 2730 declaravit
1341 2665 1485 2744 eundem
1500 2666 1645 2748 Petrum,
1659 2668 1782 2733 virtute

416 2768 606 2852 hujusmodi
622 2779 733 2835 vestre
744 2770 860 2853 gratie,
877 2778 1004 2836 statuto
1020 2791 1079 2835 seu
1094 2770 1226 2836 indulto
1237 2779 1295 2835 aut
1311 2770 1527 2836 concessione
1550 2775 1610 2836 sub
1622 2793 1782 2856 quacum-

414 2893 477 2956 que
487 2872 598 2939 forma
612 2874 667 2937 vel
684 2874 895 2958 expressione
911 2878 1090 2940 verborum
1106 2883 1166 2940 aut
1181 2874 1423 2941 consuetudine
1439 2875 1628 2960 hujusmodi
1657 2898 1782 2960 nequa-

416 3000 518 3063 quam
533 2981 623 3044 obst.
639 2980 673 3043 in
697 2979 816 3044 eadem
840 2981 922 3046 eccl.
945 2978 1175 3066 recipiendum
1196 2980 1266 3045 sore
1282 2980 1315 3043 in
1332 2980 1534 3048 canonicum
1550 2980 1630 3044 etin
1647 2980 1781 3046 fratrem

416 3105 454 3149 ac
483 3085 591 3150 etiam
623 3084 668 3150 ad
697 3088 789 3169 preb.
820 3085 880 3150 sibi
911 3085 1071 3165 debitam,
1104 3075 1180 3150 cum
1208 3092 1346 3148 vacaret
1375 3082 1499 3146 ibidem
1530 3083 1705 3167 ipsumque
1738 3084 1781 3148 ad

416 3189 657 3270 prestationem
671 3189 851 3272 juramenti
868 3172 1056 3274 hujusmodi
1074 3210 1140 3253 non
1158 3189 1263 3252 teneri
1280 3199 1313 3251 et
1330 3187 1455 3251 dictam
1471 3196 1616 3250 vestram
1639 3188 1780 3270 gratiam

416 3293 556 3356 valuisse
573 3304 609 3355 et
626 3293 748 3371 valere,
774 3314 813 3357 ac
829 3293 982 3357 debuisse
999 3303 1033 3358 et
1049 3293 1172 3358 debere
1188 3292 1295 3357 sortiri
1312 3291 1480 3370 ellectum,
1498 3290 1780 3373 quemadmodum

416 3395 550 3460 baberet
567 3406 603 3459 et
633 3397 815 3475 sortiretur,
843 3398 869 3461 si
895 3398 1004 3462 dictus
1031 3398 1147 3461 Petrus
1172 3400 1214 3461 ab
1238 3397 1333 3460 initio
1358 3395 1472 3459 suisset
1503 3405 1537 3459 et
1565 3405 1651 3459 esset
1679 3396 1780 3460 libere

416 3499 628 3577 conditionis,
656 3521 724 3564 non
754 3510 867 3565 tamen
896 3501 1032 3579 servilis,
1057 3508 1091 3565 et
1119 3522 1159 3564 ex
1187 3500 1352 3565 nobilibus
1376 3510 1432 3564 aut
1456 3499 1566 3562 liberis
1589 3500 1781 3583 parentibus

415 3614 617 3685 procreatus
646 3604 756 3686 Quare
782 3605 947 3690 supplicat
976 3605 1063 3669 idem
1093 3604 1210 3668 Petrus
1233 3612 1325 3687 quat.
1342 3604 1401 3666 sibi
1426 3603 1621 3687 ampliorem
1638 3604 1780 3685 gratiam

417 3706 584 3785 iacientes
613 3708 801 3792 hujusmodi
831 3720 940 3772 vestre
955 3709 1190 3781 declarationis
1213 3707 1352 3791 gratiam
1370 3706 1412 3771 ad
1429 3728 1545 3770 omnes
1568 3708 1649 3771 alias
1665 3708 1779 3772 cathe-

363 3874 364 3879 ,
416 3809 518 3876 drales
530 3822 567 3875 et
581 3812 777 3895 collegiatas
789 3813 993 3893 ecclesias,in
1004 3815 1122 3896 quibus
1135 3813 1195 3876 sibi
1207 3813 1240 3875 in
1253 3812 1399 3875 futurum
1412 3811 1578 3895 provideri
1592 3812 1778 3893 contigerit,

415 3918 512 3980 etiam
540 3917 567 3980 si
598 3916 718 3981 similia
741 3926 868 3982 statuta
886 3939 944 3982 seu
960 3918 1088 3982 indulta
1105 3920 1164 3981 sub
1182 3936 1393 4001 quacumque
1411 3915 1515 3979 forma
1531 3918 1708 3978 verborum
1724 3916 1777 3977 vel

414 4021 625 4106 expressione
638 4030 672 4085 et
684 4021 748 4085 alia
762 4043 971 4105 quecumque
984 4043 1024 4086 ac
1037 4022 1272 4086 concessiones
1286 4030 1318 4085 et
1332 4019 1590 4085 constitutiones
1604 4019 1636 4081 in
1651 4018 1775 4082 eisdem

413 4124 558 4189 ecclesiis
584 4124 782 4204 habeantur,
800 4127 903 4191 etiam
931 4127 956 4190 si
983 4126 1025 4190 de
1054 4126 1116 4189 illis
1140 4135 1199 4189 aut
1223 4145 1337 4189 eorum
1354 4124 1466 4205 aliquo
1484 4123 1514 4185 iu
1533 4122 1651 4186 litteris
1667 4133 1776 4207 apost.

363 4249 364 4268 ¹
412 4242 525 4293 contra
538 4229 700 4314 premissa
713 4232 767 4293 vel
783 4231 918 4314 aliquod
929 4231 1165 4316 premissorum
1177 4227 1401 4294 concedendis
1413 4227 1455 4291 (le
1468 4230 1570 4291 verbo
1583 4227 1625 4291 ad
1639 4231 1776 4292 verbum

411 4345 492 4398 esset
512 4332 668 4397 facienda
685 4336 814 4398 mentio
830 4335 981 4420 specialis
995 4358 1002 4413 ;
1022 4336 1067 4398 ita
1083 4333 1173 4417 quod
1186 4334 1218 4395 in
1231 4333 1345 4415 gratiis
1358 4341 1392 4395 et
1404 4332 1648 4415 provisionibus
1661 4333 1720 4395 sibi
1734 4333 1776 4397 rle

408 4440 674 4520 quibuscumque
690 4439 1099 4522 beneficiisdignitatibus,
1113 4438 1345 4521 personatibus
1358 4457 1414 4499 seu
1428 4435 1546 4499 otliciis
1559 4436 1773 4520 imposterum

407 4540 631 4624 quovismodo
647 4541 815 4622 faciendis
832 4543 873 4606 de
897 4543 959 4606 biis
982 4542 1190 4606 mentionem
1220 4542 1286 4605 tieri
1311 4562 1378 4604 non
1403 4551 1558 4623 oporteat
1582 4541 1772 4623 specialem,

406 4644 591 4709 extendere
607 4643 803 4727 dignemini.
820 4684 862 4695 -
879 4645 954 4710 Fiat
973 4645 1012 4709 R.

443 4806 533 4864 437.
562 4796 650 4863 Item
674 4819 769 4884 supp.
791 4799 989 4865 Guillelmus
1003 4801 1046 4865 de
1063 4800 1165 4885 Bega,
1183 4802 1355 4884 ,lgeuuen
1372 4799 1468 4879 dioc,
1483 4801 1561 4864 olim
1575 4800 1724 4864 notarius
1741 4810 1775 4863 et

402 4901 604 4967 secretarius
628 4902 749 4986 prefati
773 4903 865 4969 dom.
890 4904 1076 4983 cardinalis,
1094 4904 1149 4988 qui
1172 4904 1205 4967 in
1224 4903 1360 4987 negotio
1379 4903 1598 4967 nuntiationis
1614 4924 1672 4987 per
1689 4902 1716 4964 S.
1736 4901 1773 4965 V.
1826 4912 1830 4919 '

399 5007 516 5070 eidem
545 5003 638 5070 dom.
662 5005 751 5071 card.
773 5010 959 5087 commisse,
978 5009 1118 5072 ticleliter
1134 5007 1299 5072 laboravit
1316 5018 1351 5071 et
1367 5008 1580 5092 quamplures
1596 5008 1775 5091 scripturas

400 5110 560 5195 publicas
583 5117 618 5172 et
643 5109 792 5193 privatas
808 5112 962 5192 coniecit,
980 5121 1071 5195 quat.
1089 5112 1148 5175 sibi
1166 5112 1207 5175 de
1225 5133 1298 5175 can.
1316 5121 1349 5175 et
1366 5115 1456 5196 preb.
1480 5112 1560 5174 eccl.
1578 5109 1773 5183 vercellen..

400 5235 476 5278 vac.
496 5232 558 5297 per
579 5214 633 5277 ob.
644 5212 724 5277 dicti
737 5214 826 5281 dom.
849 5216 1036 5297 cardinalis,
1058 5238 1116 5281 seu
1133 5216 1214 5281 alias
1230 5215 1451 5299 quovismodo
1467 5214 1648 5297 dignemini
1666 5213 1774 5299 provi-

452 5332 657 5383 nmvatmg.
1714 5348 1725 5385 r
