4650 6059
989 804 993 812 ·
1019 759 1116 836 1842,
1134 750 1227 826 80-'8‘1
1242 756 1332 826 -u‘tai'

441 970 444 1009 ἶ
484 860 494 1015 j
529 918 659 1005 opelide
668 910 859 1004 Leregueto
869 939 895 985 s.
905 937 945 999 c.,
963 914 1204 983 Montisalban.
1215 912 1315 995 dioc.¹
1326 911 1475 979 noscitur
1490 910 1704 978 obtinere—
1716 910 1794 978 Fiat
1811 911 1852 980 R.

441 1073 443 1111 5
484 1016 493 1107 J
552 1018 723 1088 -DatAvin,
740 1042 758 1107 5
774 1020 942 1127 kabjimii
958 1027 992 1087 a⁰
1011 1026 1051 1085 1⁰.
1068 1017 1113 1102 (1,
1134 1016 1204 1102 12).-

518 1180 620 1282 ,26.
928 1273 931 1277 ,
1559 1211 1713 1277 134²‚30
1729 1193 1807 1259 mai·
1962 1278 1964 1280 ,

480 1302 482 1305 ’
546 1297 630 1386 Supp.
651 1298 836 1381 Johannes,
857 1298 926 1366 dux
946 1297 1167 1380 Normannie,
1188 1302 1280 1382 quat.
1301 1294 1471 1383 [Henrico
1492 1294 1602 1383 dicto]
1631 1295 1678 1363 du
1698 1294 1788 1364 Lard
1807 1295 1851 1363 de

475 1450 476 1453 ,
512 1421 567 1468 can.
582 1402 660 1469 enei.
683 1402 716 1468 S.
731 1402 848 1469 Amati
872 1401 1069 1482 Duacensis,
1085 1401 1299 1467 Attrebaten.
1313 1398 1411 1481 dion,
1426 1398 1610 1485 dignemini
1624 1398 1800 1486 providere
1815 1409 1851 1466 et

441 1527 446 1565 ε
506 1508 581 1592 preb.
591 1521 770 1589 *reseware
781 1526 851 1574 non
882 1508 968 1574 obst.
994 1503 1086 1591 quod
1111 1503 1264 1591 parroch.
1282 1502 1365 1570 eccl.
1380 1501 1424 1569 de
1451 1500 1573 1576 Heries
1590 1510 1611 1583 ¹,
1635 1500 1849 1569 Cameracen.

501 1608 586 1700 diue,
609 1628 651 1677 ac
668 1609 854 1697 quamdam
877 1609 996 1697 capell.
1014 1609 1049 1675 in
1067 1608 1150 1675 eccl.
1167 1606 1382 1675 cameracen.
1401 1606 1557 1693 noscitur
1571 1601 1722 1674 obtinere
1737 1600 1781 1657 -’-
1794 1607 1850 1673 vel

453 1742 454 1746 κ
497 1714 628 1782 ineu.
650 1714 685 1782 s,
711 1697 827 1782 erucis
849 1712 1067 1784 camemoen.
1082 1753 1126 1763 -
1140 1710 1218 1779 nat
1234 1711 1282 1780 R.

441 1824 442 1828 ’
531 1816 610 1886 Dat‘
621 1819 722 1885 Aviu.
740 1840 759 1904 3
774 1817 842 1886 kal.
852 1817 947 1906 junii.
964 1816 1008 1904 (1,
1025 1837 1038 1883 1
1044 1817 1107 1903 ς’).
1250 1831 1254 1839 ·

534 1980 612 2063 27.
1499 2042 1501 2046 .
1557 2010 1652 2076 1342,
1667 2010 1711 2075 30
1727 1992 1805 2057 mai.

525 2098 630 2186 Supp.
653 2096 840 2179 Johannoe,
864 2096 1106 2185 primogenitus
1134 2095 1228 2182 regis·
1251 2093 1403 2176 Franeie,
1428 2092 1497 2160 dux
1517 2092 1742 2177 -Nonnannie,
1757 2100 1849 2179 quat.

485 2200 608 2290 [Petro
620 2200 666 2267 de
691 2202 885 2288 Augerante
898 2209 911 2238 ⁸
924 2201 1036 2286 legum
1051 2197 1238 2286 professori,
1251 2196 1329 2264 cler.
1345 2206 1380 2263 et
1396 2196 1584 2263 consiliario
1597 2198 1684 2283 regis
1699 2196 1849 2279 Francie,

482 2303 577 2392 mm]
594 2304 629 2371 S.
645 2302 786 2372 Martini
801 2302 981 2392 Tmonen„
995 2303 1039 2371 de
1053 2302 1166 2389 dign...
1185 2300 1264 2368 off...
1279 2300 1461 2388 dignemini
1476 2301 1662 2384 providere,
1676 2321 1746 2369 non
1764 2303 1850 2369 obst.

482 2407 577 2495 quod
591 2408 628 2474 in
641 2408 763 2475 eadem
786 2407 826 2474 B.
842 2405 991 2489 Martini,
1018 2404 1207 2495 Lingonen.
1230 2412 1266 2472 et
1292 2405 1406 2472 Arien.
1425 2405 1574 2473 eeclesiis
1598 2426 1671 2474 can.
1697 2403 1735 2472 et
1759 2407 1851 2492 preb.

480 2511 636 2579 noscitur
648 2510 814 2578 obtinere.
828 2548 873 2561 -
888 2508 966 2576 Fiat
981 2507 1022 2576 R.

525 2615 609 2682 Dat.
623 2614 726 2681 Aviu.
749 2632 768 2699 3
784 2611 853 2680 kal.
864 2611 959 2700 junii.
975 2601 1019 2697 (1‘,
1039 2612 1105 2697 17).
1135 2669 1137 2673 .
1193 2651 1196 2655 -

532 2773 618 2859 28.
1559 2808 1655 2875 1342,
1668 2799 1713 2874 31
1730 2779 1807 2857 anai.

523 2893 631 2981 Supp.
646 2890 861 2973 Bertrandus,
875 2890 928 2958 tit.
944 2890 976 2956 S.
994 2887 1102 2956 Marci
1116 2891 1225 2977 presb.
1241 2889 1331 2957 card.
1340 2898 1361 2973 ³,
1378 2898 1470 2976 quat.
1495 2889 1589 2979 [sibi]
1615 2892 1659 2959 de
1679 2905 1753 2959 can.
1768 2894 1852 2961 eccl.

481 2996 648 3065 leodien.
663 3016 706 3063 ac
720 2997 824 3083 preb,
839 2993 940 3081 dign,
955 3014 1051 3081 pers,
1068 2993 1124 3060 off.
1140 2992 1322 3079 dignemini
1337 2993 1523 3081 providere.
1539 3035 1582 3046 —
1597 2994 1626 3060 F
1626 2994 1675 3062 ia't
1692 2995 1732 3063 R.

526 3101 609 3167 Dat.
624 3100 726 3166 Avin.
743 3120 761 3165 2
777 3098 845 3165 kal.
858 3098 941 3185 Junii
957 3106 991 3163 a⁰
1011 3105 1049 3164 1⁰.
1066 3096 1110 3181 (I,
1127 3099 1211 3181 22⁸).
1675 3097 1678 3105 '

537 3262 616 3345 29.
1558 3294 1653 3358 1342,
1667 3296 1711 3359 31
1729 3280 1807 3343 anm.

531 3379 631 3446 Motu
658 3378 794 3464 proprio
820 3376 1034 3462 providemus
1061 3374 1162 3441 Petro
1183 3375 1315 3460 Rogerii
1331 3389 1341 3420 ⁴
1357 3377 1399 3442 de
1414 3398 1489 3443 cau.
1508 3386 1542 3443 et
1557 3382 1648 3465 preb.
1666 3400 1750 3465 quos
1771 3384 1850 3447 bon.

486 3505 585 3549 niem.
614 3481 786 3567 Neapolio
812 3479 899 3545 card.
922 3488 933 3523 ⁵
956 3480 990 3543 in
1013 3480 1095 3545 eccl.
1120 3478 1287 3560 Parisien.,
1317 3480 1574 3566 Rothomagen.,
1604 3483 1635 3549 S.
1656 3484 1849 3565 Audoman',

488 3587 654 3653 Morinen.
669 3585 767 3664 dioc„
780 3584 860 3649 dum
876 3584 1003 3648 viveret
1014 3583 1187 3648 obtinebat
1202 3605 1211 3662 ;
1228 3583 1309 3647 item
1326 3583 1368 3649 de
1384 3594 1565 3671 personatu
1580 3587 1623 3652 de
1641 3586 1719 3669 Hal,
1730 3587 1849 3653 Carne-

487 3711 595 3755 racen.
610 3688 709 3767 dioc„
730 3707 804 3752 vac.
820 3707 879 3772 per
900 3686 1147 3771 promotionem
1163 3694 1198 3750 et
1214 3690 1501 3754 consecrationem
1517 3689 1679 3756 Guidonis
1703 3691 1848 3777 archiep.

489 3791 694 3878 Lugdunen.⁶
705 3813 714 3870 ;
726 3791 808 3855 item
824 3790 866 3855 de
878 3810 951 3854 can.
964 3797 999 3854 et
1014 3792 1105 3875 preb.
1116 3789 1147 3854 S.
1160 3789 1353 3871 Audomari,
1363 3812 1437 3857 vac.
1449 3814 1509 3879 per
1521 3802 1663 3859 mortem
1680 3794 1716 3880 [J
1719 3795 1847 3879 acobi],
1864 3852 1867 3859 .

488 3897 516 3961 S.
538 3896 673 3980 Georgii
698 3894 741 3960 ad
765 3893 877 3957 velum
894 3913 1029 3958 aureum
1045 3892 1129 3958 diac.
1142 3893 1233 3959 card.
1249 3903 1269 3959 ⁷.
1285 3933 1328 3945 -
1345 3894 1420 3961 Fiat
1438 3894 1477 3961 R.

527 4001 605 4066 Dat.
621 4000 722 4065 Asin.
738 4019 755 4063 2
771 3997 838 4062 kal.
850 3996 934 4082 junii
950 4005 983 4061 a⁰
1004 4005 1042 4061 1⁰.
1059 3995 1101 4079 (1,
1123 4003 1186 4081 16).

533 4164 616 4250 30.
1556 4197 1650 4260 1542,
1664 4188 1707 4261 '31
1725 4171 1802 4244 artai.

526 4284 630 4368 Supp.
661 4279 859 4344 Guillelmus
888 4278 1029 4357 Balbeti,
1057 4278 1281 4345 thesaurarius
1305 4281 1453 4362 Francie,
1471 4290 1562 4366 quat.
1587 4302 1675 4367 mag.
1699 4281 1847 4360 Johanni

490 4385 616 4451 Balbeti
634 4386 703 4450 filio
719 4403 789 4463 su0,
804 4386 879 4447 bac.
896 4382 929 4446 in
945 4383 1019 4467 leg„
1036 4382 1091 4466 qui
1112 4382 1238 4448 dudum
1263 4394 1350 4450 auct.
1367 4386 1550 4450 litterarum
1571 4387 1662 4452 dom.
1681 4386 1847 4465 Johannis

489 4488 585 4554 xxll
607 4497 643 4554 et
659 4486 834 4552 Benedicti
850 4484 918 4550 XII
936 4494 1089 4571 receptus
1103 4486 1138 4550 in
1154 4507 1228 4553 can.
1244 4489 1326 4553 eccl.
1342 4487 1602 4570 Claromonten.,
1621 4495 1712 4577 preb.
1737 4491 1847 4557 adhuc

490 4600 654 4678 expectat,
671 4611 718 4675 gr.
736 4589 925 4676 hujusmodi
942 4610 1102 4655 renovare
1123 4590 1315 4675 dignemini,
1335 4614 1402 4657 non
1419 4597 1504 4659 obst.
1528 4594 1618 4678 quod
1641 4596 1675 4660 in
1699 4596 1730 4660 S.
1757 4595 1846 4660 Gau·
1912 4634 1916 4638 ν

519 4808 538 4854 1.
557 4804 682 4853 Labulle
705 4803 790 4853 donne
812 4805 880 4852 aussi
898 4804 923 4852 ln
940 4804 1011 4866 leoon
1031 4806 1128 4863 Herios,
1147 4807 1274 4869 pout-etro
1291 4808 1388 4856 Ilerrea
1412 4809 1489 4872 (1209.
1508 4810 1585 4859 Aria.
1606 4812 1643 4870 68,
1664 4810 1683 4860 1.
1704 4812 1793 4874 207¹).
1815 4838 1848 4846 -

491 4880 508 4925 2.
526 4877 632 4936 Denide,
657 4876 782 4936 eminet.
801 4877 835 4936 11,
857 4878 972 4925 563-564.
988 4906 1021 4913 -
1040 4880 1063 4925 3.
1083 4878 1208 4927 Bertraud
1226 4879 1258 4928 de
1280 4880 1596 4940 Deux‚oani.1018‹i(÷o.
1614 4886 1682 4944 1338,
1696 4883 1847 4933 transiendi

491 4951 578 4999 dehine
589 4965 622 5000 en
637 4952 706 5008 1318,
719 4947 745 5000 ·1·
756 4952 784 4998 21
799 4955 849 4999 oet.
863 4952 925 4998 1355
939 4951 1041 5010 (Euboi,
1055 4952 1074 5008 1,
1088 4953 1129 5012 12)
1142 4967 1148 5008 ;
1159 4953 1192 5000 ct.
1204 4953 1237 5001 de
1247 4953 1343 5013 Theux,
1355 4956 1388 5015 11,
1400 4957 1552 5006 obab-4.
1565 4958 1652 5006 Pierre
1664 4959 1753 5018 liuger,
1765 4971 1849 5006 neven

491 5023 519 5072 de
529 5023 648 5072 Clement
659 5024 705 5082 vl,
722 5025 781 5086 plus
792 5023 852 5072 tard
864 5038 931 5087 pape
942 5039 1002 5073 sous
1014 5024 1039 5073 le
1050 5039 1109 5072 nom
1120 5026 1153 5073 de
1164 5025 1286 5088 (ir-ugone
1298 5028 1339 5076 XI
1351 5045 1356 5086 ;
1369 5030 1409 5078 uf.
1428 5029 1495 5079 .›inn.
1511 5022 1542 5078 de
1554 5031 1579 5081 S.
1592 5030 1677 5089 Lom'r,
1696 5035 1715 5080 t.
1733 5031 1777 5089 vl,
1791 5031 1849 5078 223-

492 5099 541 5147 tat.
559 5126 591 5133 —
610 5103 634 5147 5.
652 5098 715 5145 Voir
731 5112 757 5145 n.
777 5099 801 5146 4.
817 5123 850 5132 —
866 5099 889 5148 6.
907 5099 967 5160 Guy
984 5098 1017 5147 de
1033 5098 1171 5160 Boulogne,
1188 5101 1347 5150 ambidiacre
1363 5102 1396 5151 de
1415 5103 1526 5153 Flandro
1542 5105 1607 5153 dans
1623 5103 1720 5165 l'dgliee
1736 5104 1769 5152 de
1786 5102 1849 5151 Tho·

494 5184 605 5232 ronanne,
623 5170 728 5220 nomme
744 5185 777 5220 en
797 5172 859 5220 1340
870 5171 972 5232 (Euboi,
984 5171 1004 5231 1,
1022 5172 1088 5234 3³0).
1099 5199 1131 5207 -
1145 5175 1167 5222 7.
1179 5174 1289 5237 Jooques
1306 5176 1492 5236 (iactabimur
1509 5193 1533 5227 n.
1551 5179 1589 5227 21.
