4650 6059
1008 789 1098 867 1345,
1118 790 1173 855 aa
1195 790 1321 855 octobre.
1780 795 1841 885 235

482 944 568 1027 preb.
593 944 678 1010 eccl.
689 941 907 1029 Aycuriensis
922 950 957 1008 et
972 942 1123 1029 parrocb.
1139 944 1222 1009 eccl.
1235 941 1281 1017 ¹de
1306 941 1460 1023 Biemau,
1478 941 1637 1011 Leodien.
1653 945 1750 1029 dioc,
1767 967 1843 1012 nos-

485 1048 565 1114 citur
579 1049 746 1115 obtinere.
761 1088 805 1099 -
821 1046 899 1114 Fiat
915 1046 956 1115 R.

525 1193 605 1255 932.
620 1186 710 1254 Item
725 1208 821 1274 supp.
837 1195 928 1273 quat.
945 1188 1154 1254 consimilem
1170 1208 1217 1273 gr.
1230 1187 1392 1253 facientes
1413 1186 1574 1268 Henric0,
1591 1197 1672 1254 nato
1690 1187 1842 1269 Henrici,

491 1290 589 1357 fratris
611 1291 693 1358 dicti
712 1290 857 1373 Nicolai,
873 1292 934 1358 sibi
951 1291 993 1358 de
1009 1312 1083 1358 can.
1099 1294 1159 1357 sub
1185 1313 1261 1377 exp.
1278 1294 1369 1377 preb.
1387 1292 1420 1355 in
1445 1293 1527 1357 eccl.
1555 1292 1586 1358 S.
1604 1292 1744 1358 Servatii
1762 1291 1842 1358 Tra·
1906 1282 1908 1287 ¹

491 1394 646 1477 Jeetensis,
664 1393 824 1462 Leodien.
840 1394 938 1476 dioc,
954 1394 1137 1480 dignemini
1154 1395 1340 1481 providere,
1364 1404 1524 1481 utsupra.
1541 1437 1584 1446 -
1601 1395 1676 1462 Fiat
1695 1395 1734 1463 R.

531 1499 604 1565 Dat.
619 1520 675 1586 ap.
692 1498 942 1565 villamnovam
961 1504 978 1565 6
994 1521 1075 1566 non.
1089 1508 1157 1567 oct.
1182 1508 1215 1566 a⁰
1230 1510 1273 1589 4⁰.
1292 1501 1342 1584 (8,
1359 1503 1444 1585 48l).

537 1643 784 1730 933-934.
1089 1662 1092 1668 ’
1515 1664 1800 1746 1345,20ct0bre.

532 1762 627 1849 Supp.
644 1762 766 1845 Guido,
783 1762 835 1830 tit.
853 1763 884 1829 S.
901 1763 1026 1830 Cecilie
1042 1767 1150 1851 presb.
1168 1764 1267 1845 card,
1283 1772 1374 1850 quat.
1396 1765 1645 1850 consanguineo
1660 1787 1720 1831 suo
1734 1765 1845 1847 Petro,

501 1875 566 1932 nato
589 1870 668 1933 nob.
692 1868 754 1933 viri
782 1867 873 1934 dom.
900 1866 1066 1946 Johannis
1088 1868 1130 1935 de
1154 1868 1307 1954 Negella,
1324 1868 1420 1936 dom.
1446 1869 1488 1936 dc
1504 1867 1710 1950 Offemonte,
1732 1870 1846 1935 militis

504 1967 695 2037 Suessionen.
721 1971 820 2052 dioc,
845 1971 887 2038 dc
914 1993 987 2038 can.
1014 1980 1049 2038 et
1073 1976 1166 2058 preb.
1191 1971 1350 2039 Leodien.
1374 1977 1433 2040 sub
1457 1994 1543 2060 exp,
1559 1993 1600 2039 ac
1616 1973 1671 2038 off.
1696 1973 1845 2040 custodie

505 2074 600 2160 colleg.
627 2077 711 2142 eccl.
740 2075 923 2161 Hoyensis,
947 2073 1107 2142 Leodien.
1131 2076 1228 2157 dioc,
1255 2098 1326 2142 vac.
1350 2098 1409 2163 per
1432 2080 1485 2143 ob.
1509 2076 1600 2142 dom.
1625 2075 1846 2160 Huguicionis

442 2190 444 2194 “
505 2174 680 2246 Bernardini
701 2179 743 2246 de
768 2178 941 2246 Marsiano
958 2191 978 2260 ¹,
994 2179 1049 2264 qui
1067 2200 1173 2265 nuper
1188 2188 1282 2245 extra
1300 2178 1397 2245 Rom.
1414 2201 1481 2246 cur.
1497 2180 1587 2245 diem
1604 2179 1721 2245 clausit
1737 2188 1844 2244 extre·

504 2301 586 2366 num,
609 2285 790 2351 reservatis
814 2284 1004 2371 specialiter
1018 2304 1078 2370 per
1093 2283 1206 2349 sedem
1224 2293 1332 2370 apost.
1348 2284 1428 2350 dum
1444 2285 1553 2351 adbuc
1570 2283 1658 2349 idem
1676 2282 1845 2368 Huguicio

439 2411 446 2418 ·
503 2386 588 2452 vitam
604 2396 721 2473 ageret
737 2388 771 2453 in
787 2388 951 2468 humanis,
967 2387 1151 2473 dignemini
1167 2387 1352 2473 providere.
1374 2426 1406 2436 -
1428 2387 1505 2454 Fiat
1522 2387 1562 2454 R.

434 2513 443 2619 J
531 2532 610 2593 934.
638 2525 728 2591 Item
755 2546 850 2612 supp.
878 2534 968 2611 quat.
995 2547 1082 2611 mag.
1109 2526 1272 2593 Durando
1295 2527 1444 2608 Gerardi‚
1468 2527 1597 2594 decano
1621 2528 1702 2594 eccl.
1727 2528 1845 2613 colleg.

495 2626 652 2711 Enaziaci,
666 2629 919 2696 Claromonten.
928 2629 1026 2711 dioc,
1039 2651 1114 2716 cap.
1126 2651 1196 2711 suo,
1207 2631 1426 2717 familiarique
1438 2632 1626 2698 domestico
1637 2642 1672 2698 et
1685 2633 1846 2698 continuo

492 2734 711 2814 commensali,
738 2735 794 2819 qui
822 2735 883 2800 sibi
908 2735 1046 2800 servivit
1070 2736 1113 2800 ab
1139 2734 1220 2800 olim
1243 2735 1455 2801 laudabiliter
1478 2746 1580 2820 atque
1604 2736 1715 2815 servit,
1732 2736 1846 2801 multis

487 2837 621 2902 scientie
637 2845 672 2903 et
687 2838 761 2903 aliis
776 2838 939 2903 virtutum
956 2838 1084 2904 meritis
1100 2839 1380 2919 commendand0,
1393 2840 1435 2905 de
1448 2861 1522 2905 can.
1535 2850 1569 2905 et
1581 2843 1671 2926 preb.
1685 2839 1845 2906 Leodien.

486 2943 576 3022 eccl,
593 2963 678 3027 quos
694 2942 783 3008 idem
799 2941 889 3008 dom.
915 2941 1085 3026 Huguicio
1106 2942 1186 3008 dum
1203 2943 1333 3009 viveret
1349 2944 1524 3009 obtinebat
1537 2954 1557 3024 ²,
1573 2953 1608 3009 et
1624 2964 1683 3029 per
1698 2944 1845 3028 ejusdem

481 3050 545 3124 ob.,
562 3055 599 3112 ut
615 3046 832 3132 premittitur,
849 3067 932 3125 vac,
948 3045 1132 3131 dignemini
1148 3047 1325 3132 providere
1339 3070 1347 3127 ;
1365 3069 1433 3112 non
1450 3051 1536 3113 obst.
1549 3047 1639 3132 quod
1655 3047 1742 3112 idern
1759 3068 1845 3131 mag.

481 3150 661 3216 Durandus
688 3171 772 3229 can,
789 3154 880 3236 preb.
907 3171 947 3215 ac
973 3151 1090 3215 decan.
1118 3152 1151 3215 in
1176 3153 1257 3216 eccl.
1281 3152 1432 3236 predicta
1459 3152 1624 3232 Enaaiaci,
1641 3172 1680 3216 ac
1697 3172 1769 3216 can.
1786 3154 1844 3215 sub

479 3277 558 3341 exp.
585 3257 677 3340 preb.
701 3256 734 3318 in
759 3256 841 3321 eccl.
863 3254 1108 3320 Cathalaunen.
1136 3276 1195 3340 per
1212 3257 1340 3320 litteras
1357 3256 1388 3320 S.
1407 3256 1445 3321 V.
1462 3257 1610 3321 noscitur
1626 3257 1787 3321 obtinere.
1804 3297 1847 3304 —

482 3360 563 3425 Fiat
588 3359 627 3425 R.

526 3464 606 3530 Dat.
622 3484 675 3550 ap.
692 3464 938 3531 Villamnovam
957 3471 974 3529 6
991 3487 1071 3531 non.
1089 3475 1154 3531 oct.
1171 3475 1203 3530 a⁰
1220 3476 1262 3550 4⁰.
1281 3471 1330 3549 (8,
1350 3472 1432 3549 pol).
1461 3542 1462 3545 Ἴ

534 3605 566 3686 9
605 3604 650 3686 5.
1519 3640 1534 3682 r
1590 3639 1612 3697 ·,
1666 3618 1804 3681 octobre.

526 3605 629 3807 Sugp.
659 3722 826 3787 Robertus
850 3723 959 3788 dictus
984 3722 1140 3787 Flamens
1156 3722 1198 3787 de
1215 3721 1448 3807 'l'yebcronne,
1468 3638 1749 3798 Moriddrddioc,
1772 3718 1847 3802 [pro

482 3827 551 3890 ind.
569 3827 602 3889 in
618 3835 680 3891 art.
698 3826 814 3911 mort]
839 3864 870 3873 -
894 3826 967 3890 Fiat
986 3826 1025 3890 R.

528 3930 608 3995 Dat.
625 3951 679 4015 ap.
697 3929 945 3996 Villamnovarn
965 3951 980 4014 5
998 3952 1077 3995 non.
1091 3941 1156 3995 oct.
1174 3939 1208 3994 a⁰
1224 3939 1266 4014 4⁰.
1285 3938 1323 4004 (8
1355 3937 1435 4014 ψ).

1295 3982 1363 4013 Αἰ

536 4069 653 4153 936.
1519 4097 1612 4163 1345,
1628 4098 1648 4161 3
1667 4080 1804 4142 octobre.

527 4188 630 4272 Supp.
659 4185 855 4265 GalbarduS,
884 4187 914 4251 S.
944 4186 1046 4251 Lucie
1075 4189 1107 4251 in
1135 4189 1233 4252 Silice
1260 4188 1345 4253 diac.
1374 4187 1462 4252 card.
1486 4196 1505 4266 ³,
1530 4194 1619 4269 quat.
1644 4204 1721 4248 curn
1744 4202 1850 4267 nuper

485 4290 649 4356 blatlreus
661 4290 703 4355 de
717 4290 847 4355 Sanctis
857 4302 876 4369 ⁴,
889 4312 960 4375 cap.
978 4301 1012 4355 et
1030 4292 1130 4356 famil.
1148 4292 1353 4356 domesticus
1369 4302 1402 4356 et
1419 4291 1598 4355 continuus
1615 4286 1849 4352 commensalis

484 4395 633 4479 ejusdem
651 4394 751 4472 card,
763 4393 804 4458 de
821 4394 948 4471 Stratis
966 4405 999 4460 et
1016 4395 1190 4473 Johannes
1208 4395 1304 4460 Fabri
1322 4396 1363 4460 de
1381 4397 1508 4479 Quarta
1524 4393 1678 4478 parrocb.
1695 4391 1850 4456 ccclesia-

484 4520 566 4577 rum,
584 4498 803 4563 Cameracen.
816 4497 914 4578 dioc,
928 4509 1009 4564 tunc
1022 4510 1178 4579 rectores,
1193 4501 1366 4585 cupientes
1382 4499 1489 4563 dictas
1505 4519 1579 4563 suas
1596 4498 1677 4562 eccl.
1694 4518 1735 4559 cx
1752 4496 1850 4560 certis

486 4601 738 4669 rationabilibus
763 4603 869 4667 causis
893 4603 935 4667 ad
960 4604 1102 4670 invicem
1131 4615 1329 4690 pennutare,
1356 4604 1515 4669 Matbens
1539 4625 1597 4689 per
1621 4624 1655 4667 sc
1680 4602 1849 4687 ipsomet

487 4705 670 4784 lohannes,
697 4706 848 4791 predicti,
877 4728 936 4792 per
962 4719 1213 4793 procuratorem
1230 4710 1427 4793 legitimum,
1445 4708 1553 4772 dictas
1569 4729 1643 4772 suas
1659 4707 1740 4771 eccl.
1757 4726 1847 4790 pure,

489 4811 588 4875 libere
616 4820 652 4874 et
664 4840 666 4842 >
679 4810 874 4896 simpliciter
899 4812 1139 4895 resignaverint
1164 4814 1196 4876 in
1221 4814 1373 4876 inanibus
1389 4812 1537 4895 ejusdem
1555 4811 1642 4875 card.
1659 4808 1849 4894 recipientis

490 4913 730 4999 resignationes
755 4915 941 4998 hujusmodi
966 4916 1007 4980 de
1031 4918 1167 5002 speciali
1192 4917 1352 4982 mandato
1373 4926 1495 4995 vestr0,
1513 4916 1589 4979 vive
1606 4915 1696 4979 vocis
1713 4914 1849 4978 oraculo

525 5163 546 5209 1.
558 5160 658 5217 Kirsch,
672 5160 746 5218 Koll,
759 5165 824 5214 268:
843 5164 876 5210 cl.
888 5163 920 5211 de
933 5164 951 5210 T
954 5165 1027 5220 lieux.
1043 5165 1076 5219 ΙΙ,
1092 5168 1128 5211 ῖ9.
1151 5192 1182 5198 —-
1200 5168 1222 5211 2.
1236 5157 1373 5219 Mollarjn.
1385 5164 1456 5210 ⁴038.
1468 5190 1499 5196 —
1512 5165 1533 5210 3.
1547 5162 1659 5209 Galliard
1672 5161 1704 5208 dc
1721 5161 1744 5206 la
1759 5161 1847 5220 blatte,

498 5234 616 5282 uerenda
630 5234 746 5283 clement
760 5237 780 5282 Ι*
794 5237 897 5298 (Eubel,
912 5238 931 5297 l,
947 5240 997 5299 ll).
1007 5265 1037 5271 -
1056 5240 1078 5285 4.
1091 5239 1190 5297 hirson,
1203 5237 1276 5296 Ir'oll,
1287 5240 1341 5286 2313.
