4650 6059
924 827 1012 909 1348,
1036 826 1076 891 27
1098 827 1274 907 septembre.
1726 832 1779 903 117

412 998 479 1045 non
496 982 588 1046 obst.
604 980 697 1066 quod
712 999 785 1047 cen.
802 983 862 1047 sub
878 981 1056 1067 exp.preb.
1072 977 1105 1043 in
1123 981 1205 1045 eccl.
1216 980 1248 1045 S.
1263 977 1416 1047 Marcelli
1429 982 1525 1066 juxta
1535 982 1678 1051 Parisius
1694 987 1779 1052 obti-

413 1083 536 1164 nuerit,
552 1083 597 1149 de
613 1106 681 1169 quo
707 1086 836 1151 nullum
860 1083 1039 1151 comodum
1055 1083 1183 1164 babuit,
1200 1083 1259 1149 sed
1285 1086 1414 1150 labores
1430 1085 1530 1152 subiit
1556 1093 1591 1152 et
1606 1109 1779 1174 expensae,

415 1200 547 1275 septem
564 1189 644 1255 anni
660 1197 738 1255 sunt
753 1188 867 1276 elapsi.
883 1229 926 1239 —
943 1186 1018 1253 Fiat
1033 1186 1076 1253 de
1092 1206 1165 1253 can.
1182 1190 1242 1254 sub
1258 1209 1333 1274 exp.
1357 1192 1449 1275 preb.
1474 1190 1506 1255 in
1523 1193 1604 1257 eccl.
1621 1192 1652 1257 S.
1669 1193 1780 1259 Salva·

416 1292 497 1358 toris
513 1292 718 1378 Trajecten,
737 1293 777 1359 R.

457 1440 539 1501 517.
558 1431 658 1514 Item,
676 1433 825 1500 Henrico
840 1434 883 1500 de
898 1432 1010 1499 Leuis
1026 1443 1046 1514 ¹,
1062 1431 1224 1497 Leodien.
1240 1431 1337 1510 dioc,
1355 1451 1441 1515 mag.
1459 1432 1490 1495 in
1508 1439 1579 1513 art,
1597 1441 1631 1498 et
1647 1434 1680 1498 in
1691 1436 1778 1503 med.

416 1541 500 1618 bac,
515 1538 574 1623 qui
589 1537 674 1604 duos
689 1557 803 1603 cursus
817 1537 851 1601 in
877 1537 983 1602 theol.
1007 1535 1158 1622 perlegit,
1174 1535 1217 1600 de
1232 1553 1318 1619 pers.
1334 1535 1388 1598 vel
1415 1536 1621 1620 patronagio,
1638 1558 1696 1603 seu
1723 1540 1778 1604 off.

417 1650 472 1708 aut
486 1644 567 1707 ben.
583 1640 677 1720 eccl,
694 1662 723 1707 c.
739 1661 769 1706 c.
785 1642 839 1706 vel
854 1661 880 1706 s.
897 1660 936 1719 c.,
952 1644 1127 1725 spectante
1143 1637 1186 1702 ad
1201 1638 1310 1703 coll...
1326 1636 1427 1723 episc.
1444 1635 1614 1719 Leodien.,
1631 1640 1778 1705 ubicum-

418 1767 480 1831 que
495 1746 601 1812 habet
617 1745 777 1822 conferre,
793 1742 975 1829 dignemini
1000 1741 1177 1829 providere
1193 1764 1201 1821 ;
1218 1761 1286 1806 non
1303 1742 1388 1805 obst.
1413 1740 1504 1824 quod
1530 1744 1680 1828 parroch.
1697 1746 1777 1810 eccl.

418 1850 458 1914 de
473 1848 673 1935 Nederpelt,
689 1848 779 1914 dicte
794 1847 891 1927 dioc,
907 1846 1056 1912 noscitur
1078 1845 1241 1924 obtinere,
1257 1853 1332 1924 etc,
1349 1853 1386 1909 ut
1402 1864 1509 1929 supra.
1531 1883 1563 1893 -
1585 1844 1660 1912 Fiat
1676 1868 1778 1933 usque

419 1954 457 2021 ad
472 1973 641 2021 summam
657 1959 695 2018 ut
710 1972 808 2038 supra
826 1950 884 2039 [70
901 1951 957 2016 lib.
974 1970 1002 2016 c.
1020 1970 1059 2030 c.,
1076 1969 1117 2034 40
1133 1970 1159 2014 s.
1177 1948 1222 2037 c]
1243 1947 1284 2014 R.

459 2098 539 2160 518.
551 2090 652 2170 Item,
670 2087 810 2154 Hellino
824 2089 867 2155 de
883 2089 1005 2175 Dury¹,
1021 2108 1109 2173 mag.
1126 2087 1159 2152 in
1176 2096 1247 2167 art,
1259 2086 1472 2154 Cameracen.
1483 2089 1579 2170 dioc,
1595 2091 1651 2174 qui
1662 2095 1778 2159 ambos

420 2217 528 2262 cursus
537 2196 572 2261 in
584 2195 691 2260 theol.
703 2193 854 2279 perlegit,
864 2193 907 2259 de
923 2214 996 2260 can.
1006 2200 1041 2257 et
1055 2194 1147 2278 preb.
1159 2192 1241 2257 eccl.
1252 2193 1463 2259 Attrebaten.
1473 2193 1655 2279 dignemini
1667 2198 1778 2282 provi-

420 2300 492 2365 dere
506 2322 515 2380 ;
531 2319 603 2365 non
619 2299 707 2363 obst.
723 2296 814 2381 quod
829 2298 980 2382 parroch.
996 2298 1078 2362 eccl.
1101 2296 1144 2363 de
1170 2295 1394 2378 Bellomanso,
1410 2298 1501 2364 dicte
1516 2299 1613 2380 dioc,
1629 2303 1778 2368 noscitur

422 2404 578 2484 obtinere,
595 2403 689 2487 cujus
704 2400 862 2466 fructus..
878 2421 1043 2476 summam
1061 2420 1077 2465 2
1083 2419 1099 2484 5
1114 2400 1170 2465 lib.
1194 2399 1307 2481 Paris,
1324 2421 1390 2467 sec.
1406 2408 1473 2468 tax.
1489 2402 1618 2469 decime
1630 2406 1776 2492 antique,

422 2529 481 2574 non
497 2508 678 2575 excedunt.
701 2543 733 2555 -
754 2504 830 2571 Fiat
847 2505 887 2571 R.

363 2709 365 2720 ,
458 2650 537 2715 519.
556 2645 655 2728 Item,
670 2642 818 2723 Johanni
834 2644 876 2710 de
904 2642 1064 2724 Lovani0,
1080 2642 1173 2709 dicto
1190 2641 1358 2727 Caligator
1384 2664 1496 2728 ,mag
1514 2645 1545 2709 in
1562 2654 1634 2726 art,
1654 2650 1774 2715 cursori

421 2752 448 2815 in
463 2752 579 2829 theol,
595 2748 638 2816 de
652 2769 727 2816 can.
755 2757 789 2814 et
813 2751 905 2834 preb.
921 2751 1003 2815 eccl.
1019 2748 1051 2814 S.
1078 2747 1172 2812 Pauli
1190 2745 1349 2815 Leodien.
1376 2749 1557 2834 dignemini
1574 2753 1750 2837 providere
1766 2778 1773 2832 ;

421 2876 480 2920 non
508 2858 597 2921 obst.
622 2854 713 2940 quod
737 2852 904 2938 quandam
931 2873 1024 2939 perp.
1051 2853 1170 2939 capell.
1186 2853 1220 2916 in
1247 2854 1329 2918 eccl.
1345 2853 1387 2919 de
1414 2855 1536 2935 Ascha,
1561 2854 1774 2923 Cameracen.

419 2959 509 3040 dioc,
535 2961 684 3026 noscitur
710 2958 872 3039 obtinere,
899 2958 992 3043 cujus
1018 2957 1186 3023 fructus...
1207 2956 1323 3024 ro'lib.
1342 2958 1454 3040 Paris,
1470 2980 1535 3025 sec.
1553 2967 1619 3025 tax.
1635 2959 1774 3042 decime,

419 3066 563 3130 valorem
580 3084 728 3129 annuum
742 3083 811 3128 non
828 3062 1005 3128 excedunt.
1021 3103 1065 3112 -
1081 3060 1156 3127 Fiat
1175 3062 1214 3127 R.
1232 3063 1280 3141 (3,
1299 3067 1482 3147 246·246').

455 3213 542 3276 520.
571 3209 668 3288 Item,
700 3209 844 3274 Nicolao
876 3208 1064 3293 Boquillolr,
1096 3210 1137 3273 de
1154 3210 1185 3274 S.
1212 3210 1405 3276 Audomaro
1430 3212 1579 3293 oriund0,
1609 3211 1774 3278 Morimen.

417 3315 510 3391 dioc,
528 3336 616 3397 rnag.
633 3315 664 3377 in
682 3322 753 3392 art,
770 3321 803 3377 et
814 3314 936 3379 cursori
949 3313 981 3377 in
992 3314 1106 3393 theol,
1117 3314 1158 3377 de
1179 3314 1234 3377 off.
1252 3315 1421 3379 scolastrie
1435 3318 1466 3379 in
1478 3317 1591 3395 theol,
1603 3338 1678 3382 cum
1692 3318 1775 3383 frue-

416 3421 500 3485 tibus
518 3430 553 3483 et
571 3419 796 3503 proventibus
814 3417 844 3481 S.
862 3416 1043 3480 Andomari
1061 3416 1094 3479 in
1112 3417 1143 3480 S.
1159 3417 1365 3498 Audomaro,
1382 3421 1424 3484 ad
1441 3421 1545 3485 vitain
1566 3443 1668 3502 suam,
1686 3423 1774 3505 quod

362 3512 364 3521 ⁴
415 3525 553 3607 odjum
581 3522 709 3587 duobus
735 3522 830 3585 annis
860 3521 1008 3584 exercuit
1037 3521 1177 3602 legendo
1205 3531 1237 3584 et
1255 3523 1458 3606 predicando
1474 3533 1544 3589 tam
1569 3529 1658 3590 clero
1674 3548 1773 3609 quant

414 3628 515 3699 luicis,
531 3626 713 3709 dignemini
730 3625 904 3710 providere
919 3648 925 3701 ;
943 3645 1011 3687 non
1040 3627 1125 3688 obst.
1154 3625 1244 3707 quod
1269 3647 1341 3691 can.
1359 3636 1392 3690 et
1419 3632 1509 3712 preb.
1532 3632 1613 3695 eccl.
1635 3631 1666 3695 S.
1684 3631 1771 3695 Petri

411 3731 615 3795 Caeletensis
631 3742 650 3808 ⁴,
669 3728 834 3793 Morimen.
850 3727 947 3803 dioe,
965 3728 1113 3792 noscitur
1129 3730 1291 3794 obtinere.
1314 3768 1345 3778 -
1369 3730 1445 3796 Fiat
1462 3732 1504 3796 de
1532 3753 1603 3799 can.
1621 3738 1680 3799 sub
1697 3757 1771 3821 exp.

410 3837 504 3921 preb.
523 3835 555 3898 in
573 3834 654 3899 eccl.
672 3831 843 3911 Furnensi,
862 3830 1029 3896 Morimen.
1046 3833 1131 3896 dioc.
1150 3833 1189 3897 R.

453 3984 536 4046 521.
554 3979 652 4059 Item,
669 4002 745 4046 cunr
762 3981 792 4045 S.
810 3979 849 4045 V.
873 3978 1019 4058 Johanni
1047 3981 1089 4044 de
1116 3979 1314 4066 Zantvliete,
1331 4004 1417 4067 mag.
1436 3984 1467 4047 in
1496 3994 1567 4064 art,
1585 3996 1619 4049 et
1636 3986 1667 4049 in
1685 3988 1771 4053 med.

410 4090 495 4163 bac„
513 4096 548 4149 et
562 4082 628 4171 [in]
647 4086 750 4150 theol.
767 4085 901 4164 cursori,
918 4086 959 4150 de
976 4106 1048 4149 can
1065 4093 1099 4149 et
1112 4086 1203 4168 preb.
1217 4087 1298 4150 eccl.
1316 4086 1346 4151 S.
1357 4085 1520 4165 Johannis
1537 4088 1695 4156 Leodien.
1712 4095 1771 4157 sub

411 4211 486 4275 exp.
505 4193 597 4274 preb.
615 4190 729 4253 fecerit
744 4210 789 4273 gr.
807 4211 895 4274 spec
908 4198 927 4269 ⁵,
945 4200 978 4253 et
996 4190 1027 4252 in
1054 4190 1160 4274 suppl.
1187 4211 1285 4274 super
1301 4192 1364 4256 boc
1392 4214 1492 4258 rnauu
1508 4203 1618 4260 uestra
1634 4197 1771 4281 signata,

410 4295 451 4358 de
483 4293 629 4378 quadam
661 4295 777 4378 capell.
795 4314 897 4379 perp,
925 4314 1025 4376 quam
1050 4294 1082 4355 in
1111 4296 1192 4357 eccl.
1219 4292 1256 4359 B.
1285 4294 1472 4379 Walburgis
1499 4300 1771 4386 AntuerpiensiS,

412 4398 628 4461 Cameracen.
645 4396 740 4473 dioc,
758 4406 839 4460 tunc
867 4397 1027 4479 temporis
1052 4396 1236 4475 obtinebat,
1265 4399 1349 4463 sicut
1374 4402 1483 4467 adbuc
1508 4406 1647 4485 obtinet,
1679 4408 1771 4490 eujus

412 4503 561 4566 redditus
586 4502 686 4565 annui
717 4521 751 4584 15
769 4502 825 4565 lib.
843 4500 944 4564 Paris.
961 4520 1125 4563 summam
1150 4521 1218 4564 non
1246 4504 1422 4584 excedunt,
1450 4528 1508 4591 per
1534 4511 1771 4593 negligentiam

412 4607 501 4669 nulla
519 4605 646 4668 mentio
663 4604 750 4668 facta
765 4604 923 4681 extiterit,
941 4603 1122 4685 dignemini
1146 4602 1188 4666 de
1219 4604 1405 4688 hujusmodi
1423 4613 1540 4696 capell.
1567 4614 1599 4676 in
1627 4615 1697 4699 ipsa
1713 4636 1770 4698 gr,

413 4729 509 4794 super
536 4730 602 4792 qua
617 4707 765 4773 nondum
784 4710 893 4772 littere
910 4717 986 4772 sunt
1014 4707 1177 4787 confecte,
1194 4710 1352 4775 mandare
1369 4724 1568 4798 oportunam
1593 4719 1660 4782 fieri
1678 4741 1770 4783 men-

414 4814 550 4888 tionem,
561 4833 600 4877 ac
610 4814 715 4897 ipsam
728 4833 775 4897 gr.
788 4815 848 4877 sub
859 4812 936 4876 data
953 4821 986 4875 et
1003 4811 1118 4889 lomna,
1135 4821 1172 4875 ut
1184 4815 1396 4896 premittitur,
1408 4820 1546 4903 signata,
1557 4823 1657 4886 etiam
1671 4844 1771 4909 expe-

416 4918 484 4982 diri.
503 4954 534 4965 -
558 4915 631 4981 Fiat
650 4915 689 4980 R.

451 5138 470 5181 1.
482 5136 560 5182 Henri
577 5136 660 5182 tueor
672 5136 721 5190 (De
736 5135 858 5194 Baukcre)
871 5151 876 5190 ;
887 5136 920 5184 cs.
935 5136 1039 5191 Dentilu,
1057 5137 1149 5193 steort,
1166 5137 1198 5190 ll,
1212 5140 1265 5191 ouo,
1279 5142 1333 5191 597,
1347 5143 1423 5187 625».—
1453 5146 1475 5191 ¹2.
1491 5143 1593 5199 llenitle,
1608 5144 1641 5194 ΙΙ,
1654 5147 1706 5198 625,
1718 5147 1771 5200 626,

421 5212 469 5255 titi.
523 5210 600 5257 1111..
627 5209 661 5267 11,
675 5211 728 5264 bib,
742 5210 789 5256 654
802 5224 808 5258 :
822 5209 946 5265 Moleenus,
963 5211 1029 5258 llixt.
1043 5210 1143 5270 Lorarii,
1159 5214 1345 5260 11117111--1,
1359 5214 1440 5269 Videt,
1452 5230 1475 5262 n.
1489 5218 1543 5262 6119.
1554 5244 1583 5249 -
1594 5220 1615 5264 .'›.
1628 5217 1662 5264 Le
1676 5219 1704 5263 te
1716 5216 1772 5276 juin

426 5285 479 5330 1312
490 5283 561 5345 (loq.
575 5285 651 5331 lirin.
665 5285 703 5339 69,
717 5284 815 5343 1235).
997 5320 999 5324 .
1724 5323 1727 5330 .
1748 5325 1749 5328 η
