4650 6059
919 764 1013 838 1347,
1036 763 1121 828 15-17
1138 764 1266 845 janvier.
1713 774 1775 841 298

419 912 512 978 sterio
527 912 571 979 de
587 911 740 994 Camera,
758 912 897 980 Cisterc.
914 914 995 994 ord,
1012 912 1102 978 dicte
1117 912 1216 994 dioc,
1233 914 1266 978 in
1282 917 1484 981 monacham
1500 927 1534 983 et
1550 941 1708 988 sororem.
1732 964 1776 973 -

420 1014 486 1082 Fiat
503 1016 546 1082 R.

371 1199 373 1204 Ι
453 1118 543 1185 Item
558 1140 686 1204 supp...
704 1128 795 1203 quat.
813 1117 998 1197 Elisabeth,
1015 1118 1165 1204 predicte
1183 1117 1290 1185 Marie
1313 1141 1471 1203 sororem,
1486 1126 1645 1191 mandare
1661 1128 1776 1212 digne-

365 1239 373 1330 1
415 1224 488 1288 mini
505 1224 611 1310 recipi
628 1223 890 1321 inmonacbam
905 1231 941 1288 et
964 1242 1112 1287 sororem
1129 1222 1162 1286 in
1180 1226 1385 1291 monasterio
1408 1225 1450 1291 de
1467 1226 1667 1294 Roseindale
1680 1232 1775 1314 juxta

363 1335 367 1404 1
414 1327 637 1408 Mascliniam,
654 1326 725 1392 ord.
742 1335 777 1392 et
792 1328 880 1394 dioc.
895 1326 1134 1412 predictorum.
1149 1367 1194 1375 —
1210 1326 1286 1393 Fiat
1303 1328 1343 1395 R.

452 1432 533 1497 Dat.
548 1432 651 1497 Avin.
665 1452 683 1496 2
699 1431 744 1497 id.
756 1431 887 1516 januar.
902 1437 936 1495 a⁰
953 1437 994 1514 5⁰.
1012 1430 1083 1513 (10,
1105 1431 1170 1514 10).

460 1574 737 1657 1125·1127.
1420 1608 1515 1675 1347,
1533 1612 1575 1673 15
1585 1592 1729 1673 janw'er.

450 1693 520 1760 Isti
522 1700 687 1781 pauperes
697 1694 878 1781 paciantur
893 1690 959 1779 defi
980 1698 1049 1756 nat.
1065 1694 1106 1782 de
1115 1692 1307 1778 presbiteris
1324 1694 1429 1779 geniti
1447 1702 1479 1758 et
1500 1697 1616 1761 solutis
1640 1721 1652 1761 .·

451 1797 543 1864 110111
569 1797 714 1892 similem
737 1817 785 1881 gr.
804 1794 859 1882 [ut
874 1795 918 1861 ad
944 1815 1062 1861 omnes
1078 1795 1212 1861 ordines
1232 1796 1367 1861 valeant
1382 1799 1588 1886 promoveri]
1615 1802 1775 1868 facientes

404 1905 542 1983 Jacobo
569 1899 733 1980 Lilimers,
750 1901 829 1966 cler.
844 1896 1033 1964 Tornacen.
1049 1897 1147 1978 dioc,
1164 1899 1217 1964 cui
1233 1920 1293 1984 per
1322 1900 1423 1985 episc.
1440 1923 1536 1967 suum
1564 1904 1626 1968 fuit
1641 1903 1774 1991 dispen-

404 2015 520 2071 satum
535 2003 579 2069 de
593 2010 741 2069 tonsura.
756 2043 800 2052 —
817 2001 893 2067 Flat
909 2001 949 2067 R.

452 2109 534 2173 Dat.
549 2106 684 2194 [Arin]
708 2108 745 2171 18
760 2105 830 2171 kal.
846 2105 927 2170 febr.
943 2112 976 2170 a⁰
993 2112 1035 2190 5⁰.
1053 2106 1124 2187 (10,
1141 2108 1224 2190 44').

450 2248 552 2313 1126.
571 2242 659 2308 110111
673 2242 694 2321 J
697 2241 822 2309 ohanni
839 2242 881 2308 de
897 2240 1136 2324 Bredenersch,
1153 2242 1231 2308 cler.
1249 2240 1417 2310 Morinen.
1433 2246 1520 2314 dioc.

452 2346 545 2413 Item
562 2345 715 2413 Bamabe
730 2347 773 2413 de
789 2345 907 2431 Caliga
923 2345 965 2411 de
981 2345 1128 2426 Caslet0,
1145 2346 1224 2412 cler.
1242 2344 1408 2415 Morinen.
1425 2349 1511 2416 dioc.

452 2449 545 2516 Item
570 2449 730 2517 Michaeli
747 2451 894 2531 Drivers,
913 2449 1081 2517 Morinen.
1097 2450 1184 2517 dioc.

453 2552 545 2619 Item
563 2553 713 2620 Gerardo
727 2554 820 2621 dicto
837 2554 984 2634 Goswin,
1002 2553 1163 2619 Leodien.
1180 2543 1267 2620 dioc.
1283 2594 1327 2603 -
1343 2554 1418 2621 Fiat
1436 2557 1476 2624 R.

452 2658 536 2723 Dat.
558 2658 660 2724 Avin.
680 2661 717 2724 18
734 2658 801 2724 kal.
818 2659 898 2724 febr.
916 2667 949 2724 a⁰
967 2666 1008 2743 5⁰.

450 2799 553 2861 1127.
569 2793 636 2860 Isti
647 2797 825 2882 patiuntur
846 2797 914 2884 def.
937 2804 1005 2863 nat.
1021 2800 1062 2861 de
1080 2797 1197 2860 solutis
1214 2798 1321 2883 geniti
1338 2804 1370 2862 et
1391 2800 1508 2863 solutis
1528 2802 1574 2864 sic
1596 2822 1631 2864 se
1652 2804 1773 2866 contin-

399 2900 566 2985 gentibus
587 2900 620 2963 in
631 2901 800 2985 gradibus
823 2902 1146 2987 consanguineitalis.
1259 2982 1262 2985 Α

452 3001 546 3067 Item
561 3001 706 3069 Nicolao
723 3002 880 3085 Flaweel,
895 2998 1067 3070 Morinen.
1091 3003 1189 3085 dioc,
1214 3004 1247 3069 in
1274 3012 1306 3069 2⁰
1320 3004 1434 3090 gradu,
1451 3006 1507 3090 qui
1523 3014 1695 3072 tonsuram
1710 3007 1775 3093 pri·

404 3128 503 3171 marn
519 3107 651 3192 accepit
666 3107 867 3174 clericalem.
883 3148 926 3156 —
942 3106 1020 3172 Fiat
1037 3106 1077 3171 R.

454 3211 538 3276 Dat.
553 3212 654 3277 Avin.
675 3214 711 3277 18
728 3210 794 3277 kal.
810 3212 891 3276 febr.
907 3219 940 3275 a⁰
958 3219 999 3295 5⁰.
1017 3212 1088 3295 (lO,
1106 3213 1176 3295 45).

465 3356 600 3437 1128.
1425 3392 1519 3455 1347,
1536 3391 1574 3455 17
1585 3372 1729 3454 jonvier.

453 3476 558 3561 Supp.
586 3473 789 3539 Bertrandus
812 3473 854 3539 de
870 3472 1065 3538 Carceribus
1079 3484 1098 3554 ¹,
1123 3475 1200 3539 cler.
1228 3473 1404 3540 Caturcen.
1431 3476 1528 3555 dioc,
1557 3477 1660 3543 famil.
1684 3478 1774 3543 dom.

409 3580 583 3646 servitoris
607 3590 642 3643 et
667 3578 788 3643 notarii
804 3578 916 3658 vestri,
944 3599 1033 3662 mag.
1061 3577 1254 3661 Ray1nundi
1277 3579 1319 3643 de
1336 3579 1440 3660 Valle,
1472 3590 1562 3663 quat.
1594 3582 1701 3646 eidem
1732 3583 1774 3646 de

409 3668 508 3748 rurali
526 3684 608 3749 eccl.
626 3681 664 3746 B.
679 3680 729 3747 M.
752 3680 794 3746 de
810 3680 998 3761 Villanova,
1022 3682 1183 3746 Auxitan.
1209 3682 1306 3762 dioc,
1333 3683 1516 3766 dignemini
1541 3684 1756 3767 providere...
1764 3707 1772 3764 ;

409 3810 480 3853 non
497 3790 586 3853 obst.
602 3785 693 3870 quod
709 3786 742 3849 in
760 3807 832 3850 can.
850 3785 881 3850 S.
906 3784 1090 3850 Donatiani
1116 3784 1305 3870 Brugensis,
1321 3785 1509 3850 Tornacen.
1526 3785 1622 3868 dioc,
1640 3796 1690 3851 est
1714 3790 1773 3851 sub

410 3914 486 3978 exp.
502 3894 597 3978 preb.
613 3897 778 3974 receptus.
800 3927 832 3936 -
854 3888 932 3953 Fiat
949 3889 990 3954 R.
1365 3888 1376 3907 '

455 3997 535 4061 Dat.
551 3995 654 4060 Avin.
675 3998 712 4057 16
726 3993 793 4059 kal.
810 3993 890 4059 febr.
907 4001 940 4058 a⁰
958 4002 999 4077 5⁰.
1016 3996 1086 4076 (10,
1108 3996 1188 4077 13').

463 4141 601 4223 1129.
1423 4149 1729 4235 1347,17janvier.
1762 4179 1764 4183 ·

453 4262 558 4346 Supp.
575 4257 749 4335 Johannes
764 4256 872 4321 dictus
888 4255 929 4320 de
948 4256 1198 4321 Yliartzlrorem
1214 4256 1255 4320 de
1272 4255 1386 4338 Aquis,
1404 4256 1482 4320 cler.
1499 4254 1660 4319 Leodien.
1677 4255 1774 4335 dioc,

411 4374 503 4451 quat.
529 4364 592 4429 sibi
620 4362 662 4427 de
686 4360 838 4446 parroch.
855 4361 937 4425 eccl.
954 4360 985 4425 S.
1001 4358 1168 4436 Johannis
1195 4359 1352 4443 contigua
1378 4359 1519 4424 ecclesie
1544 4358 1774 4438 Wormatien,

411 4492 483 4537 rac.
500 4488 563 4554 per
577 4473 723 4532 mortem
740 4463 829 4528 Petri
843 4464 1014 4547 quondam
1032 4463 1298 4542 Emmerchonis,
1316 4463 1348 4526 in
1366 4463 1516 4547 partibus
1532 4462 1594 4527 illis
1610 4462 1775 4527 deceden-

412 4575 461 4653 tis,
478 4570 591 4638 ultimi
607 4567 757 4654 ejusdem
780 4569 863 4632 eccl.
879 4568 1031 4651 parroch.
1047 4568 1196 4646 rectoris,
1220 4576 1254 4631 01
1271 4589 1335 4650 que
1358 4575 1456 4632 tanto
1472 4576 1624 4651 tempore
1640 4567 1774 4630 vacavit

415 4676 501 4760 quod
517 4674 621 4760 ipsius
636 4674 713 4738 coll.
736 4672 779 4738 ad
803 4672 917 4737 sedem
933 4681 1051 4756 apost,
1068 4693 1133 4738 sec.
1151 4671 1386 4736 Lateranensis
1409 4679 1538 4736 statuta
1563 4670 1707 4748 concilii,
1724 4679 1775 4733 est

416 4779 562 4864 legitime
577 4777 747 4857 devoluta,
765 4777 857 4859 cujus
873 4776 1077 4860 presentatio
1093 4777 1135 4840 ad
1151 4776 1333 4860 capitulum
1350 4775 1439 4840 dicte
1456 4776 1537 4839 eccl.
1554 4772 1775 4838 Wornratien.

420 4886 494 4949 alias
506 4883 664 4968 pertinet,
681 4882 840 4965 cujusque
856 4880 1022 4945 fructus...
1040 4901 1077 4945 10
1090 4901 1193 4945 marc.
1210 4900 1289 4963 arg,
1306 4900 1371 4944 sec.
1384 4887 1453 4943 tax.
1470 4877 1610 4956 decime,
1627 4878 1775 4942 valorem

455 5129 473 5172 l.
487 5124 561 5173 l'rere
582 5125 615 5172 de
636 5123 750 5171 Galhard
767 5124 800 5170 de
819 5120 916 5180 Carcbs,
937 5122 1095 5182 archcveque
1115 5123 1147 5170 de
1166 5121 1277 5169 Briinlisi
1290 5123 1324 5180 (v.
1337 5120 1402 5167 Albe
1413 5119 1478 5166 <lans
1487 5117 1600 5165 Annales
1608 5115 1639 5162 de
1648 5114 1778 5163 Sr-Louo-

429 5196 604 5260 dea-Fraudis,
622 5203 642 5246 t.
655 5197 729 5257 VIII,
742 5212 766 5260 p.
779 5197 956 5257 361,110102);
969 5198 1128 5245 10110210.
