4650 6059
386 792 447 856 272
938 788 1025 861 1346,
1047 787 1088 851 20
1110 791 1189 853 aodt.

386 946 445 1009 sub
468 964 544 1029 exp.
568 946 659 1028 preb.
679 965 718 1009 ac
739 943 828 1028 dign.
852 943 905 1006 rel
927 962 1012 1027 pers
1038 962 1095 1005 seu
1119 940 1175 1006 off.
1193 961 1221 1006 c.
1238 962 1266 1006 c.
1283 943 1337 1005 rei
1354 962 1379 1006 s.
1397 962 1435 1020 c.,
1453 963 1492 1006 ac
1510 941 1724 1007 Giriselbertu:

386 1046 539 1133 predicti,
555 1046 589 1110 in
606 1046 698 1112 dicta
714 1046 949 1111 Davantriensi
967 1048 1026 1110 sub
1042 1065 1118 1130 exp.
1134 1047 1238 1130 preb„
1260 1047 1347 1110 acin
1361 1044 1582 1130 Herbipolen.
1593 1048 1721 1112 ecclesii

386 1173 471 1231 can,
488 1158 576 1216 auct.
594 1150 633 1216 V.
650 1151 692 1232 S..
709 1172 750 1217 ac
765 1151 910 1216 mediam
927 1161 1057 1235 partem
1073 1149 1226 1234 parroch.
1243 1150 1325 1214 eccl.
1341 1148 1372 1213 S.
1391 1146 1525 1214 Nicolai
1551 1148 1724 1233 Trajecten

386 1277 446 1341 per
468 1256 551 1321 duos
566 1255 664 1321 solite
680 1255 855 1339 gubernari
879 1264 1036 1333 rectoreS,
1053 1253 1219 1331 obtinent,
1236 1253 1365 1338 ipsique
1391 1252 1606 1319 Ghiselberto
1634 1255 1724 1320 eader

387 1367 476 1424 auct.
499 1358 668 1444 provisum
685 1358 825 1423 indicta
855 1359 936 1423 eccl.
955 1356 1175 1441 Herbipolen.
1192 1356 1341 1421 extiterit
1356 1356 1399 1421 de
1415 1359 1508 1441 preb.
1526 1397 1570 1407 —
1594 1357 1671 1422 Fiat
1694 1380 1724 1443 pr

387 1470 528 1544 utroque
546 1460 585 1525 R.

433 1565 510 1629 Dat.
526 1565 626 1629 Avin.
648 1585 684 1648 15
702 1564 768 1629 kal.
785 1573 869 1649 sept.
886 1572 919 1629 a⁰
938 1572 979 1647 5⁰.
996 1565 1063 1646 (ll,
1085 1566 1172 1647 148).

445 1718 590 1801 1049.
1449 1733 1544 1815 1346,
1562 1751 1604 1795 20
1622 1738 1710 1795 nortl.

432 1837 535 1921 Supp.
558 1834 732 1913 Johannes
747 1836 789 1901 de
806 1834 943 1900 Casleto
960 1845 980 1914 ¹,
1004 1855 1079 1899 can.
1103 1832 1275 1913 Leodien.,
1298 1835 1459 1900 collector
1484 1844 1595 1899 vestre
1620 1856 1724 1900 earne

389 1948 497 2025 apost.
520 1940 555 2003 in
570 1939 751 2024 provincia
768 1937 952 2018 Colonien,
976 1945 1069 2020 quat.
1093 1958 1153 2002 sno
1177 1938 1293 2023 nepoti
1320 1937 1482 2018 Henric0,
1506 1945 1588 2003 nato
1613 1937 1720 2002 Henri

391 2042 521 2108 Vastini
544 2041 587 2107 de
610 2041 756 2122 Caslet0‚
784 2042 890 2106 fratris
913 2041 962 2106 sui
986 2053 1007 2121 ²,
1031 2041 1108 2105 cler.
1139 2039 1308 2105 Morinen.
1334 2041 1431 2122 dioe,
1455 2041 1497 2106 de
1514 2062 1587 2106 ean.
1604 2050 1639 2106 et
1663 2047 1724 2127 pre

393 2148 474 2212 eccl.
492 2144 662 2225 Leodien.,
687 2145 776 2230 apud
810 2144 924 2209 sedem
950 2152 1071 2229 apost,
1103 2164 1162 2229 per
1189 2151 1333 2209 mortem
1358 2143 1529 2228 quondam
1556 2144 1724 2209 Thome‹

394 2248 540 2327 Perusi0,
565 2248 666 2332 ipsius
692 2249 774 2313 ecci.
798 2269 883 2328 can„
911 2248 967 2331 qui
984 2268 1090 2333 nuper
1105 2256 1199 2312 extra
1222 2268 1289 2313 cnr.
1319 2247 1417 2312 Rom.
1434 2268 1528 2313 sumn
1553 2248 1645 2313 diem
1666 2250 1724 2313 cla·

394 2354 436 2418 sit
451 2360 649 2431 extremum,
673 2352 832 2436 cujusque
854 2352 1018 2418 beneficia
1041 2361 1122 2417 ante
1144 2351 1272 2417 dictam
1299 2352 1388 2417 diem
1416 2372 1475 2437 per
1500 2352 1531 2416 S.
1559 2350 1598 2416 V.
1625 2352 1724 2418 suerur

391 2463 572 2533 reservata,
584 2455 637 2519 vel
654 2455 720 2521 alio
744 2456 863 2539 quovis
882 2456 986 2521 modo
1008 2477 1081 2521 vac.
1102 2455 1284 2539 dignemini
1300 2455 1499 2541 proridere;
1523 2455 1724 2539 dispensant

393 2580 491 2645 super
506 2559 626 2623 minori
643 2566 735 2624 etate
750 2559 852 2644 ipsius
868 2562 955 2639 cler„
972 2560 999 2625 si
1015 2559 1184 2645 expediat,
1201 2560 1257 2642 qui
1274 2569 1325 2625 est
1341 2560 1374 2623 in
1396 2568 1446 2623 12⁴¹
1462 2560 1564 2624 etatis
1579 2580 1639 2623 sue
1668 2581 1724 2624 anr

391 2665 446 2729 vel
468 2663 567 2741 circa,
583 2663 795 2729 constitutus
811 2704 855 2713 —
872 2662 947 2728 Fiat
965 2663 1005 2729 R.

435 2766 515 2831 Dat.
530 2765 631 2830 Avin.
652 2786 689 2849 13
705 2766 772 2832 kal.
788 2776 873 2853 sept.
888 2775 921 2832 a⁰
938 2775 977 2851 5⁰.
995 2769 1062 2850 (ll,
1083 2769 1186 2852 144').

448 2922 593 3005 1050.
1455 2933 1550 3016 1346,
1567 2954 1610 2996 20
1626 2940 1713 3000 aortt.

436 3040 537 3125 Supp.
575 3038 783 3103 Christianus
815 3037 967 3117 Stonard,
1000 3057 1127 3123 pauper
1159 3036 1298 3101 clericus
1324 3035 1511 3100 Tomacen.
1539 3035 1639 3115 dioc.,
1667 3059 1724 3121 qua

390 3143 453 3209 sibi
477 3143 519 3208 de
536 3144 649 3226 aliquo
663 3144 740 3206 ben.
757 3142 838 3205 eccl.
856 3163 884 3206 c.
909 3162 937 3205 e.
953 3143 1007 3204 vel
1021 3163 1045 3205 S.
1063 3163 1101 3221 e,
1125 3161 1199 3206 rac.
1227 3140 1281 3204 rel
1305 3148 1427 3218 vacat,
1444 3149 1550 3225 spect.
1567 3142 1609 3206 ad
1639 3144 1721 3206 coll..

391 3247 551 3331 prepositi
568 3246 650 3311 eccl.
676 3245 707 3309 S.
737 3244 825 3308 Petri
850 3243 1090 3324 ThoraltensiS,
1112 3244 1203 3308 dicte
1230 3244 1327 3323 dioc.,
1352 3243 1533 3327 dignemini
1558 3247 1724 3330 providere

395 3349 478 3435 [non
496 3349 601 3435 obst]
619 3369 666 3432 gr.
683 3349 716 3410 in
741 3348 846 3412 forma
862 3368 1045 3432 pauperum
1062 3368 1120 3432 per
1138 3347 1177 3411 E.
1194 3347 1226 3411 S.
1242 3347 1303 3411 sibi
1320 3347 1410 3411 sacta
1426 3347 1468 3412 de
1484 3351 1561 3412 ben.
1577 3348 1724 3413 dumtan

392 3474 417 3516 s.
434 3473 474 3530 c.,
491 3461 596 3536 spect.
619 3451 664 3516 ad
679 3451 807 3516 coll.....
825 3459 901 3531 ete,
926 3451 1084 3536 prepositi
1101 3451 1184 3515 eccl.
1201 3451 1231 3515 S.
1249 3449 1431 3514 Pharaildis
1454 3450 1651 3531 GandensiS,
1668 3452 1724 3516 did

391 3555 490 3633 dioc.,
506 3575 571 3638 que
594 3554 688 3638 quasi
712 3554 837 3617 inutilis
852 3561 1006 3618 censetur
1030 3553 1149 3634 eidem,
1173 3574 1248 3618 cum
1264 3553 1428 3618 beneficia
1445 3576 1470 3619 s.
1495 3576 1523 3619 c.
1541 3575 1609 3620 non
1634 3556 1724 3619 habe

388 3659 455 3724 nisi
472 3668 602 3744 septem
618 3658 671 3723 vel
687 3666 767 3723 octo
783 3658 942 3737 conferre,
959 3667 994 3721 et
1018 3657 1088 3743 ipse
1105 3657 1148 3721 ad
1171 3657 1295 3721 dictam
1318 3657 1393 3721 coll.
1417 3678 1558 3723 numero
1574 3659 1618 3724 sit
1634 3668 1725 3723 sextu

396 3800 431 3811 -
459 3760 537 3827 Fiat
555 3761 594 3826 R.

437 3866 514 3931 Dat.
531 3867 632 3930 Avin.
653 3885 689 3949 13
705 3863 772 3931 kal.
789 3874 873 3950 sept.
889 3873 923 3929 a⁰
940 3872 981 3948 5⁰.
999 3867 1066 3949 (ll,
1088 3865 1190 3947 149‘'i.

447 4020 748 4104 1051-1053·
1455 4033 1549 4112 1346,
1567 4052 1610 4093 20
1626 4038 1714 4096 norit.

437 4140 538 4223 Supp.
561 4146 672 4202 vester
687 4136 867 4219 discipulus
883 4144 918 4199 et
941 4156 1024 4220 cap„
1041 4134 1096 4218 qui
1114 4133 1259 4198 Parisius
1274 4135 1333 4197 sub
1357 4133 1452 4197 vobis
1468 4134 1501 4197 in
1525 4135 1645 4199 vestris
1661 4136 1724 4199 sco]

391 4241 478 4305 duos
494 4241 605 4319 libros,
623 4238 750 4303 seilicet
768 4238 973 4317 Ecclesiast„
998 4245 1032 4302 et
1049 4237 1245 4321 Ewangelia
1269 4236 1434 4313 Johannis
1457 4258 1533 4301 eum
1560 4239 1655 4320 glosa
1678 4241 1724 4322 leg

394 4354 429 4408 et
453 4344 574 4421 finivit,
591 4344 717 4426 Symon
734 4341 775 4405 de
794 4340 925 4405 Herent
941 4351 960 4421 ³,
977 4341 1050 4406 dec.
1066 4350 1101 4405 et
1126 4362 1200 4406 can.
1225 4341 1307 4404 eccl.
1332 4340 1363 4403 S.
1381 4339 1456 4403 Ode
1480 4338 1655 4419 nonensis,
1674 4339 1724 4405 Le·

395 4446 483 4509 dien.
499 4444 596 4524 dioc.,
617 4444 694 4530 [pro
710 4446 776 4509 ind.
793 4445 826 4508 in
844 4454 906 4509 art.
923 4444 1052 4531 mort.].
1074 4482 1106 4493 —
1125 4444 1202 4509 Fiat
1216 4444 1255 4509 R.

440 4548 527 4613 Item
552 4570 657 4635 supp„
683 4559 775 4632 quat.
801 4558 1039 4614 testamentum
1068 4571 1164 4615 suum
1189 4569 1248 4635 per
1271 4549 1380 4633 ipsum
1407 4548 1449 4612 de
1471 4548 1570 4612 bonis
1596 4549 1724 4634 patrina

394 4653 538 4717 nialibus
554 4660 588 4716 et
605 4656 702 4716 rebus
718 4652 783 4717 suis
799 4653 871 4717 aliis
899 4653 932 4716 in
959 4655 1107 4738 partibus
1134 4653 1324 4719 ordinatum
1341 4674 1399 4717 seu
1415 4653 1517 4717 etiam
1535 4653 1722 4718 ordinandu

395 4756 504 4821 eidem
542 4756 725 4840 dignemini
752 4756 922 4840 indulgere
949 4777 988 4821 ac
1015 4758 1118 4822 etiam
1144 4758 1353 4823 confirmare.
1376 4796 1419 4807 -
1444 4755 1554 4820 Possit
1581 4758 1697 4821 testari

395 4860 514 4925 forma.
533 4859 572 4923 R.

429 5079 452 5123 1.
465 5076 564 5134 Kirsoh,
578 5075 652 5134 Itali..
678 5075 759 5123 Index
778 5091 803 5138 p.
816 5079 860 5122 rot
876 5077 925 5133 3do
938 5077 1032 5127 Thoux.
1048 5079 1080 5135 ΙΙ,
1095 5079 1177 5135 513,ssss
1199 5078 1247 5139 (les
1266 5078 1333 5125 deux
1353 5081 1450 5126 notiees
1461 5077 1566 5125 doivent
1579 5091 1605 5125 se
1625 5088 1724 5139 rapport

396 5154 458 5200 iun
469 5151 524 5198 seul
536 5156 561 5199 et
573 5149 655 5197 mione
667 5150 855 5212 permnnago);
873 5151 972 5210 Kirsch,
991 5153 1114 5211 Ariaiton,
1135 5153 1154 5210 1,
1174 5154 1228 5202 322.
1249 5180 1281 5191 -
1297 5156 1320 5202 2.
1338 5153 1369 5201 de
1387 5153 1481 5206 Theux,
1496 5152 1531 5208 il,
1547 5153 1600 5200 lor.
1612 5177 1647 5190 -
1663 5154 1685 5199 3.
1698 5150 1724 5196 Vr

396 5241 422 5272 n.
433 5226 489 5272 9516.
