<?xml version="1.0" encoding="UTF-8"?>
<!DOCTYPE html PUBLIC "-//W3C//DTD XHTML 1.0 Transitional//EN"
    "http://www.w3.org/TR/xhtml1/DTD/xhtml1-transitional.dtd">
<html xmlns="http://www.w3.org/1999/xhtml" xml:lang="en" lang="en">
 <head>
  <title>
</title>
<meta http-equiv="Content-Type" content="text/html;charset=utf-8" />
  <meta name='ocr-system' content='tesseract 3.04.00' />
  <meta name='ocr-capabilities' content='ocr_page ocr_carea ocr_par ocr_line ocrx_word'/>
</head>
<body>
  <div class='ocr_page' id='page_1' title='image "./suppliquesdeclm00goog_0613.png"; bbox 0 0 4650 6059; ppageno 0'>
   <div class='ocr_carea' id='block_1_1' title="bbox 478 781 1806 1036">
    <p class='ocr_par' dir='ltr' id='par_1_1' title="bbox 478 781 1806 1036">
     <span class='ocr_line' id='line_1_1' title="bbox 478 781 1372 856; baseline -0.004 -9"><span class='ocrx_word' id='word_1_1' title='bbox 478 782 541 847; x_wconf 83' lang='lat'>556</span> <span class='ocrx_word' id='word_1_2' title='bbox 950 782 1032 856; x_wconf 80' lang='lat'>1351,</span> <span class='ocrx_word' id='word_1_3' title='bbox 1055 783 1075 845; x_wconf 79' lang='lat'>4</span> <span class='ocrx_word' id='word_1_4' title='bbox 1097 781 1260 847; x_wconf 71' lang='lat' dir='ltr'>finiar-80</span> <span class='ocrx_word' id='word_1_5' title='bbox 1282 799 1372 846; x_wconf 83' lang='lat' dir='ltr'>mars.</span> 
     </span>
     <span class='ocr_line' id='line_1_2' title="bbox 531 933 1806 1036; baseline -0.001 -22"><span class='ocrx_word' id='word_1_6' title='bbox 531 933 676 1016; x_wconf 70' lang='grc'>2146.</span> <span class='ocrx_word' id='word_1_7' title='bbox 1519 966 1617 1031; x_wconf 79' lang='lat'>1351,</span> <span class='ocrx_word' id='word_1_8' title='bbox 1637 948 1806 1036; x_wconf 75' lang='lat' dir='ltr'>4se&#39;vrier.</span> 
     </span>
    </p>
   </div>
   <div class='ocr_carea' id='block_1_2' title="bbox 480 1048 1871 2068">
    <p class='ocr_par' dir='ltr' id='par_1_2' title="bbox 480 1048 1871 1970">
     <span class='ocr_line' id='line_1_3' title="bbox 525 1048 1836 1137; baseline 0 -21"><span class='ocrx_word' id='word_1_9' title='bbox 525 1053 625 1137; x_wconf 92' lang='lat' dir='ltr'>Supp.</span> <span class='ocrx_word' id='word_1_10' title='bbox 641 1051 816 1128; x_wconf 86' lang='lat' dir='ltr'>Johannes</span> <span class='ocrx_word' id='word_1_11' title='bbox 842 1049 883 1115; x_wconf 93' lang='lat' dir='ltr'>de</span> <span class='ocrx_word' id='word_1_12' title='bbox 909 1050 1097 1133; x_wconf 86' lang='lat' dir='ltr'>Saratreyo,</span> <span class='ocrx_word' id='word_1_13' title='bbox 1125 1050 1231 1130; x_wconf 90' lang='lat' dir='ltr'>miles,</span> <span class='ocrx_word' id='word_1_14' title='bbox 1257 1056 1349 1133; x_wconf 85' lang='lat' dir='ltr'>quat.</span> <span class='ocrx_word' id='word_1_15' title='bbox 1379 1048 1520 1135; x_wconf 88' lang='lat' dir='ltr'>[clerico</span> <span class='ocrx_word' id='word_1_16' title='bbox 1545 1070 1608 1115; x_wconf 91' lang='lat' dir='ltr'>suo</span> <span class='ocrx_word' id='word_1_17' title='bbox 1635 1049 1836 1136; x_wconf 79' lang='lat' dir='ltr'>Rogero]de</span> 
     </span>
     <span class='ocr_line' id='line_1_4' title="bbox 483 1152 1837 1239; baseline -0.001 -20"><span class='ocrx_word' id='word_1_18' title='bbox 483 1154 663 1220; x_wconf 90' lang='lat' dir='ltr'>Ronchino</span> <span class='ocrx_word' id='word_1_19' title='bbox 674 1168 694 1233; x_wconf 90' lang='lat'>¹,</span> <span class='ocrx_word' id='word_1_20' title='bbox 719 1152 908 1219; x_wconf 87' lang='lat' dir='ltr'>Tomacen.</span> <span class='ocrx_word' id='word_1_21' title='bbox 931 1152 1028 1233; x_wconf 75' lang='lat' dir='ltr'>dioc,</span> <span class='ocrx_word' id='word_1_22' title='bbox 1051 1153 1183 1219; x_wconf 91' lang='lat' dir='ltr'>decan.</span> <span class='ocrx_word' id='word_1_23' title='bbox 1211 1156 1270 1219; x_wconf 92' lang='lat' dir='ltr'>sub</span> <span class='ocrx_word' id='word_1_24' title='bbox 1298 1173 1374 1238; x_wconf 86' lang='lat' dir='ltr'><strong>exp.</strong></span> <span class='ocrx_word' id='word_1_25' title='bbox 1398 1156 1491 1238; x_wconf 89' lang='lat' dir='ltr'>preb.</span> <span class='ocrx_word' id='word_1_26' title='bbox 1514 1154 1698 1239; x_wconf 87' lang='lat' dir='ltr'>collegiate</span> <span class='ocrx_word' id='word_1_27' title='bbox 1715 1156 1837 1220; x_wconf 76' lang='lat' dir='ltr'>ecclesie</span> 
     </span>
     <span class='ocr_line' id='line_1_5' title="bbox 482 1256 1838 1342; baseline -0.001 -20"><span class='ocrx_word' id='word_1_28' title='bbox 482 1258 513 1323; x_wconf 91' lang='lat' dir='ltr'>S.</span> <span class='ocrx_word' id='word_1_29' title='bbox 528 1258 617 1323; x_wconf 89' lang='lat' dir='ltr'>Petri</span> <span class='ocrx_word' id='word_1_30' title='bbox 632 1257 823 1337; x_wconf 89' lang='lat' dir='ltr'>Insulensis,</span> <span class='ocrx_word' id='word_1_31' title='bbox 837 1277 914 1322; x_wconf 93' lang='lat' dir='ltr'>cum</span> <span class='ocrx_word' id='word_1_32' title='bbox 926 1257 1035 1342; x_wconf 92' lang='lat' dir='ltr'>primo</span> <span class='ocrx_word' id='word_1_33' title='bbox 1044 1257 1209 1322; x_wconf 86' lang='lat' dir='ltr'>beneficio</span> <span class='ocrx_word' id='word_1_34' title='bbox 1226 1265 1343 1322; x_wconf 86' lang='lat' dir='ltr'>curato</span> <span class='ocrx_word' id='word_1_35' title='bbox 1352 1256 1407 1321; x_wconf 83' lang='lat' dir='ltr'>vel</span> <span class='ocrx_word' id='word_1_36' title='bbox 1422 1277 1492 1321; x_wconf 92' lang='lat' dir='ltr'>non</span> <span class='ocrx_word' id='word_1_37' title='bbox 1508 1265 1638 1337; x_wconf 88' lang='lat' dir='ltr'>curato,</span> <span class='ocrx_word' id='word_1_38' title='bbox 1651 1257 1838 1324; x_wconf 73' lang='lat' dir='ltr'>vacantrbre</span> 
     </span>
     <span class='ocr_line' id='line_1_6' title="bbox 481 1358 1837 1447; baseline -0.001 -21"><span class='ocrx_word' id='word_1_39' title='bbox 481 1363 537 1426; x_wconf 91' lang='lat' dir='ltr'>vel</span> <span class='ocrx_word' id='word_1_40' title='bbox 552 1362 731 1441; x_wconf 84' lang='lat' dir='ltr'>vacaturis,</span> <span class='ocrx_word' id='word_1_41' title='bbox 738 1360 970 1447; x_wconf 86' lang='lat' dir='ltr'>spectantibus</span> <span class='ocrx_word' id='word_1_42' title='bbox 978 1358 1203 1426; x_wconf 87' lang='lat' dir='ltr'>communiter</span> <span class='ocrx_word' id='word_1_43' title='bbox 1218 1362 1272 1424; x_wconf 87' lang='lat' dir='ltr'>vel</span> <span class='ocrx_word' id='word_1_44' title='bbox 1288 1360 1421 1425; x_wconf 85' lang='lat' dir='ltr'>divisim</span> <span class='ocrx_word' id='word_1_45' title='bbox 1437 1359 1480 1426; x_wconf 88' lang='lat' dir='ltr'>ad</span> <span class='ocrx_word' id='word_1_46' title='bbox 1496 1360 1721 1426; x_wconf 87' lang='lat' dir='ltr'>collationem</span> <span class='ocrx_word' id='word_1_47' title='bbox 1736 1381 1837 1447; x_wconf 83' lang='lat' dir='ltr'>prepo</span> 
     </span>
     <span class='ocr_line' id='line_1_7' title="bbox 481 1462 1837 1550; baseline -0.002 -20"><span class='ocrx_word' id='word_1_48' title='bbox 481 1466 546 1545; x_wconf 89' lang='lat' dir='ltr'>siti,</span> <span class='ocrx_word' id='word_1_49' title='bbox 562 1465 693 1546; x_wconf 87' lang='lat' dir='ltr'>decani,</span> <span class='ocrx_word' id='word_1_50' title='bbox 710 1464 848 1550; x_wconf 90' lang='lat' dir='ltr'>capituli</span> <span class='ocrx_word' id='word_1_51' title='bbox 860 1464 1132 1549; x_wconf 85' lang='lat' dir='ltr'>singulorumque</span> <span class='ocrx_word' id='word_1_52' title='bbox 1147 1463 1388 1530; x_wconf 89' lang='lat' dir='ltr'>canonicorum</span> <span class='ocrx_word' id='word_1_53' title='bbox 1404 1462 1545 1529; x_wconf 83' lang='lat' dir='ltr'>ecclesie</span> <span class='ocrx_word' id='word_1_54' title='bbox 1560 1462 1730 1549; x_wconf 87' lang='lat' dir='ltr'>predicte,</span> <span class='ocrx_word' id='word_1_55' title='bbox 1742 1463 1837 1549; x_wconf 81' lang='lat' dir='ltr'>digne-</span> 
     </span>
     <span class='ocr_line' id='line_1_8' title="bbox 480 1567 1837 1654; baseline 0 -21"><span class='ocrx_word' id='word_1_56' title='bbox 480 1568 563 1633; x_wconf 84' lang='lat' dir='ltr'><strong>mini</strong></span> <span class='ocrx_word' id='word_1_57' title='bbox 590 1569 776 1654; x_wconf 89' lang='lat' dir='ltr'>providere,</span> <span class='ocrx_word' id='word_1_58' title='bbox 803 1590 881 1635; x_wconf 93' lang='lat' dir='ltr'>cum</span> <span class='ocrx_word' id='word_1_59' title='bbox 905 1569 1152 1654; x_wconf 87' lang='lat' dir='ltr'>acceptatione,</span> <span class='ocrx_word' id='word_1_60' title='bbox 1177 1568 1389 1649; x_wconf 87' lang='lat' dir='ltr'>inhibitione,</span> <span class='ocrx_word' id='word_1_61' title='bbox 1407 1576 1484 1648; x_wconf 85' lang='lat' dir='ltr'>etc,</span> <span class='ocrx_word' id='word_1_62' title='bbox 1506 1575 1545 1633; x_wconf 90' lang='lat' dir='ltr'>ut</span> <span class='ocrx_word' id='word_1_63' title='bbox 1568 1568 1602 1632; x_wconf 89' lang='lat' dir='ltr'>in</span> <span class='ocrx_word' id='word_1_64' title='bbox 1620 1567 1761 1646; x_wconf 84' lang='lat' dir='ltr'>forma;</span> <span class='ocrx_word' id='word_1_65' title='bbox 1785 1588 1837 1633; x_wconf 87' lang='lat' dir='ltr'>non</span> 
     </span>
     <span class='ocr_line' id='line_1_9' title="bbox 481 1669 1871 1760; baseline -0.001 -22"><span class='ocrx_word' id='word_1_66' title='bbox 481 1675 567 1738; x_wconf 87' lang='lat' dir='ltr'>obst.</span> <span class='ocrx_word' id='word_1_67' title='bbox 583 1672 674 1756; x_wconf 92' lang='lat' dir='ltr'>quod</span> <span class='ocrx_word' id='word_1_68' title='bbox 688 1672 779 1738; x_wconf 90' lang='lat' dir='ltr'>idem</span> <span class='ocrx_word' id='word_1_69' title='bbox 796 1671 947 1758; x_wconf 88' lang='lat' dir='ltr'>Rogerus</span> <span class='ocrx_word' id='word_1_70' title='bbox 962 1673 1163 1738; x_wconf 91' lang='lat' dir='ltr'>beneficium</span> <span class='ocrx_word' id='word_1_71' title='bbox 1180 1693 1210 1739; x_wconf 94' lang='lat' dir='ltr'>c.</span> <span class='ocrx_word' id='word_1_72' title='bbox 1226 1693 1255 1738; x_wconf 94' lang='lat' dir='ltr'>c.</span> <span class='ocrx_word' id='word_1_73' title='bbox 1272 1674 1326 1737; x_wconf 81' lang='lat' dir='ltr'>vel</span> <span class='ocrx_word' id='word_1_74' title='bbox 1342 1693 1368 1738; x_wconf 90' lang='lat' dir='ltr'>s.</span> <span class='ocrx_word' id='word_1_75' title='bbox 1380 1692 1410 1738; x_wconf 85' lang='lat' dir='ltr'>c</span> <span class='ocrx_word' id='word_1_76' title='bbox 1426 1669 1470 1736; x_wconf 89' lang='lat' dir='ltr'>ad</span> <span class='ocrx_word' id='word_1_77' title='bbox 1486 1671 1710 1737; x_wconf 87' lang='lat' dir='ltr'>collationem</span> <span class='ocrx_word' id='word_1_78' title='bbox 1726 1672 1839 1739; x_wconf 82' lang='lat' dir='ltr'>abbatis</span> <span class='ocrx_word' id='word_1_79' title='bbox 1869 1746 1871 1760; x_wconf 40' lang='grc' dir='ltr'>Ι</span> 
     </span>
     <span class='ocr_line' id='line_1_10' title="bbox 481 1764 1871 1866; baseline 0 -25"><span class='ocrx_word' id='word_1_80' title='bbox 481 1785 516 1842; x_wconf 93' lang='lat' dir='ltr'>et</span> <span class='ocrx_word' id='word_1_81' title='bbox 540 1785 731 1841; x_wconf 88' lang='lat' dir='ltr'>conventus</span> <span class='ocrx_word' id='word_1_82' title='bbox 758 1776 951 1842; x_wconf 84' lang='lat' dir='ltr'>monasterii</span> <span class='ocrx_word' id='word_1_83' title='bbox 978 1775 1011 1840; x_wconf 91' lang='lat' dir='ltr'>S.</span> <span class='ocrx_word' id='word_1_84' title='bbox 1039 1774 1167 1841; x_wconf 87' lang='lat' dir='ltr'>Bertini</span> <span class='ocrx_word' id='word_1_85' title='bbox 1194 1776 1237 1842; x_wconf 90' lang='lat' dir='ltr'>de</span> <span class='ocrx_word' id='word_1_86' title='bbox 1264 1776 1296 1842; x_wconf 88' lang='lat' dir='ltr'>S.</span> <span class='ocrx_word' id='word_1_87' title='bbox 1321 1775 1527 1855; x_wconf 83' lang='lat' dir='ltr'>Andomam,</span> <span class='ocrx_word' id='word_1_88' title='bbox 1555 1773 1732 1842; x_wconf 87' lang='lat' dir='ltr'>Morinen.</span> <span class='ocrx_word' id='word_1_89' title='bbox 1757 1776 1839 1841; x_wconf 88' lang='lat' dir='ltr'>dioc.</span> <span class='ocrx_word' id='word_1_90' title='bbox 1869 1764 1871 1866; x_wconf 63' lang='lat' dir='ltr'>j</span> 
     </span>
     <span class='ocr_line' id='line_1_11' title="bbox 481 1878 1871 1970; baseline 0.001 -29"><span class='ocrx_word' id='word_1_91' title='bbox 481 1887 641 1943; x_wconf 89' lang='lat' dir='ltr'>noscatur</span> <span class='ocrx_word' id='word_1_92' title='bbox 657 1887 847 1963; x_wconf 84' lang='lat' dir='ltr'>expectare.</span> <span class='ocrx_word' id='word_1_93' title='bbox 863 1919 907 1928; x_wconf 98' lang='lat'>—</span> <span class='ocrx_word' id='word_1_94' title='bbox 923 1879 999 1944; x_wconf 88' lang='lat' dir='ltr'>Fiat</span> <span class='ocrx_word' id='word_1_95' title='bbox 1014 1878 1057 1944; x_wconf 91' lang='lat' dir='ltr'>de</span> <span class='ocrx_word' id='word_1_96' title='bbox 1073 1878 1173 1944; x_wconf 88' lang='lat' dir='ltr'>dictis</span> <span class='ocrx_word' id='word_1_97' title='bbox 1188 1900 1261 1944; x_wconf 89' lang='lat' dir='ltr'>can.</span> <span class='ocrx_word' id='word_1_98' title='bbox 1278 1888 1313 1944; x_wconf 87' lang='lat' dir='ltr'>et</span> <span class='ocrx_word' id='word_1_99' title='bbox 1329 1882 1421 1964; x_wconf 87' lang='lat' dir='ltr'>preb.</span> <span class='ocrx_word' id='word_1_100' title='bbox 1437 1878 1478 1943; x_wconf 91' lang='lat' dir='ltr'>R.</span> <span class='ocrx_word' id='word_1_101' title='bbox 1869 1880 1871 1970; x_wconf 81' lang='lat' dir='ltr'>l</span> 
     </span>
    </p>

    <p class='ocr_par' dir='ltr' id='par_1_3' title="bbox 526 1973 1871 2068">
     <span class='ocr_line' id='line_1_12' title="bbox 526 1973 1871 2068; baseline 0.004 -21"><span class='ocrx_word' id='word_1_102' title='bbox 526 1982 605 2047; x_wconf 87' lang='lat' dir='ltr'>Dat.</span> <span class='ocrx_word' id='word_1_103' title='bbox 620 1983 721 2047; x_wconf 81' lang='lat' dir='ltr'>Avin.</span> <span class='ocrx_word' id='word_1_104' title='bbox 740 2005 756 2048; x_wconf 94' lang='lat'><em>2</em></span> <span class='ocrx_word' id='word_1_105' title='bbox 774 2005 854 2050; x_wconf 91' lang='lat' dir='ltr'>non.</span> <span class='ocrx_word' id='word_1_106' title='bbox 871 1984 951 2049; x_wconf 83' lang='lat' dir='ltr'>febr.</span> <span class='ocrx_word' id='word_1_107' title='bbox 967 1992 1000 2048; x_wconf 89' lang='lat' dir='ltr'>a⁰</span> <span class='ocrx_word' id='word_1_108' title='bbox 1016 1991 1059 2064; x_wconf 88' lang='lat'>9⁰.</span> <span class='ocrx_word' id='word_1_109' title='bbox 1077 1985 1154 2067; x_wconf 90' lang='lat'>(20,</span> <span class='ocrx_word' id='word_1_110' title='bbox 1171 1985 1241 2068; x_wconf 87' lang='lat'><strong>48).</strong></span> <span class='ocrx_word' id='word_1_111' title='bbox 1869 1973 1871 1994; x_wconf 61' lang='lat'><em>⁵</em></span> 
     </span>
    </p>
   </div>
   <div class='ocr_carea' id='block_1_3' title="bbox 483 2137 1871 2547">
    <p class='ocr_par' dir='ltr' id='par_1_4' title="bbox 533 2137 1807 2240">
     <span class='ocr_line' id='line_1_13' title="bbox 533 2137 1807 2240; baseline 0.002 -24"><span class='ocrx_word' id='word_1_112' title='bbox 533 2137 679 2219; x_wconf 84' lang='grc'><strong>2147.</strong></span> <span class='ocrx_word' id='word_1_113' title='bbox 1152 2228 1154 2231; x_wconf 36' lang='grc'><strong>,</strong></span> <span class='ocrx_word' id='word_1_114' title='bbox 1500 2167 1596 2235; x_wconf 81' lang='lat'>1351,</span> <span class='ocrx_word' id='word_1_115' title='bbox 1613 2152 1807 2240; x_wconf 67' lang='lat' dir='ltr'>rrsevrr‘er.</span> 
     </span>
    </p>

    <p class='ocr_par' dir='ltr' id='par_1_5' title="bbox 483 2252 1871 2547">
     <span class='ocr_line' id='line_1_14' title="bbox 526 2252 1871 2341; baseline 0.001 -22"><span class='ocrx_word' id='word_1_116' title='bbox 526 2256 581 2319; x_wconf 64' lang='lat'>8¹¹*</span> <span class='ocrx_word' id='word_1_117' title='bbox 598 2254 708 2320; x_wconf 90' lang='lat' dir='ltr'>Pater.</span> <span class='ocrx_word' id='word_1_118' title='bbox 725 2253 795 2340; x_wconf 78' lang='lat' dir='ltr'>[Ad</span> <span class='ocrx_word' id='word_1_119' title='bbox 810 2254 1091 2340; x_wconf 89' lang='lat' dir='ltr'>supplicationem</span> <span class='ocrx_word' id='word_1_120' title='bbox 1107 2254 1256 2341; x_wconf 90' lang='lat' dir='ltr'>episcopi</span> <span class='ocrx_word' id='word_1_121' title='bbox 1273 2253 1489 2320; x_wconf 87' lang='lat' dir='ltr'>Vasionensis</span> <span class='ocrx_word' id='word_1_122' title='bbox 1500 2252 1528 2340; x_wconf 84' lang='lat'>¹]</span> <span class='ocrx_word' id='word_1_123' title='bbox 1546 2254 1730 2339; x_wconf 87' lang='lat' dir='ltr'>providere</span> <span class='ocrx_word' id='word_1_124' title='bbox 1740 2254 1839 2340; x_wconf 78' lang='lat' dir='ltr'>digne</span> <span class='ocrx_word' id='word_1_125' title='bbox 1869 2253 1871 2304; x_wconf 68' lang='grc' dir='ltr'><strong>ἓ</strong></span> 
     </span>
     <span class='ocr_line' id='line_1_15' title="bbox 483 2355 1839 2443; baseline 0.001 -22"><span class='ocrx_word' id='word_1_126' title='bbox 483 2358 565 2422; x_wconf 92' lang='lat' dir='ltr'>mini</span> <span class='ocrx_word' id='word_1_127' title='bbox 580 2358 787 2443; x_wconf 87' lang='lat' dir='ltr'>procuratori</span> <span class='ocrx_word' id='word_1_128' title='bbox 814 2378 875 2424; x_wconf 90' lang='lat' dir='ltr'>suo</span> <span class='ocrx_word' id='word_1_129' title='bbox 891 2357 1131 2424; x_wconf 87' lang='lat' dir='ltr'>Bartholomeo</span> <span class='ocrx_word' id='word_1_130' title='bbox 1156 2357 1303 2423; x_wconf 89' lang='lat' dir='ltr'>Mailleti</span> <span class='ocrx_word' id='word_1_131' title='bbox 1313 2369 1334 2438; x_wconf 82' lang='lat'>³,</span> <span class='ocrx_word' id='word_1_132' title='bbox 1362 2357 1485 2423; x_wconf 91' lang='lat' dir='ltr'>clerico</span> <span class='ocrx_word' id='word_1_133' title='bbox 1508 2357 1596 2424; x_wconf 92' lang='lat' dir='ltr'>dioc.</span> <span class='ocrx_word' id='word_1_134' title='bbox 1621 2355 1839 2439; x_wconf 81' lang='lat' dir='ltr'>Leodien.,de</span> 
     </span>
     <span class='ocr_line' id='line_1_16' title="bbox 484 2460 1839 2547; baseline 0.001 -21"><span class='ocrx_word' id='word_1_135' title='bbox 484 2482 558 2527; x_wconf 91' lang='lat' dir='ltr'>can.</span> <span class='ocrx_word' id='word_1_136' title='bbox 574 2470 609 2526; x_wconf 87' lang='lat' dir='ltr'>et</span> <span class='ocrx_word' id='word_1_137' title='bbox 625 2464 718 2547; x_wconf 86' lang='lat' dir='ltr'>preb.</span> <span class='ocrx_word' id='word_1_138' title='bbox 735 2461 925 2543; x_wconf 75' lang='lat' dir='ltr'>vasionen,</span> <span class='ocrx_word' id='word_1_139' title='bbox 940 2484 1010 2528; x_wconf 90' lang='lat' dir='ltr'>non</span> <span class='ocrx_word' id='word_1_140' title='bbox 1027 2466 1114 2529; x_wconf 85' lang='lat' dir='ltr'>obst.</span> <span class='ocrx_word' id='word_1_141' title='bbox 1140 2462 1233 2547; x_wconf 91' lang='lat' dir='ltr'>quod</span> <span class='ocrx_word' id='word_1_142' title='bbox 1248 2462 1282 2527; x_wconf 90' lang='lat' dir='ltr'>in</span> <span class='ocrx_word' id='word_1_143' title='bbox 1298 2462 1392 2528; x_wconf 92' lang='lat' dir='ltr'>dicto</span> <span class='ocrx_word' id='word_1_144' title='bbox 1414 2461 1577 2527; x_wconf 86' lang='lat' dir='ltr'>Leodien.</span> <span class='ocrx_word' id='word_1_145' title='bbox 1592 2460 1683 2529; x_wconf 91' lang='lat' dir='ltr'>dioc.</span> <span class='ocrx_word' id='word_1_146' title='bbox 1699 2464 1801 2529; x_wconf 86' lang='lat' dir='ltr'>altare</span> <span class='ocrx_word' id='word_1_147' title='bbox 1811 2469 1839 2527; x_wconf 81' lang='lat' dir='ltr'>et</span> 
     </span>
    </p>
   </div>
   <div class='ocr_carea' id='block_1_4' title="bbox 485 2565 1213 2754">
    <p class='ocr_par' dir='ltr' id='par_1_6' title="bbox 485 2565 1213 2754">
     <span class='ocr_line' id='line_1_17' title="bbox 485 2565 1204 2650; baseline 0.003 -20"><span class='ocrx_word' id='word_1_148' title='bbox 485 2566 648 2650; x_wconf 86' lang='lat' dir='ltr'>capellan.</span> <span class='ocrx_word' id='word_1_149' title='bbox 666 2566 815 2631; x_wconf 88' lang='lat' dir='ltr'>noscitur</span> <span class='ocrx_word' id='word_1_150' title='bbox 830 2567 991 2631; x_wconf 83' lang='lat' dir='ltr'>obtinere.</span> <span class='ocrx_word' id='word_1_151' title='bbox 1008 2605 1050 2616; x_wconf 88' lang='lat'>—·</span> <span class='ocrx_word' id='word_1_152' title='bbox 1068 2566 1145 2632; x_wconf 83' lang='lat' dir='ltr'>Fiat</span> <span class='ocrx_word' id='word_1_153' title='bbox 1164 2565 1204 2632; x_wconf 91' lang='lat' dir='ltr'>R.</span> 
     </span>
     <span class='ocr_line' id='line_1_18' title="bbox 529 2668 1213 2754; baseline 0.003 -21"><span class='ocrx_word' id='word_1_154' title='bbox 529 2668 608 2735; x_wconf 88' lang='lat' dir='ltr'>Dat.</span> <span class='ocrx_word' id='word_1_155' title='bbox 624 2669 726 2733; x_wconf 80' lang='lat' dir='ltr'>Avin.</span> <span class='ocrx_word' id='word_1_156' title='bbox 744 2690 762 2754; x_wconf 85' lang='lat'>3</span> <span class='ocrx_word' id='word_1_157' title='bbox 779 2669 823 2736; x_wconf 92' lang='lat' dir='ltr'>id.</span> <span class='ocrx_word' id='word_1_158' title='bbox 839 2669 920 2735; x_wconf 88' lang='lat' dir='ltr'>febr.</span> <span class='ocrx_word' id='word_1_159' title='bbox 935 2676 969 2735; x_wconf 91' lang='lat' dir='ltr'>a⁰</span> <span class='ocrx_word' id='word_1_160' title='bbox 986 2677 1028 2748; x_wconf 84' lang='lat'>9⁰.</span> <span class='ocrx_word' id='word_1_161' title='bbox 1045 2670 1123 2752; x_wconf 85' lang='lat'>(20,</span> <span class='ocrx_word' id='word_1_162' title='bbox 1142 2670 1213 2754; x_wconf 84' lang='lat'><strong>47).</strong></span> 
     </span>
    </p>
   </div>
   <div class='ocr_carea' id='block_1_5' title="bbox 487 2824 1834 3442">
    <p class='ocr_par' dir='ltr' id='par_1_7' title="bbox 537 2824 1804 2930">
     <span class='ocr_line' id='line_1_19' title="bbox 537 2824 1804 2930; baseline 0 -25"><span class='ocrx_word' id='word_1_163' title='bbox 537 2824 683 2906; x_wconf 83' lang='lat'><strong>2148.</strong></span> <span class='ocrx_word' id='word_1_164' title='bbox 1501 2861 1597 2925; x_wconf 75' lang='lat'>1551,</span> <span class='ocrx_word' id='word_1_165' title='bbox 1615 2842 1804 2930; x_wconf 62' lang='lat' dir='ltr'>17sevrier.</span> 
     </span>
    </p>

    <p class='ocr_par' dir='ltr' id='par_1_8' title="bbox 487 2942 1834 3339">
     <span class='ocr_line' id='line_1_20' title="bbox 529 2942 1834 3033; baseline 0.001 -25"><span class='ocrx_word' id='word_1_166' title='bbox 529 2944 644 3030; x_wconf 94' lang='lat' dir='ltr'>Suppl.</span> <span class='ocrx_word' id='word_1_167' title='bbox 671 2942 853 3024; x_wconf 85' lang='lat' dir='ltr'>Johannes,</span> <span class='ocrx_word' id='word_1_168' title='bbox 880 2964 937 3008; x_wconf 86' lang='lat' dir='ltr'>rex</span> <span class='ocrx_word' id='word_1_169' title='bbox 966 2943 1183 3025; x_wconf 87' lang='lat' dir='ltr'>Francorum,</span> <span class='ocrx_word' id='word_1_170' title='bbox 1209 2954 1300 3030; x_wconf 88' lang='lat' dir='ltr'>quat.</span> <span class='ocrx_word' id='word_1_171' title='bbox 1324 2945 1501 3031; x_wconf 91' lang='lat' dir='ltr'>Amulpho</span> <span class='ocrx_word' id='word_1_172' title='bbox 1523 2944 1566 3010; x_wconf 88' lang='lat' dir='ltr'>de</span> <span class='ocrx_word' id='word_1_173' title='bbox 1583 2942 1834 3033; x_wconf 83' lang='lat' dir='ltr'>Magnoponte⁴‚</span> 
     </span>
     <span class='ocr_line' id='line_1_21' title="bbox 488 3046 1833 3133; baseline -0.001 -20"><span class='ocrx_word' id='word_1_174' title='bbox 488 3048 665 3133; x_wconf 89' lang='lat' dir='ltr'>capellano</span> <span class='ocrx_word' id='word_1_175' title='bbox 698 3067 768 3127; x_wconf 88' lang='lat' dir='ltr'>suu,</span> <span class='ocrx_word' id='word_1_176' title='bbox 799 3046 934 3113; x_wconf 90' lang='lat' dir='ltr'>decan.</span> <span class='ocrx_word' id='word_1_177' title='bbox 957 3057 993 3112; x_wconf 88' lang='lat' dir='ltr'>et</span> <span class='ocrx_word' id='word_1_178' title='bbox 1008 3052 1101 3133; x_wconf 92' lang='lat' dir='ltr'>preb.</span> <span class='ocrx_word' id='word_1_179' title='bbox 1128 3049 1270 3114; x_wconf 87' lang='lat' dir='ltr'>ecclesie</span> <span class='ocrx_word' id='word_1_180' title='bbox 1286 3050 1318 3115; x_wconf 88' lang='lat' dir='ltr'>S.</span> <span class='ocrx_word' id='word_1_181' title='bbox 1334 3048 1509 3133; x_wconf 88' lang='lat' dir='ltr'>Gaugerici</span> <span class='ocrx_word' id='word_1_182' title='bbox 1535 3046 1757 3115; x_wconf 88' lang='lat' dir='ltr'>Cameracen.</span> <span class='ocrx_word' id='word_1_183' title='bbox 1779 3065 1833 3112; x_wconf 83' lang='lat' dir='ltr'>vac</span> 
     </span>
     <span class='ocr_line' id='line_1_22' title="bbox 487 3147 1831 3238; baseline -0.003 -23"><span class='ocrx_word' id='word_1_184' title='bbox 487 3171 546 3236; x_wconf 90' lang='lat' dir='ltr'>per</span> <span class='ocrx_word' id='word_1_185' title='bbox 561 3153 615 3216; x_wconf 95' lang='lat' dir='ltr'>ob.</span> <span class='ocrx_word' id='word_1_186' title='bbox 632 3149 772 3215; x_wconf 88' lang='lat' dir='ltr'>Walteri</span> <span class='ocrx_word' id='word_1_187' title='bbox 798 3149 840 3214; x_wconf 94' lang='lat' dir='ltr'>de</span> <span class='ocrx_word' id='word_1_188' title='bbox 868 3149 1068 3234; x_wconf 86' lang='lat' dir='ltr'>Crepicorde</span> <span class='ocrx_word' id='word_1_189' title='bbox 1096 3160 1191 3216; x_wconf 83' lang='lat' dir='ltr'>extra</span> <span class='ocrx_word' id='word_1_190' title='bbox 1220 3151 1318 3216; x_wconf 93' lang='lat' dir='ltr'>Rom.</span> <span class='ocrx_word' id='word_1_191' title='bbox 1346 3153 1470 3217; x_wconf 85' lang='lat' dir='ltr'>curiam</span> <span class='ocrx_word' id='word_1_192' title='bbox 1496 3152 1647 3217; x_wconf 85' lang='lat' dir='ltr'>defuncti</span> <span class='ocrx_word' id='word_1_193' title='bbox 1671 3147 1831 3238; x_wconf 88' lang='lat' dir='ltr'>dignemini</span> 
     </span>
     <span class='ocr_line' id='line_1_23' title="bbox 489 3252 893 3339; baseline 0 -22"><span class='ocrx_word' id='word_1_194' title='bbox 489 3254 675 3339; x_wconf 85' lang='lat' dir='ltr'>providere.</span> <span class='ocrx_word' id='word_1_195' title='bbox 691 3294 735 3303; x_wconf 92' lang='lat'>—</span> <span class='ocrx_word' id='word_1_196' title='bbox 751 3252 829 3317; x_wconf 89' lang='lat' dir='ltr'>Fiat</span> <span class='ocrx_word' id='word_1_197' title='bbox 853 3252 893 3317; x_wconf 92' lang='lat' dir='ltr'>R.</span> 
     </span>
    </p>

    <p class='ocr_par' dir='ltr' id='par_1_9' title="bbox 534 3355 1320 3442">
     <span class='ocr_line' id='line_1_24' title="bbox 534 3355 1320 3442; baseline 0.004 -22"><span class='ocrx_word' id='word_1_198' title='bbox 534 3357 612 3421; x_wconf 86' lang='lat' dir='ltr'>Dat.</span> <span class='ocrx_word' id='word_1_199' title='bbox 636 3357 734 3421; x_wconf 79' lang='lat' dir='ltr'>Avin.</span> <span class='ocrx_word' id='word_1_200' title='bbox 763 3377 799 3439; x_wconf 81' lang='lat'>13</span> <span class='ocrx_word' id='word_1_201' title='bbox 816 3355 883 3421; x_wconf 87' lang='lat' dir='ltr'>kal.</span> <span class='ocrx_word' id='word_1_202' title='bbox 899 3358 1011 3422; x_wconf 86' lang='lat' dir='ltr'>martii</span> <span class='ocrx_word' id='word_1_203' title='bbox 1028 3366 1061 3422; x_wconf 90' lang='lat' dir='ltr'>a⁰</span> <span class='ocrx_word' id='word_1_204' title='bbox 1085 3366 1127 3437; x_wconf 88' lang='lat'>9⁰.</span> <span class='ocrx_word' id='word_1_205' title='bbox 1144 3359 1220 3442; x_wconf 88' lang='lat'>(20,</span> <span class='ocrx_word' id='word_1_206' title='bbox 1237 3360 1320 3442; x_wconf 73' lang='lat'><strong>48&#39;).</strong></span> 
     </span>
    </p>
   </div>
   <div class='ocr_carea' id='block_1_6' title="bbox 490 3507 1871 3924">
    <p class='ocr_par' dir='ltr' id='par_1_10' title="bbox 543 3507 1871 3619">
     <span class='ocr_line' id='line_1_25' title="bbox 543 3507 1871 3613; baseline -0.002 -20"><span class='ocrx_word' id='word_1_207' title='bbox 543 3512 687 3596; x_wconf 82' lang='grc'>2149.</span> <span class='ocrx_word' id='word_1_208' title='bbox 1507 3545 1602 3609; x_wconf 75' lang='lat'>1351,</span> <span class='ocrx_word' id='word_1_209' title='bbox 1620 3528 1798 3613; x_wconf 76' lang='lat' dir='ltr'>aafe‘orier.</span> <span class='ocrx_word' id='word_1_210' title='bbox 1867 3507 1871 3513; x_wconf 51' lang='grc'>’</span> 
     </span>
    </p>

    <p class='ocr_par' dir='ltr' id='par_1_11' title="bbox 490 3624 1823 3924">
     <span class='ocr_line' id='line_1_26' title="bbox 534 3624 1823 3717; baseline -0.002 -22"><span class='ocrx_word' id='word_1_211' title='bbox 534 3632 636 3717; x_wconf 90' lang='lat' dir='ltr'>Supp.</span> <span class='ocrx_word' id='word_1_212' title='bbox 653 3630 884 3714; x_wconf 74' lang='lat' dir='ltr'>Gluillelmus)</span> <span class='ocrx_word' id='word_1_213' title='bbox 902 3630 1043 3695; x_wconf 88' lang='lat' dir='ltr'>Duranti</span> <span class='ocrx_word' id='word_1_214' title='bbox 1057 3648 1079 3708; x_wconf 79' lang='lat'>⁵,</span> <span class='ocrx_word' id='word_1_215' title='bbox 1096 3639 1187 3713; x_wconf 87' lang='lat' dir='ltr'>quat.</span> <span class='ocrx_word' id='word_1_216' title='bbox 1216 3629 1321 3715; x_wconf 86' lang='lat' dir='ltr'>[mag.</span> <span class='ocrx_word' id='word_1_217' title='bbox 1342 3628 1489 3706; x_wconf 90' lang='lat' dir='ltr'>Johanni</span> <span class='ocrx_word' id='word_1_218' title='bbox 1512 3629 1631 3711; x_wconf 90' lang='lat' dir='ltr'>Rubei,</span> <span class='ocrx_word' id='word_1_219' title='bbox 1655 3624 1823 3716; x_wconf 70' lang='lat' dir='ltr'>scriptoris</span> 
     </span>
     <span class='ocr_line' id='line_1_27' title="bbox 491 3730 1823 3821; baseline 0 -23"><span class='ocrx_word' id='word_1_220' title='bbox 491 3736 541 3817; x_wconf 74' lang='lat' dir='ltr'>V,</span> <span class='ocrx_word' id='word_1_221' title='bbox 558 3736 600 3802; x_wconf 90' lang='lat' dir='ltr'>de</span> <span class='ocrx_word' id='word_1_222' title='bbox 616 3736 752 3821; x_wconf 86' lang='lat' dir='ltr'>paroch.</span> <span class='ocrx_word' id='word_1_223' title='bbox 779 3736 861 3801; x_wconf 92' lang='lat' dir='ltr'>eccl.</span> <span class='ocrx_word' id='word_1_224' title='bbox 885 3736 916 3800; x_wconf 87' lang='lat' dir='ltr'>S.</span> <span class='ocrx_word' id='word_1_225' title='bbox 935 3735 1076 3800; x_wconf 92' lang='lat' dir='ltr'>Dionisii</span> <span class='ocrx_word' id='word_1_226' title='bbox 1100 3735 1133 3798; x_wconf 90' lang='lat' dir='ltr'>in</span> <span class='ocrx_word' id='word_1_227' title='bbox 1157 3735 1190 3799; x_wconf 88' lang='lat' dir='ltr'>S.</span> <span class='ocrx_word' id='word_1_228' title='bbox 1213 3734 1416 3814; x_wconf 84' lang='lat' dir='ltr'>Audomaro,</span> <span class='ocrx_word' id='word_1_229' title='bbox 1444 3733 1612 3800; x_wconf 91' lang='lat' dir='ltr'>Morinen.</span> <span class='ocrx_word' id='word_1_230' title='bbox 1639 3734 1737 3814; x_wconf 81' lang='lat' dir='ltr'>dioc,</span> <span class='ocrx_word' id='word_1_231' title='bbox 1760 3730 1823 3813; x_wconf 64' lang='lat' dir='ltr'>cujus</span> 
     </span>
     <span class='ocr_line' id='line_1_28' title="bbox 490 3831 1822 3924; baseline -0.006 -20"><span class='ocrx_word' id='word_1_232' title='bbox 490 3841 655 3907; x_wconf 78' lang='lat' dir='ltr'>fructus..</span> <span class='ocrx_word' id='word_1_233' title='bbox 676 3846 716 3906; x_wconf 91' lang='lat'>60</span> <span class='ocrx_word' id='word_1_234' title='bbox 732 3841 788 3906; x_wconf 90' lang='lat' dir='ltr'>lib.</span> <span class='ocrx_word' id='word_1_235' title='bbox 804 3839 928 3905; x_wconf 87' lang='lat' dir='ltr'>Turon.</span> <span class='ocrx_word' id='word_1_236' title='bbox 939 3841 1036 3923; x_wconf 93' lang='lat' dir='ltr'>[non]</span> <span class='ocrx_word' id='word_1_237' title='bbox 1048 3840 1210 3905; x_wconf 87' lang='lat' dir='ltr'>excedere</span> <span class='ocrx_word' id='word_1_238' title='bbox 1226 3838 1454 3918; x_wconf 89' lang='lat' dir='ltr'>dinoscuntur,</span> <span class='ocrx_word' id='word_1_239' title='bbox 1467 3859 1542 3904; x_wconf 92' lang='lat' dir='ltr'>vac.</span> <span class='ocrx_word' id='word_1_240' title='bbox 1557 3859 1617 3924; x_wconf 91' lang='lat' dir='ltr'>per</span> <span class='ocrx_word' id='word_1_241' title='bbox 1634 3839 1709 3917; x_wconf 91' lang='lat' dir='ltr'>ob.J</span> <span class='ocrx_word' id='word_1_242' title='bbox 1713 3831 1822 3904; x_wconf 83' lang='lat' dir='ltr'>ohannis</span> 
     </span>
    </p>
   </div>
   <div class='ocr_carea' id='block_1_7' title="bbox 488 3941 1245 4131">
    <p class='ocr_par' dir='ltr' id='par_1_12' title="bbox 488 3941 1245 4131">
     <span class='ocr_line' id='line_1_29' title="bbox 488 3941 1243 4030; baseline -0.005 -21"><span class='ocrx_word' id='word_1_243' title='bbox 488 3946 636 4025; x_wconf 82' lang='lat' dir='ltr'>Austais,</span> <span class='ocrx_word' id='word_1_244' title='bbox 653 3944 835 4028; x_wconf 85' lang='lat' dir='ltr'>dignemini</span> <span class='ocrx_word' id='word_1_245' title='bbox 848 3944 1034 4030; x_wconf 88' lang='lat' dir='ltr'>providere.</span> <span class='ocrx_word' id='word_1_246' title='bbox 1050 3978 1091 3989; x_wconf 90' lang='lat'>-</span> <span class='ocrx_word' id='word_1_247' title='bbox 1110 3942 1186 4007; x_wconf 87' lang='lat' dir='ltr'>Fiat</span> <span class='ocrx_word' id='word_1_248' title='bbox 1204 3941 1243 4005; x_wconf 91' lang='lat' dir='ltr'>R.</span> 
     </span>
     <span class='ocr_line' id='line_1_30' title="bbox 533 4047 1245 4131; baseline -0.004 -17"><span class='ocrx_word' id='word_1_249' title='bbox 533 4049 610 4114; x_wconf 88' lang='lat' dir='ltr'>Dat.</span> <span class='ocrx_word' id='word_1_250' title='bbox 627 4048 725 4113; x_wconf 81' lang='lat' dir='ltr'>Avin.</span> <span class='ocrx_word' id='word_1_251' title='bbox 742 4050 760 4112; x_wconf 90' lang='lat'>8</span> <span class='ocrx_word' id='word_1_252' title='bbox 777 4047 845 4112; x_wconf 88' lang='lat' dir='ltr'>kal.</span> <span class='ocrx_word' id='word_1_253' title='bbox 861 4056 958 4112; x_wconf 90' lang='lat' dir='ltr'>mart.</span> <span class='ocrx_word' id='word_1_254' title='bbox 971 4055 1004 4112; x_wconf 93' lang='lat' dir='ltr'>a⁰</span> <span class='ocrx_word' id='word_1_255' title='bbox 1022 4054 1064 4126; x_wconf 84' lang='lat'>9⁰.</span> <span class='ocrx_word' id='word_1_256' title='bbox 1082 4047 1159 4131; x_wconf 88' lang='lat'>(20,</span> <span class='ocrx_word' id='word_1_257' title='bbox 1178 4047 1245 4129; x_wconf 77' lang='lat'><strong>51).</strong></span> 
     </span>
    </p>
   </div>
   <div class='ocr_carea' id='block_1_8' title="bbox 534 4203 1819 4404">
    <p class='ocr_par' dir='ltr' id='par_1_13' title="bbox 534 4203 1819 4404">
     <span class='ocr_line' id='line_1_31' title="bbox 542 4203 1793 4298; baseline -0.006 -16"><span class='ocrx_word' id='word_1_258' title='bbox 542 4203 685 4285; x_wconf 88' lang='lat'><strong>2150.</strong></span> <span class='ocrx_word' id='word_1_259' title='bbox 1534 4232 1630 4295; x_wconf 70' lang='lat'><em>1551,</em></span> <span class='ocrx_word' id='word_1_260' title='bbox 1644 4234 1690 4298; x_wconf 75' lang='lat'>30</span> <span class='ocrx_word' id='word_1_261' title='bbox 1707 4231 1793 4277; x_wconf 69' lang='lat' dir='ltr'>inari.</span> 
     </span>
     <span class='ocr_line' id='line_1_32' title="bbox 534 4308 1819 4404; baseline -0.009 -20"><span class='ocrx_word' id='word_1_262' title='bbox 534 4322 623 4404; x_wconf 85' lang='lat' dir='ltr'>Sign.</span> <span class='ocrx_word' id='word_1_263' title='bbox 651 4318 839 4384; x_wconf 89' lang='lat' dir='ltr'>Bernardus</span> <span class='ocrx_word' id='word_1_264' title='bbox 854 4319 896 4383; x_wconf 92' lang='lat' dir='ltr'>de</span> <span class='ocrx_word' id='word_1_265' title='bbox 915 4318 1051 4403; x_wconf 82' lang='lat' dir='ltr'>Eygher</span> <span class='ocrx_word' id='word_1_266' title='bbox 1067 4319 1079 4356; x_wconf 90' lang='lat'><strong>⁶</strong></span> <span class='ocrx_word' id='word_1_267' title='bbox 1095 4318 1185 4402; x_wconf 89' lang='lat' dir='ltr'>quod</span> <span class='ocrx_word' id='word_1_268' title='bbox 1213 4319 1297 4383; x_wconf 87' lang='lat' dir='ltr'>alias</span> <span class='ocrx_word' id='word_1_269' title='bbox 1322 4320 1464 4382; x_wconf 86' lang='lat' dir='ltr'>vacabat</span> <span class='ocrx_word' id='word_1_270' title='bbox 1489 4338 1564 4382; x_wconf 85' lang='lat' dir='ltr'>can.</span> <span class='ocrx_word' id='word_1_271' title='bbox 1592 4326 1627 4381; x_wconf 90' lang='lat' dir='ltr'>et</span> <span class='ocrx_word' id='word_1_272' title='bbox 1655 4321 1743 4403; x_wconf 88' lang='lat' dir='ltr'>preb.</span> <span class='ocrx_word' id='word_1_273' title='bbox 1765 4308 1819 4378; x_wconf 87' lang='lat' dir='ltr'>eccl.</span> 
     </span>
    </p>
   </div>
   <div class='ocr_carea' id='block_1_9' title="bbox 488 4416 1820 4922">
    <p class='ocr_par' dir='ltr' id='par_1_14' title="bbox 488 4416 1820 4922">
     <span class='ocr_line' id='line_1_33' title="bbox 490 4416 1819 4507; baseline -0.007 -19"><span class='ocrx_word' id='word_1_274' title='bbox 490 4425 521 4490; x_wconf 88' lang='lat' dir='ltr'>S.</span> <span class='ocrx_word' id='word_1_275' title='bbox 542 4423 679 4488; x_wconf 89' lang='lat' dir='ltr'>Martini</span> <span class='ocrx_word' id='word_1_276' title='bbox 696 4422 888 4502; x_wconf 88' lang='lat' dir='ltr'>Ruccensis,</span> <span class='ocrx_word' id='word_1_277' title='bbox 905 4420 1063 4487; x_wconf 90' lang='lat' dir='ltr'>Leodien.</span> <span class='ocrx_word' id='word_1_278' title='bbox 1080 4421 1177 4501; x_wconf 74' lang='lat' dir='ltr'>dioc,</span> <span class='ocrx_word' id='word_1_279' title='bbox 1199 4431 1276 4507; x_wconf 87' lang='lat' dir='ltr'>post</span> <span class='ocrx_word' id='word_1_280' title='bbox 1297 4430 1440 4487; x_wconf 89' lang='lat' dir='ltr'>mortem</span> <span class='ocrx_word' id='word_1_281' title='bbox 1466 4420 1660 4504; x_wconf 82' lang='lat' dir='ltr'>Engelberti</span> <span class='ocrx_word' id='word_1_282' title='bbox 1687 4421 1728 4487; x_wconf 93' lang='lat' dir='ltr'>de</span> <span class='ocrx_word' id='word_1_283' title='bbox 1753 4416 1819 4483; x_wconf 76' lang='lat' dir='ltr'>nin.</span> 
     </span>
     <span class='ocr_line' id='line_1_34' title="bbox 489 4514 1820 4612; baseline -0.008 -20"><span class='ocrx_word' id='word_1_284' title='bbox 489 4528 545 4612; x_wconf 91' lang='lat' dir='ltr'>qui</span> <span class='ocrx_word' id='word_1_285' title='bbox 562 4536 655 4592; x_wconf 85' lang='lat' dir='ltr'>extra</span> <span class='ocrx_word' id='word_1_286' title='bbox 672 4525 770 4592; x_wconf 91' lang='lat' dir='ltr'>Rom.</span> <span class='ocrx_word' id='word_1_287' title='bbox 782 4526 907 4591; x_wconf 87' lang='lat' dir='ltr'>curiam</span> <span class='ocrx_word' id='word_1_288' title='bbox 922 4526 1011 4590; x_wconf 88' lang='lat' dir='ltr'>diem</span> <span class='ocrx_word' id='word_1_289' title='bbox 1022 4525 1139 4590; x_wconf 86' lang='lat' dir='ltr'>clausit</span> <span class='ocrx_word' id='word_1_290' title='bbox 1150 4534 1348 4603; x_wconf 85' lang='lat' dir='ltr'>extremum,</span> <span class='ocrx_word' id='word_1_291' title='bbox 1364 4524 1407 4588; x_wconf 94' lang='lat' dir='ltr'>de</span> <span class='ocrx_word' id='word_1_292' title='bbox 1423 4524 1541 4607; x_wconf 86' lang='lat' dir='ltr'>quibus</span> <span class='ocrx_word' id='word_1_293' title='bbox 1556 4524 1669 4589; x_wconf 92' lang='lat' dir='ltr'>eidem</span> <span class='ocrx_word' id='word_1_294' title='bbox 1680 4514 1820 4588; x_wconf 81' lang='lat' dir='ltr'>Bemardo</span> 
     </span>
     <span class='ocr_line' id='line_1_35' title="bbox 488 4627 1818 4716; baseline -0.005 -21"><span class='ocrx_word' id='word_1_295' title='bbox 488 4631 550 4696; x_wconf 86' lang='lat' dir='ltr'>fuit</span> <span class='ocrx_word' id='word_1_296' title='bbox 567 4631 736 4716; x_wconf 79' lang='lat' dir='ltr'>provisum</span> <span class='ocrx_word' id='word_1_297' title='bbox 752 4650 811 4715; x_wconf 89' lang='lat' dir='ltr'>per</span> <span class='ocrx_word' id='word_1_298' title='bbox 824 4628 906 4694; x_wconf 79' lang='lat' dir='ltr'>Rev.</span> <span class='ocrx_word' id='word_1_299' title='bbox 918 4629 951 4693; x_wconf 90' lang='lat' dir='ltr'>in</span> <span class='ocrx_word' id='word_1_300' title='bbox 959 4628 1092 4694; x_wconf 86' lang='lat' dir='ltr'>Christo</span> <span class='ocrx_word' id='word_1_301' title='bbox 1105 4630 1239 4695; x_wconf 90' lang='lat' dir='ltr'>Patrem</span> <span class='ocrx_word' id='word_1_302' title='bbox 1253 4629 1473 4694; x_wconf 90' lang='lat' dir='ltr'>Leodiensem</span> <span class='ocrx_word' id='word_1_303' title='bbox 1490 4627 1696 4714; x_wconf 91' lang='lat' dir='ltr'>episcopum,</span> <span class='ocrx_word' id='word_1_304' title='bbox 1709 4636 1818 4711; x_wconf 78' lang='lat' dir='ltr'>quorum</span> 
     </span>
     <span class='ocr_line' id='line_1_36' title="bbox 489 4728 1820 4818; baseline -0.004 -19"><span class='ocrx_word' id='word_1_305' title='bbox 489 4734 706 4799; x_wconf 85' lang='lat' dir='ltr'>canonicatus</span> <span class='ocrx_word' id='word_1_306' title='bbox 733 4741 769 4795; x_wconf 84' lang='lat' dir='ltr'>et</span> <span class='ocrx_word' id='word_1_307' title='bbox 790 4732 959 4816; x_wconf 90' lang='lat' dir='ltr'>prebende</span> <span class='ocrx_word' id='word_1_308' title='bbox 986 4732 1095 4797; x_wconf 90' lang='lat' dir='ltr'>dictus</span> <span class='ocrx_word' id='word_1_309' title='bbox 1123 4732 1311 4797; x_wconf 85' lang='lat' dir='ltr'>Bernardus</span> <span class='ocrx_word' id='word_1_310' title='bbox 1335 4732 1579 4818; x_wconf 77' lang='lat' dir='ltr'>possessionem</span> <span class='ocrx_word' id='word_1_311' title='bbox 1605 4728 1820 4816; x_wconf 71' lang='lat' dir='ltr'>pacificamest</span> 
     </span>
     <span class='ocr_line' id='line_1_37' title="bbox 488 4824 1820 4922; baseline -0.006 -20"><span class='ocrx_word' id='word_1_312' title='bbox 488 4846 668 4902; x_wconf 76' lang='lat' dir='ltr'>assecutus</span> <span class='ocrx_word' id='word_1_313' title='bbox 686 4837 797 4919; x_wconf 78' lang='lat' dir='ltr'>Quare</span> <span class='ocrx_word' id='word_1_314' title='bbox 813 4857 908 4920; x_wconf 86' lang='lat' dir='ltr'>supp.</span> <span class='ocrx_word' id='word_1_315' title='bbox 926 4844 1017 4918; x_wconf 83' lang='lat' dir='ltr'>quat.</span> <span class='ocrx_word' id='word_1_316' title='bbox 1038 4835 1112 4922; x_wconf 79' lang='lat' dir='ltr'>[de]</span> <span class='ocrx_word' id='word_1_317' title='bbox 1144 4835 1243 4900; x_wconf 86' lang='lat' dir='ltr'>dictis</span> <span class='ocrx_word' id='word_1_318' title='bbox 1260 4857 1332 4901; x_wconf 91' lang='lat' dir='ltr'>can.</span> <span class='ocrx_word' id='word_1_319' title='bbox 1349 4845 1383 4900; x_wconf 90' lang='lat' dir='ltr'>et</span> <span class='ocrx_word' id='word_1_320' title='bbox 1410 4839 1502 4920; x_wconf 90' lang='lat' dir='ltr'>preb.</span> <span class='ocrx_word' id='word_1_321' title='bbox 1519 4834 1652 4900; x_wconf 89' lang='lat' dir='ltr'>etiamsi</span> <span class='ocrx_word' id='word_1_322' title='bbox 1674 4824 1820 4900; x_wconf 65' lang='lat' dir='ltr'>reservatis</span> 
     </span>
    </p>
   </div>
   <div class='ocr_carea' id='block_1_10' title="bbox 487 5068 1819 5284">
    <p class='ocr_par' dir='ltr' id='par_1_15' title="bbox 487 5068 1819 5284">
     <span class='ocr_line' id='line_1_38' title="bbox 524 5068 1819 5137; baseline -0.004 -13"><span class='ocrx_word' id='word_1_323' title='bbox 524 5081 542 5124; x_wconf 89' lang='lat' dir='ltr'>l.</span> <span class='ocrx_word' id='word_1_324' title='bbox 556 5078 617 5124; x_wconf 86' lang='lat' dir='ltr'>l&#39;oir</span> <span class='ocrx_word' id='word_1_325' title='bbox 629 5092 654 5124; x_wconf 87' lang='lat' dir='ltr'>n.</span> <span class='ocrx_word' id='word_1_326' title='bbox 672 5079 743 5123; x_wconf 81' lang='lat'>2119.</span> <span class='ocrx_word' id='word_1_327' title='bbox 755 5103 787 5109; x_wconf 98' lang='lat'>-</span> <span class='ocrx_word' id='word_1_328' title='bbox 806 5079 827 5123; x_wconf 75' lang='lat'>2.</span> <span class='ocrx_word' id='word_1_329' title='bbox 849 5076 931 5122; x_wconf 87' lang='lat' dir='ltr'>Picrre</span> <span class='ocrx_word' id='word_1_330' title='bbox 951 5075 983 5123; x_wconf 89' lang='lat' dir='ltr'>dc</span> <span class='ocrx_word' id='word_1_331' title='bbox 1005 5076 1124 5134; x_wconf 79' lang='lat' dir='ltr'>Berrertc,</span> <span class='ocrx_word' id='word_1_332' title='bbox 1144 5079 1235 5125; x_wconf 82' lang='lat' dir='ltr'>ancien</span> <span class='ocrx_word' id='word_1_333' title='bbox 1253 5077 1349 5137; x_wconf 54' lang='lat' dir='ltr'>ovoque</span> <span class='ocrx_word' id='word_1_334' title='bbox 1364 5076 1396 5124; x_wconf 88' lang='lat' dir='ltr'>de</span> <span class='ocrx_word' id='word_1_335' title='bbox 1418 5079 1516 5133; x_wconf 63' lang='lat' dir='ltr'>libasse,</span> <span class='ocrx_word' id='word_1_336' title='bbox 1537 5076 1569 5123; x_wconf 91' lang='lat' dir='ltr'>de</span> <span class='ocrx_word' id='word_1_337' title='bbox 1587 5074 1732 5123; x_wconf 79' lang='lat' dir='ltr'>l&#39;ordredes</span> <span class='ocrx_word' id='word_1_338' title='bbox 1743 5068 1819 5119; x_wconf 60' lang='lat' dir='ltr'>cumr*</span> 
     </span>
     <span class='ocr_line' id='line_1_39' title="bbox 487 5128 1816 5212; baseline -0.002 -16"><span class='ocrx_word' id='word_1_339' title='bbox 487 5151 589 5209; x_wconf 73' lang='lat' dir='ltr'>(Eubcl,</span> <span class='ocrx_word' id='word_1_340' title='bbox 605 5150 622 5207; x_wconf 88' lang='lat'>1,</span> <span class='ocrx_word' id='word_1_341' title='bbox 636 5151 702 5207; x_wconf 65' lang='lat'><strong>542).</strong></span> <span class='ocrx_word' id='word_1_342' title='bbox 715 5177 746 5186; x_wconf 95' lang='lat'>-</span> <span class='ocrx_word' id='word_1_343' title='bbox 758 5150 782 5196; x_wconf 83' lang='lat'>3.</span> <span class='ocrx_word' id='word_1_344' title='bbox 794 5148 856 5194; x_wconf 83' lang='lat' dir='ltr'>Voir·</span> <span class='ocrx_word' id='word_1_345' title='bbox 873 5163 898 5195; x_wconf 88' lang='lat' dir='ltr'>n.</span> <span class='ocrx_word' id='word_1_346' title='bbox 913 5149 981 5195; x_wconf 70' lang='lat'><strong>1460.</strong></span> <span class='ocrx_word' id='word_1_347' title='bbox 994 5177 1026 5185; x_wconf 90' lang='lat'>—</span> <span class='ocrx_word' id='word_1_348' title='bbox 1039 5150 1060 5197; x_wconf 80' lang='lat' dir='ltr'>l.</span> <span class='ocrx_word' id='word_1_349' title='bbox 1074 5150 1135 5197; x_wconf 85' lang='lat' dir='ltr'>l&#39;oir</span> <span class='ocrx_word' id='word_1_350' title='bbox 1147 5164 1171 5199; x_wconf 89' lang='lat' dir='ltr'>n.</span> <span class='ocrx_word' id='word_1_351' title='bbox 1188 5154 1258 5198; x_wconf 76' lang='lat'><strong>2125.</strong></span> <span class='ocrx_word' id='word_1_352' title='bbox 1269 5180 1301 5186; x_wconf 93' lang='lat'>—</span> <span class='ocrx_word' id='word_1_353' title='bbox 1313 5155 1335 5197; x_wconf 76' lang='grc' dir='ltr'>ι’).</span> <span class='ocrx_word' id='word_1_354' title='bbox 1348 5151 1410 5197; x_wconf 86' lang='lat' dir='ltr'>Voir</span> <span class='ocrx_word' id='word_1_355' title='bbox 1427 5165 1452 5200; x_wconf 92' lang='lat' dir='ltr'>n.</span> <span class='ocrx_word' id='word_1_356' title='bbox 1467 5152 1550 5212; x_wconf 63' lang='lat' dir='ltr'>136u3</span> <span class='ocrx_word' id='word_1_357' title='bbox 1561 5149 1594 5197; x_wconf 82' lang='lat' dir='ltr'>de</span> <span class='ocrx_word' id='word_1_358' title='bbox 1606 5149 1703 5206; x_wconf 85' lang='lat' dir='ltr'>Tbeux,</span> <span class='ocrx_word' id='word_1_359' title='bbox 1719 5146 1749 5202; x_wconf 87' lang='lat' dir='ltr'>ll,</span> <span class='ocrx_word' id='word_1_360' title='bbox 1764 5128 1816 5188; x_wconf 54' lang='grc' dir='ltr'>ΒΗ</span> 
     </span>
     <span class='ocr_line' id='line_1_40' title="bbox 487 5213 1786 5284; baseline 0.001 -17"><span class='ocrx_word' id='word_1_361' title='bbox 487 5231 524 5270; x_wconf 77' lang='lat' dir='ltr'>ost</span> <span class='ocrx_word' id='word_1_362' title='bbox 538 5222 588 5269; x_wconf 68' lang='lat' dir='ltr'>cite</span> <span class='ocrx_word' id='word_1_363' title='bbox 601 5234 700 5267; x_wconf 89' lang='lat' dir='ltr'>comme</span> <span class='ocrx_word' id='word_1_364' title='bbox 713 5225 794 5267; x_wconf 66' lang='lat' dir='ltr'>&lt;eostre</span> <span class='ocrx_word' id='word_1_365' title='bbox 806 5220 830 5267; x_wconf 89' lang='lat' dir='ltr'>le</span> <span class='ocrx_word' id='word_1_366' title='bbox 847 5223 878 5267; x_wconf 78' lang='lat' dir='ltr'>lli</span> <span class='ocrx_word' id='word_1_367' title='bbox 894 5219 951 5279; x_wconf 83' lang='lat' dir='ltr'>juin</span> <span class='ocrx_word' id='word_1_368' title='bbox 971 5224 1033 5268; x_wconf 71' lang='lat'><strong>1352</strong></span> <span class='ocrx_word' id='word_1_369' title='bbox 1050 5222 1165 5281; x_wconf 65' lang='lat' dir='ltr'>(dorm.</span> <span class='ocrx_word' id='word_1_370' title='bbox 1177 5221 1209 5269; x_wconf 76' lang='lat' dir='ltr'>(le</span> <span class='ocrx_word' id='word_1_371' title='bbox 1221 5222 1246 5269; x_wconf 76' lang='lat' dir='ltr'>S.</span> <span class='ocrx_word' id='word_1_372' title='bbox 1262 5223 1385 5276; x_wconf 69' lang='lat' dir='ltr'>Lirnrberi,</span> <span class='ocrx_word' id='word_1_373' title='bbox 1400 5223 1443 5281; x_wconf 84' lang='lat' dir='ltr'>IV,</span> <span class='ocrx_word' id='word_1_374' title='bbox 1459 5225 1523 5284; x_wconf 79' lang='lat'><strong>161).</strong></span> <span class='ocrx_word' id='word_1_375' title='bbox 1536 5250 1567 5260; x_wconf 92' lang='lat'>—</span> <span class='ocrx_word' id='word_1_376' title='bbox 1579 5225 1602 5270; x_wconf 79' lang='grc'>6.</span> <span class='ocrx_word' id='word_1_377' title='bbox 1615 5222 1677 5269; x_wconf 85' lang='lat' dir='ltr'>Voir</span> <span class='ocrx_word' id='word_1_378' title='bbox 1693 5235 1716 5269; x_wconf 90' lang='lat' dir='ltr'>n.</span> <span class='ocrx_word' id='word_1_379' title='bbox 1733 5213 1786 5265; x_wconf 66' lang='lat' dir='ltr'>mii·</span> 
     </span>
    </p>
   </div>
   <div class='ocr_carea' id='block_1_11' title="bbox 0 0 2338 6052">
    <p class='ocr_par' dir='ltr' id='par_1_16' title="bbox 0 0 2338 6052">
     <span class='ocr_line' id='line_1_41' title="bbox 0 0 2338 6052; baseline 0 0"><span class='ocrx_word' id='word_1_380' title='bbox 0 0 2338 6052; x_wconf 95' lang='lat' dir='ltr'> </span> 
     </span>
    </p>
   </div>
  </div>
 </body>
</html>
