4650 6059
483 729 522 795 72
986 729 1076 805 1343,
1096 731 1116 795 4
1137 731 1247 797 avril-5
1269 732 1338 799 mai.

533 877 646 963 338.
1555 920 1651 984 1343,
1703 904 1801 970 avril.

527 998 629 1083 Supp.
648 996 815 1061 Robertus
829 996 871 1061 de
886 994 1159 1084 Monteberulphi
1177 998 1283 1080 miles,
1307 1009 1398 1086 quat.
1418 1001 1523 1088 [mag.
1539 1003 1643 1071 Petro
1657 924 1777 1086 Rarba,
1791 1008 1840 1073 lic.

484 1101 517 1165 in
530 1100 703 1186 decretis],
715 1100 758 1166 de
774 1120 849 1165 can.
866 1101 948 1166 eccl.
965 1100 997 1166 S.
1012 1100 1149 1168 Martini
1167 1101 1334 1170 Turonen.
1350 1105 1531 1191 dignemini
1549 1109 1736 1193 providere,
1752 1114 1840 1197 preb.

484 1224 646 1270 veronna
670 1225 746 1270 cum
758 1203 858 1289 dign,
875 1204 1094 1290 prepositatu‚
1111 1226 1207 1291 pers,
1221 1207 1277 1273 off.
1293 1208 1348 1273 vel
1363 1210 1440 1275 ben.
1456 1212 1538 1277 eccl.
1555 1231 1584 1277 c.
1597 1233 1626 1278 c.
1638 1215 1694 1278 vel
1710 1234 1736 1279 S.
1753 1236 1793 1295 c.,
1809 1215 1839 1279 in

483 1309 575 1376 dicta
591 1310 673 1374 eccl.
692 1308 781 1395 [vac.
797 1310 851 1372 rel
867 1309 995 1395 vacat]
1022 1311 1260 1376 conferendam
1276 1312 1397 1394 eidem,
1413 1312 1587 1381 donationi
1603 1325 1713 1403 apost.
1730 1319 1840 1405 digne-

483 1416 564 1480 mini
580 1434 747 1479 reservare
767 1436 775 1492 ;
792 1434 860 1479 non
877 1415 973 1494 obst„
990 1414 1080 1498 quod
1092 1415 1126 1479 in
1139 1416 1221 1481 eccl.
1235 1414 1426 1483 Morinen.¹
1443 1439 1515 1484 can.
1541 1428 1576 1485 et
1586 1423 1691 1506 preb„
1706 1443 1748 1488 ae
1768 1444 1840 1509 par·

482 1520 574 1585 rocb.
591 1518 672 1583 eccl.
686 1517 714 1581 S.
732 1516 904 1583 Laurentii
921 1518 964 1583 de
979 1517 1113 1599 Cereso,
1139 1519 1368 1604 Engolismen.
1384 1522 1482 1602 dioc.,
1495 1531 1530 1588 et
1558 1524 1590 1588 in
1614 1523 1839 1610 Engolismen.

482 1625 564 1691 eccl.
581 1644 653 1689 can.
670 1626 730 1687 sub
746 1643 822 1707 exp.
838 1625 941 1708 preb,
958 1631 1047 1688 auct.
1074 1622 1165 1688 dom.
1194 1622 1368 1690 Benedicti
1393 1646 1481 1711 pape
1495 1625 1576 1707 XII,
1592 1628 1744 1695 noscitur
1759 1632 1841 1697 obti-

481 1749 571 1794 nere.
586 1768 630 1778 —
646 1726 723 1792 Fiat
739 1728 842 1792 etiam
857 1727 900 1793 de
916 1726 1005 1812 dign.
1024 1735 1089 1793 etc.
1107 1727 1147 1792 R.

526 1832 605 1897 Dat.
621 1832 721 1898 Avin.
739 1854 757 1898 2
773 1852 853 1898 non.
870 1833 964 1918 april.
981 1841 1015 1898 al
1029 1840 1074 1898 '1⁰.
1093 1834 1141 1916 (3,
1164 1835 1265 1918 187').

531 1970 648 2054 339.
1531 2008 1592 2073 134
1593 2008 1627 2073 3,
1643 1991 1687 2053 28
1701 1991 1800 2056 avril.

524 2090 626 2176 Supp.
644 2087 814 2167 Nicolaus,
831 2089 940 2154 dictus
969 2088 996 2153 F
998 2088 1112 2169 aukes,
1128 2092 1237 2175 presb.
1266 2088 1481 2158 Cameracen.
1498 2091 1596 2173 dioc.,
1613 2100 1707 2177 quat.
1723 2092 1786 2159 sibi
1801 2092 1841 2158 de

481 2216 554 2261 ean.
570 2204 604 2259 et
628 2195 720 2279 preb.
736 2193 818 2257 eccl.
835 2192 866 2256 S.
883 2191 973 2257 Petri
991 2192 1212 2273 Rothnacen.,
1237 2194 1387 2279 predicte
1410 2195 1507 2277 dioc.,
1531 2195 1707 2282 providere
1728 2196 1841 2283 digne-

480 2300 571 2377 mini,
595 2318 663 2362 non
689 2299 774 2362 obst.
790 2296 881 2380 quod
911 2298 1030 2382 capell.
1048 2295 1086 2362 B.
1111 2296 1277 2375 johannis
1294 2298 1356 2363 Er.
1373 2299 1405 2363 in
1422 2301 1504 2365 eccl.
1523 2299 1701 2367 Lutosensi
1713 2307 1737 2382 ¹,
1753 2302 1841 2368 dicte

479 2404 576 2481 dioc.,
593 2401 741 2466 noscitur
757 2400 918 2465 obtinere.
931 2441 974 2449 —
990 2399 1067 2466 Fiat
1085 2400 1124 2466 R.

524 2508 602 2571 Dat.
618 2526 671 2592 ap.
688 2505 832 2570 Pontem
848 2504 971 2588 Sorgie,
987 2506 1087 2570 Avin.
1103 2505 1200 2585 dioc.,
1218 2530 1237 2590 4
1253 2505 1408 2572 kal.rnaii
1425 2517 1458 2573 a⁰
1478 2517 1517 2573 1⁰.
1535 2511 1585 2593 (2,
1601 2511 1688 2593 157).

532 2642 779 2728 340-341.
1575 2658 1703 2744 ¹343st
1721 2682 1800 2725 ierat.

524 2762 625 2848 Supp.
642 2760 841 2825 Guillelmus
867 2758 909 2824 de
937 2757 1057 2842 Crequi
1074 2770 1094 2837 ²,
1119 2759 1267 2826 decanus
1290 2761 1372 2827 eccl.
1398 2761 1626 2843 Cameracen,
1651 2764 1743 2830 dom.
1756 2765 1843 2850 regis

482 2867 622 2932 Francie
639 2865 855 2946 consiliarius,
872 2871 963 2950 quat.
979 2865 1040 2929 sibi
1065 2864 1107 2929 de
1135 2885 1209 2929 can.
1226 2867 1308 2931 eccl.
1337 2865 1494 2933 Parisien.
1520 2867 1703 2952 dignemini
1731 2870 1844 2955 provi·

480 2972 567 3052 dere,
584 2975 686 3058 preb,
703 2991 834 3036 necnon
851 2969 951 3054 dign,
967 2989 1063 3054 pers,
1092 2971 1144 3033 vel
1157 2968 1214 3034 off.
1231 2990 1259 3034 c.
1281 2991 1310 3036 c.
1327 2972 1380 3035 vel
1396 2992 1421 3036 e.
1438 2992 1477 3051 c.,
1502 2970 1591 3058 [vac.
1618 2973 1673 3036 vel
1700 2971 1842 3058 vacat.],

480 3076 698 3142 conferendas
714 3076 767 3141 vel
784 3072 986 3140 conserenda
1002 3073 1121 3152 eidem,
1142 3072 1317 3139 donationi
1335 3083 1443 3161 apost.
1460 3096 1628 3142 reservare
1644 3100 1652 3156 ;
1669 3097 1739 3142 non
1756 3079 1842 3142 obst.

481 3181 570 3264 quod
585 3181 789 3245 decanatum
807 3180 908 3265 ipsius
924 3177 1142 3243 Cameracen.
1167 3180 1259 3258 eccl,
1284 3199 1323 3244 ac
1339 3180 1372 3244 in
1389 3180 1518 3260 eadem,
1534 3189 1570 3246 et
1585 3181 1628 3245 in·
1641 3180 1843 3247 Lileriensil’

481 3286 572 3364 eccl,
598 3283 764 3348 Morinen.
781 3283 878 3363 dioc.,
906 3290 1031 3347 canet
1057 3284 1148 3367 preb.
1175 3282 1324 3347 noscitur
1348 3285 1521 3363 obtinere;
1552 3303 1628 3350 cum
1644 3284 1767 3350 eodem
1778 3283 1844 3350 dis-

481 3396 671 3474 pensantes,
696 3388 786 3472 quod
812 3386 1000 3473 predictum
1026 3387 1229 3452 decanatum
1245 3388 1350 3473 possit
1365 3408 1432 3453 una
1448 3408 1524 3453 cum
1551 3388 1651 3472 dign„
1675 3408 1773 3472 pers,
1788 3389 1844 3452 vel

482 3492 538 3557 off.
554 3492 742 3575 hujusmodi
759 3491 849 3557 licite
864 3491 1016 3557 retinere.

525 3594 587 3658 Vel
604 3594 745 3659 similem
762 3616 821 3681 per
833 3596 946 3661 omnia
958 3616 1005 3680 gr.
1022 3596 1182 3661 facientes
1198 3595 1307 3661 eidem
1325 3595 1357 3659 in
1373 3598 1456 3662 eccl.
1474 3596 1676 3662 Ambianen.
1697 3637 1742 3647 —
1766 3595 1844 3662 Fiat

482 3698 525 3764 de
541 3720 614 3765 can.
627 3702 687 3764 sub
704 3720 779 3787 exp.
790 3704 882 3787 preb.
896 3700 936 3766 R.

525 3845 606 3906 341.
624 3838 711 3905 Item
727 3862 822 3927 supp.
840 3840 927 3907 idern
943 3839 1100 3918 decanus,
1118 3848 1209 3924 quat.
1225 3840 1267 3905 de
1284 3860 1358 3904 can.
1369 3841 1450 3904 eccl.
1469 3837 1637 3904 Morinen.
1662 3838 1845 3904 Guillelmo

481 3945 522 4009 de
541 3946 694 4029 Yvregni,
710 3946 825 4032 nepoti
839 3966 909 4024 su0,
922 3944 1105 4028 dignemini
1117 3943 1303 4029 providere,
1320 3947 1411 4029 preb.
1425 3944 1457 4007 in
1471 3943 1590 4009 eadem
1605 3944 1688 4008 eccl.
1700 3962 1775 4007 vac.
1789 3944 1843 4006 vel

481 4057 592 4113 vacat.
609 4050 669 4114 sibi
686 4049 935 4128 conserendam,
952 4048 1124 4113 collationi
1152 4057 1259 4132 apost.
1287 4068 1465 4127 reservare,
1494 4068 1563 4112 non
1591 4049 1677 4112 obst.
1694 4044 1787 4130 quod
1810 4045 1841 4109 in

481 4152 563 4216 eccl.
579 4154 610 4216 S.
627 4152 803 4238 Gangerici
820 4153 1038 4218 Cameracen.
1055 4173 1130 4217 ean.
1147 4152 1278 4216 obtinet
1293 4160 1328 4215 et
1343 4154 1436 4236 preb.
1453 4192 1496 4200 -
1512 4149 1590 4215 Fiat
1609 4149 1649 4216 R.

498 4313 505 4322 .
526 4256 605 4321 Dat.
620 4258 720 4322 Avin.
737 4281 757 4341 4
773 4278 853 4322 non.
869 4256 949 4320 maii
966 4264 999 4320 a⁰
1019 4265 1057 4321 1⁰.
1075 4256 1228 4339 (2,157').

533 4394 784 4480 342-344.
1577 4425 1668 4489 rm,
1683 4424 1705 4485 5
1722 4406 1801 4470 mai.

524 4510 625 4597 Supp.
636 4512 763 4596 Syrnon
776 4511 817 4575 de
829 4511 1007 4576 Binchorst
1017 4519 1036 4588 ³,
1044 4509 1133 4575 dont.
1141 4510 1183 4574 de
1195 4509 1388 4593 Teylinc,et
1399 4508 1557 4593 Warn([er
1565 4509 1627 4583 lius
1639 4510 1709 4593 ejus
1722 4509 1843 4588 sociuS,

480 4616 602 4683 milites
626 4617 716 4682 doni.
741 4616 873 4681 comitis
901 4616 1095 4701 Haynonie,
1121 4614 1198 4700 [pro
1225 4614 1291 4680 ind.
1309 4615 1341 4678 in
1370 4623 1431 4680 art.
1457 4613 1573 4700 mort]
1604 4613 1638 4677 in
1655 4612 1773 4678 sonna.
1801 4652 1844 4661 --

484 4717 561 4785 Fiat
578 4720 618 4786 R.

513 4898 540 4955 a)
556 4895 612 4943 (tur.
626 4895 755 4944 erconen.
769 4924 799 4930 —
812 4895 839 4955 b)
856 4893 912 4942 (bd.
925 4895 1048 4942 Lirniron.

513 5048 534 5095 l.
548 5046 570 5094 Il
582 5051 620 5095 est
631 5044 683 5094 cite
695 5059 726 5093 en
739 5045 799 5092 1351
815 5044 936 5106 (Due-liet,
954 5040 1051 5090 damni.
1064 5041 1094 5088 di·
1110 5039 1274 5098 'ltili-amnon,
1288 5055 1312 5103 p.
1330 5041 1396 5100 228).
1409 5039 1574 5087 L'Obilnniro
1584 5052 1615 5086 en
1624 5037 1673 5085 lait-
1682 5037 1800 5085 mention
1811 5050 1844 5084 en

479 5122 510 5169 27
527 5120 613 5182 juillet
625 5119 678 5182 (sb.
692 5120 757 5178 ³20).
770 5146 801 5152 —
813 5121 836 5167 2.
852 5117 923 5166 anu.
935 5117 1029 5172 elo-tit,
1046 5116 1093 5175 lll,
1107 5117 1134 5163 ll
1148 5131 1153 5173 ;
1166 5116 1197 5163 ile
1210 5115 1453 5175 Limlnngntirum,
1471 5114 1539 5162 (brt.
1551 5110 1582 5159 de
1602 5111 1678 5159 Lentis
1687 5108 1718 5158 de
1731 5108 1811 5168 Male,
1824 5109 1843 5164 l,

481 5197 536 5245 390.
552 5224 579 5229 *
592 5197 614 5244 3.
628 5193 711 5253 Brorn,
731 5207 755 5241 n.
767 5195 836 5240 1076.
