<?xml version="1.0" encoding="UTF-8"?>
<!DOCTYPE html PUBLIC "-//W3C//DTD XHTML 1.0 Transitional//EN"
    "http://www.w3.org/TR/xhtml1/DTD/xhtml1-transitional.dtd">
<html xmlns="http://www.w3.org/1999/xhtml" xml:lang="en" lang="en">
 <head>
  <title>
</title>
<meta http-equiv="Content-Type" content="text/html;charset=utf-8" />
  <meta name='ocr-system' content='tesseract 3.04.00' />
  <meta name='ocr-capabilities' content='ocr_page ocr_carea ocr_par ocr_line ocrx_word'/>
</head>
<body>
  <div class='ocr_page' id='page_1' title='image "./suppliquesdeclm00goog_0356.png"; bbox 0 0 4650 6059; ppageno 0'>
   <div class='ocr_carea' id='block_1_1' title="bbox 1019 787 1847 862">
    <p class='ocr_par' dir='ltr' id='par_1_1' title="bbox 1019 787 1847 862">
     <span class='ocr_line' id='line_1_1' title="bbox 1019 787 1847 862; baseline 0.002 -9"><span class='ocrx_word' id='word_1_1' title='bbox 1019 788 1106 862; x_wconf 80' lang='lat'>1347,</span> <span class='ocrx_word' id='word_1_2' title='bbox 1129 787 1309 853; x_wconf 71' lang='lat' dir='ltr'>testarier.</span> <span class='ocrx_word' id='word_1_3' title='bbox 1791 791 1847 856; x_wconf 83' lang='grc'>301</span> 
     </span>
    </p>
   </div>
   <div class='ocr_carea' id='block_1_2' title="bbox 493 938 1849 1232">
    <p class='ocr_par' dir='ltr' id='par_1_2' title="bbox 493 938 1849 1232">
     <span class='ocr_line' id='line_1_2' title="bbox 498 938 1849 1028; baseline 0.003 -23"><span class='ocrx_word' id='word_1_4' title='bbox 498 941 602 1006; x_wconf 85' lang='lat' dir='ltr'>Siberti</span> <span class='ocrx_word' id='word_1_5' title='bbox 619 939 662 1005; x_wconf 90' lang='lat' dir='ltr'>de</span> <span class='ocrx_word' id='word_1_6' title='bbox 679 938 895 1021; x_wconf 89' lang='lat' dir='ltr'>Boscoducis,</span> <span class='ocrx_word' id='word_1_7' title='bbox 913 960 987 1006; x_wconf 90' lang='lat' dir='ltr'>can.</span> <span class='ocrx_word' id='word_1_8' title='bbox 1003 948 1038 1005; x_wconf 91' lang='lat' dir='ltr'>et</span> <span class='ocrx_word' id='word_1_9' title='bbox 1055 938 1202 1005; x_wconf 89' lang='lat' dir='ltr'>cantoris</span> <span class='ocrx_word' id='word_1_10' title='bbox 1221 940 1351 1026; x_wconf 85' lang='lat' dir='ltr'>prefate</span> <span class='ocrx_word' id='word_1_11' title='bbox 1372 941 1464 1021; x_wconf 81' lang='lat' dir='ltr'>eccl,</span> <span class='ocrx_word' id='word_1_12' title='bbox 1483 941 1576 1025; x_wconf 86' lang='lat' dir='ltr'>cujus</span> <span class='ocrx_word' id='word_1_13' title='bbox 1591 943 1666 1006; x_wconf 94' lang='lat' dir='ltr'>ben.</span> <span class='ocrx_word' id='word_1_14' title='bbox 1684 950 1763 1007; x_wconf 88' lang='lat' dir='ltr'>ante</span> <span class='ocrx_word' id='word_1_15' title='bbox 1779 944 1849 1028; x_wconf 87' lang='lat' dir='ltr'>ejus</span> 
     </span>
     <span class='ocr_line' id='line_1_3' title="bbox 493 1043 1359 1130; baseline -0.001 -20"><span class='ocrx_word' id='word_1_16' title='bbox 493 1049 539 1122; x_wconf 90' lang='lat' dir='ltr'>ob.</span> <span class='ocrx_word' id='word_1_17' title='bbox 554 1045 689 1110; x_wconf 87' lang='lat' dir='ltr'>fuerunt</span> <span class='ocrx_word' id='word_1_18' title='bbox 703 1052 882 1110; x_wconf 84' lang='lat' dir='ltr'>reservata.</span> <span class='ocrx_word' id='word_1_19' title='bbox 894 1084 938 1094; x_wconf 89' lang='lat'>—</span> <span class='ocrx_word' id='word_1_20' title='bbox 954 1043 1031 1109; x_wconf 90' lang='lat' dir='ltr'>Fiat</span> <span class='ocrx_word' id='word_1_21' title='bbox 1046 1051 1142 1109; x_wconf 91' lang='lat' dir='ltr'>motu</span> <span class='ocrx_word' id='word_1_22' title='bbox 1157 1044 1302 1130; x_wconf 93' lang='lat' dir='ltr'>proprio.</span> <span class='ocrx_word' id='word_1_23' title='bbox 1320 1043 1359 1109; x_wconf 90' lang='lat' dir='ltr'>R.</span> 
     </span>
     <span class='ocr_line' id='line_1_4' title="bbox 529 1146 1257 1232; baseline -0.001 -19"><span class='ocrx_word' id='word_1_24' title='bbox 529 1150 606 1214; x_wconf 85' lang='lat' dir='ltr'>Dat.</span> <span class='ocrx_word' id='word_1_25' title='bbox 622 1148 725 1213; x_wconf 88' lang='lat' dir='ltr'>Avin.</span> <span class='ocrx_word' id='word_1_26' title='bbox 744 1151 761 1212; x_wconf 89' lang='lat'>6</span> <span class='ocrx_word' id='word_1_27' title='bbox 778 1146 845 1214; x_wconf 91' lang='lat' dir='ltr'>kal.</span> <span class='ocrx_word' id='word_1_28' title='bbox 860 1155 958 1213; x_wconf 90' lang='lat' dir='ltr'>mart.</span> <span class='ocrx_word' id='word_1_29' title='bbox 975 1154 1009 1212; x_wconf 90' lang='lat' dir='ltr'>a⁰</span> <span class='ocrx_word' id='word_1_30' title='bbox 1026 1154 1068 1232; x_wconf 83' lang='lat'>5⁰.</span> <span class='ocrx_word' id='word_1_31' title='bbox 1085 1147 1157 1232; x_wconf 91' lang='lat'>(10,</span> <span class='ocrx_word' id='word_1_32' title='bbox 1176 1150 1257 1231; x_wconf 74' lang='lat'><strong>76&#39;).</strong></span> 
     </span>
    </p>
   </div>
   <div class='ocr_carea' id='block_1_3' title="bbox 537 1284 1802 1389">
    <p class='ocr_par' dir='ltr' id='par_1_3' title="bbox 537 1284 1802 1389">
     <span class='ocr_line' id='line_1_5' title="bbox 537 1284 1802 1389; baseline 0 -23"><span class='ocrx_word' id='word_1_33' title='bbox 537 1284 672 1369; x_wconf 88' lang='lat'>1152.</span> <span class='ocrx_word' id='word_1_34' title='bbox 1499 1318 1594 1384; x_wconf 71' lang='lat'><em>1547,</em></span> <span class='ocrx_word' id='word_1_35' title='bbox 1612 1304 1653 1365; x_wconf 86' lang='lat'>26</span> <span class='ocrx_word' id='word_1_36' title='bbox 1660 1303 1802 1389; x_wconf 69' lang='lat' dir='ltr'>farier.</span> 
     </span>
    </p>
   </div>
   <div class='ocr_carea' id='block_1_4' title="bbox 526 1398 1847 1490">
    <p class='ocr_par' dir='ltr' id='par_1_4' title="bbox 526 1398 1847 1490">
     <span class='ocr_line' id='line_1_6' title="bbox 526 1398 1847 1490; baseline 0.002 -23"><span class='ocrx_word' id='word_1_37' title='bbox 526 1404 630 1489; x_wconf 87' lang='lat' dir='ltr'>Supp.</span> <span class='ocrx_word' id='word_1_38' title='bbox 647 1398 887 1487; x_wconf 89' lang='lat' dir='ltr'>B[emardus],</span> <span class='ocrx_word' id='word_1_39' title='bbox 903 1399 935 1465; x_wconf 85' lang='lat' dir='ltr'>S.</span> <span class='ocrx_word' id='word_1_40' title='bbox 953 1399 1126 1465; x_wconf 84' lang='lat' dir='ltr'>Eustachii</span> <span class='ocrx_word' id='word_1_41' title='bbox 1139 1398 1224 1466; x_wconf 92' lang='lat' dir='ltr'>diac.</span> <span class='ocrx_word' id='word_1_42' title='bbox 1241 1400 1339 1481; x_wconf 71' lang='lat' dir='ltr'>card,</span> <span class='ocrx_word' id='word_1_43' title='bbox 1352 1410 1443 1485; x_wconf 91' lang='lat' dir='ltr'>quat.</span> <span class='ocrx_word' id='word_1_44' title='bbox 1459 1402 1520 1467; x_wconf 92' lang='lat' dir='ltr'>sibi</span> <span class='ocrx_word' id='word_1_45' title='bbox 1537 1403 1572 1466; x_wconf 93' lang='lat' dir='ltr'>in</span> <span class='ocrx_word' id='word_1_46' title='bbox 1594 1424 1680 1489; x_wconf 90' lang='lat' dir='ltr'>pers.</span> <span class='ocrx_word' id='word_1_47' title='bbox 1697 1426 1771 1490; x_wconf 89' lang='lat' dir='ltr'>cap.</span> <span class='ocrx_word' id='word_1_48' title='bbox 1787 1405 1847 1486; x_wconf 88' lang='lat' dir='ltr'>sui,</span> 
     </span>
    </p>
   </div>
   <div class='ocr_carea' id='block_1_5' title="bbox 478 1502 1849 2318">
    <p class='ocr_par' dir='ltr' id='par_1_5' title="bbox 478 1502 1849 2318">
     <span class='ocr_line' id='line_1_7' title="bbox 484 1502 1848 1594; baseline 0.001 -21"><span class='ocrx_word' id='word_1_49' title='bbox 484 1506 635 1573; x_wconf 89' lang='lat' dir='ltr'><strong>continui</strong></span> <span class='ocrx_word' id='word_1_50' title='bbox 667 1525 863 1585; x_wconf 83' lang='lat' dir='ltr'>commens,</span> <span class='ocrx_word' id='word_1_51' title='bbox 893 1523 981 1589; x_wconf 89' lang='lat' dir='ltr'>mag.</span> <span class='ocrx_word' id='word_1_52' title='bbox 1011 1502 1176 1581; x_wconf 90' lang='lat' dir='ltr'>Johannis</span> <span class='ocrx_word' id='word_1_53' title='bbox 1205 1504 1248 1568; x_wconf 91' lang='lat' dir='ltr'>de</span> <span class='ocrx_word' id='word_1_54' title='bbox 1276 1502 1484 1586; x_wconf 92' lang='lat' dir='ltr'>Malobodio,</span> <span class='ocrx_word' id='word_1_55' title='bbox 1512 1506 1564 1571; x_wconf 92' lang='lat' dir='ltr'>lic.</span> <span class='ocrx_word' id='word_1_56' title='bbox 1590 1506 1624 1570; x_wconf 91' lang='lat' dir='ltr'>in</span> <span class='ocrx_word' id='word_1_57' title='bbox 1648 1507 1785 1592; x_wconf 90' lang='lat' dir='ltr'>legibus,</span> <span class='ocrx_word' id='word_1_58' title='bbox 1801 1529 1848 1594; x_wconf 94' lang='lat' dir='ltr'>gr.</span> 
     </span>
     <span class='ocr_line' id='line_1_8' title="bbox 482 1607 1848 1698; baseline 0.002 -23"><span class='ocrx_word' id='word_1_59' title='bbox 482 1611 645 1677; x_wconf 80' lang='lat' dir='ltr'>facientes</span> <span class='ocrx_word' id='word_1_60' title='bbox 660 1629 762 1694; x_wconf 79' lang='lat' dir='ltr'>spec,</span> <span class='ocrx_word' id='word_1_61' title='bbox 778 1608 821 1674; x_wconf 91' lang='lat' dir='ltr'>de</span> <span class='ocrx_word' id='word_1_62' title='bbox 837 1608 992 1693; x_wconf 82' lang='lat' dir='ltr'>parroch.</span> <span class='ocrx_word' id='word_1_63' title='bbox 1009 1608 1091 1673; x_wconf 91' lang='lat' dir='ltr'>eccl.</span> <span class='ocrx_word' id='word_1_64' title='bbox 1110 1607 1152 1673; x_wconf 91' lang='lat' dir='ltr'>de</span> <span class='ocrx_word' id='word_1_65' title='bbox 1168 1607 1314 1689; x_wconf 87' lang='lat' dir='ltr'>Tovens,</span> <span class='ocrx_word' id='word_1_66' title='bbox 1327 1607 1488 1675; x_wconf 90' lang='lat' dir='ltr'>Leodien.</span> <span class='ocrx_word' id='word_1_67' title='bbox 1504 1609 1602 1691; x_wconf 73' lang='lat' dir='ltr'>dioc,</span> <span class='ocrx_word' id='word_1_68' title='bbox 1620 1632 1693 1678; x_wconf 89' lang='lat' dir='ltr'>vac.</span> <span class='ocrx_word' id='word_1_69' title='bbox 1710 1613 1752 1677; x_wconf 94' lang='lat' dir='ltr'>de</span> <span class='ocrx_word' id='word_1_70' title='bbox 1764 1612 1848 1698; x_wconf 88' lang='lat' dir='ltr'>jure,</span> 
     </span>
     <span class='ocr_line' id='line_1_9' title="bbox 478 1710 1849 1799; baseline 0.002 -20"><span class='ocrx_word' id='word_1_71' title='bbox 478 1716 575 1799; x_wconf 87' lang='lat' dir='ltr'>juxta</span> <span class='ocrx_word' id='word_1_72' title='bbox 605 1719 735 1778; x_wconf 87' lang='lat' dir='ltr'>statuta</span> <span class='ocrx_word' id='word_1_73' title='bbox 767 1710 1003 1777; x_wconf 90' lang='lat' dir='ltr'>Lateranensis</span> <span class='ocrx_word' id='word_1_74' title='bbox 1030 1711 1174 1791; x_wconf 91' lang='lat' dir='ltr'>concilii,</span> <span class='ocrx_word' id='word_1_75' title='bbox 1210 1731 1338 1796; x_wconf 85' lang='lat' dir='ltr'>proco</span> <span class='ocrx_word' id='word_1_76' title='bbox 1365 1713 1455 1797; x_wconf 93' lang='lat' dir='ltr'>quod</span> <span class='ocrx_word' id='word_1_77' title='bbox 1482 1712 1707 1781; x_wconf 90' lang='lat' dir='ltr'>Godescalcus</span> <span class='ocrx_word' id='word_1_78' title='bbox 1739 1715 1849 1782; x_wconf 92' lang='lat' dir='ltr'>dictus</span> 
     </span>
     <span class='ocr_line' id='line_1_10' title="bbox 481 1814 1847 1903; baseline 0.001 -20"><span class='ocrx_word' id='word_1_79' title='bbox 481 1818 523 1884; x_wconf 91' lang='lat' dir='ltr'>de</span> <span class='ocrx_word' id='word_1_80' title='bbox 541 1816 776 1897; x_wconf 85' lang='lat' dir='ltr'>Falcomonte,</span> <span class='ocrx_word' id='word_1_81' title='bbox 804 1816 860 1900; x_wconf 94' lang='lat' dir='ltr'>qui</span> <span class='ocrx_word' id='word_1_82' title='bbox 884 1815 1011 1881; x_wconf 93' lang='lat' dir='ltr'>dictam</span> <span class='ocrx_word' id='word_1_83' title='bbox 1035 1814 1117 1880; x_wconf 89' lang='lat' dir='ltr'>eccl.</span> <span class='ocrx_word' id='word_1_84' title='bbox 1143 1834 1204 1900; x_wconf 88' lang='lat' dir='ltr'>per</span> <span class='ocrx_word' id='word_1_85' title='bbox 1230 1816 1442 1900; x_wconf 85' lang='lat' dir='ltr'>septennium</span> <span class='ocrx_word' id='word_1_86' title='bbox 1467 1825 1502 1882; x_wconf 90' lang='lat' dir='ltr'>et</span> <span class='ocrx_word' id='word_1_87' title='bbox 1526 1819 1668 1903; x_wconf 90' lang='lat' dir='ltr'>amplius</span> <span class='ocrx_word' id='word_1_88' title='bbox 1694 1819 1847 1900; x_wconf 89' lang='lat' dir='ltr'>detinuit,</span> 
     </span>
     <span class='ocr_line' id='line_1_11' title="bbox 481 1918 1848 2006; baseline 0.001 -21"><span class='ocrx_word' id='word_1_89' title='bbox 481 1922 634 2006; x_wconf 85' lang='lat' dir='ltr'>legitima</span> <span class='ocrx_word' id='word_1_90' title='bbox 650 1919 901 2005; x_wconf 90' lang='lat' dir='ltr'>dispensatione</span> <span class='ocrx_word' id='word_1_91' title='bbox 911 1939 1010 2005; x_wconf 91' lang='lat' dir='ltr'>super</span> <span class='ocrx_word' id='word_1_92' title='bbox 1024 1918 1090 1984; x_wconf 91' lang='lat' dir='ltr'>boc</span> <span class='ocrx_word' id='word_1_93' title='bbox 1104 1937 1175 1984; x_wconf 91' lang='lat' dir='ltr'>non</span> <span class='ocrx_word' id='word_1_94' title='bbox 1191 1920 1340 1999; x_wconf 89' lang='lat' dir='ltr'>obtenta,</span> <span class='ocrx_word' id='word_1_95' title='bbox 1352 1941 1420 1984; x_wconf 92' lang='lat' dir='ltr'>non</span> <span class='ocrx_word' id='word_1_96' title='bbox 1434 1941 1469 1985; x_wconf 89' lang='lat' dir='ltr'>se</span> <span class='ocrx_word' id='word_1_97' title='bbox 1481 1921 1561 1987; x_wconf 86' lang='lat' dir='ltr'>fecit</span> <span class='ocrx_word' id='word_1_98' title='bbox 1572 1921 1615 1987; x_wconf 91' lang='lat' dir='ltr'>ad</span> <span class='ocrx_word' id='word_1_99' title='bbox 1624 1923 1848 1989; x_wconf 88' lang='lat' dir='ltr'>sacerdotium</span> 
     </span>
     <span class='ocr_line' id='line_1_12' title="bbox 481 2022 1848 2111; baseline 0.003 -23"><span class='ocrx_word' id='word_1_100' title='bbox 481 2023 687 2111; x_wconf 88' lang='lat' dir='ltr'>promoveri,</span> <span class='ocrx_word' id='word_1_101' title='bbox 703 2023 758 2087; x_wconf 88' lang='lat' dir='ltr'>vel</span> <span class='ocrx_word' id='word_1_102' title='bbox 774 2022 841 2087; x_wconf 90' lang='lat' dir='ltr'>alio</span> <span class='ocrx_word' id='word_1_103' title='bbox 856 2022 975 2107; x_wconf 86' lang='lat' dir='ltr'>quovis</span> <span class='ocrx_word' id='word_1_104' title='bbox 990 2022 1093 2087; x_wconf 93' lang='lat' dir='ltr'>modo</span> <span class='ocrx_word' id='word_1_105' title='bbox 1108 2028 1218 2102; x_wconf 88' lang='lat' dir='ltr'>vacet,</span> <span class='ocrx_word' id='word_1_106' title='bbox 1234 2042 1293 2087; x_wconf 93' lang='lat' dir='ltr'>seu</span> <span class='ocrx_word' id='word_1_107' title='bbox 1317 2043 1394 2088; x_wconf 91' lang='lat' dir='ltr'>cum</span> <span class='ocrx_word' id='word_1_108' title='bbox 1410 2024 1519 2109; x_wconf 92' lang='lat' dir='ltr'>primo</span> <span class='ocrx_word' id='word_1_109' title='bbox 1533 2026 1678 2109; x_wconf 84' lang='lat' dir='ltr'>vacabit,</span> <span class='ocrx_word' id='word_1_110' title='bbox 1707 2037 1741 2092; x_wconf 90' lang='lat' dir='ltr'>et</span> <span class='ocrx_word' id='word_1_111' title='bbox 1761 2035 1848 2092; x_wconf 91' lang='lat' dir='ltr'>esset</span> 
     </span>
     <span class='ocr_line' id='line_1_13' title="bbox 481 2125 1847 2214; baseline 0.004 -23"><span class='ocrx_word' id='word_1_112' title='bbox 481 2148 541 2214; x_wconf 92' lang='lat' dir='ltr'>per</span> <span class='ocrx_word' id='word_1_113' title='bbox 567 2147 631 2192; x_wconf 91' lang='lat' dir='ltr'>vos</span> <span class='ocrx_word' id='word_1_114' title='bbox 654 2132 713 2191; x_wconf 91' lang='lat' dir='ltr'>aut</span> <span class='ocrx_word' id='word_1_115' title='bbox 732 2133 862 2191; x_wconf 88' lang='lat' dir='ltr'>vestros</span> <span class='ocrx_word' id='word_1_116' title='bbox 881 2125 1133 2211; x_wconf 85' lang='lat' dir='ltr'>predecessores</span> <span class='ocrx_word' id='word_1_117' title='bbox 1152 2125 1353 2209; x_wconf 87' lang='lat' dir='ltr'>generaliter</span> <span class='ocrx_word' id='word_1_118' title='bbox 1374 2129 1429 2192; x_wconf 83' lang='lat' dir='ltr'>vel</span> <span class='ocrx_word' id='word_1_119' title='bbox 1455 2129 1644 2214; x_wconf 88' lang='lat' dir='ltr'>specialiter</span> <span class='ocrx_word' id='word_1_120' title='bbox 1669 2140 1847 2213; x_wconf 88' lang='lat' dir='ltr'>reservata,</span> 
     </span>
     <span class='ocr_line' id='line_1_14' title="bbox 482 2229 1848 2318; baseline 0.004 -22"><span class='ocrx_word' id='word_1_121' title='bbox 482 2232 594 2298; x_wconf 87' lang='lat' dir='ltr'>eidem</span> <span class='ocrx_word' id='word_1_122' title='bbox 609 2229 761 2308; x_wconf 90' lang='lat' dir='ltr'>Johanni</span> <span class='ocrx_word' id='word_1_123' title='bbox 776 2230 959 2315; x_wconf 87' lang='lat' dir='ltr'>dignemini</span> <span class='ocrx_word' id='word_1_124' title='bbox 973 2230 1171 2317; x_wconf 88' lang='lat' dir='ltr'>providere;</span> <span class='ocrx_word' id='word_1_125' title='bbox 1188 2252 1258 2297; x_wconf 91' lang='lat' dir='ltr'>non</span> <span class='ocrx_word' id='word_1_126' title='bbox 1274 2236 1359 2299; x_wconf 92' lang='lat' dir='ltr'>obst.</span> <span class='ocrx_word' id='word_1_127' title='bbox 1376 2234 1466 2318; x_wconf 94' lang='lat' dir='ltr'>quod</span> <span class='ocrx_word' id='word_1_128' title='bbox 1482 2235 1570 2301; x_wconf 89' lang='lat' dir='ltr'>idem</span> <span class='ocrx_word' id='word_1_129' title='bbox 1585 2233 1606 2312; x_wconf 92' lang='lat' dir='ltr'>J</span> <span class='ocrx_word' id='word_1_130' title='bbox 1609 2235 1759 2301; x_wconf 89' lang='lat' dir='ltr'>ohannes</span> <span class='ocrx_word' id='word_1_131' title='bbox 1775 2257 1848 2301; x_wconf 93' lang='lat' dir='ltr'>can.</span> 
     </span>
    </p>
   </div>
   <div class='ocr_carea' id='block_1_6' title="bbox 486 2332 1591 2524">
    <p class='ocr_par' dir='ltr' id='par_1_6' title="bbox 486 2332 1591 2524">
     <span class='ocr_line' id='line_1_15' title="bbox 486 2332 1591 2426; baseline 0.002 -26"><span class='ocrx_word' id='word_1_132' title='bbox 486 2344 522 2400; x_wconf 89' lang='lat' dir='ltr'>et</span> <span class='ocrx_word' id='word_1_133' title='bbox 537 2338 633 2421; x_wconf 85' lang='lat' dir='ltr'>preb.</span> <span class='ocrx_word' id='word_1_134' title='bbox 646 2334 729 2400; x_wconf 87' lang='lat' dir='ltr'>eccl.</span> <span class='ocrx_word' id='word_1_135' title='bbox 745 2332 926 2400; x_wconf 88' lang='lat' dir='ltr'>Belvacen.</span> <span class='ocrx_word' id='word_1_136' title='bbox 942 2334 1092 2400; x_wconf 91' lang='lat' dir='ltr'>noscitur</span> <span class='ocrx_word' id='word_1_137' title='bbox 1107 2334 1271 2400; x_wconf 89' lang='lat' dir='ltr'>obtinere.</span> <span class='ocrx_word' id='word_1_138' title='bbox 1287 2376 1330 2385; x_wconf 94' lang='lat'><em>-</em></span> <span class='ocrx_word' id='word_1_139' title='bbox 1347 2335 1423 2402; x_wconf 90' lang='lat' dir='ltr'>Fiat</span> <span class='ocrx_word' id='word_1_140' title='bbox 1439 2337 1479 2404; x_wconf 92' lang='lat' dir='ltr'>R.</span> <span class='ocrx_word' id='word_1_141' title='bbox 1589 2421 1591 2426; x_wconf 21' lang='grc' dir='ltr'>Ι</span> 
     </span>
     <span class='ocr_line' id='line_1_16' title="bbox 527 2436 1238 2524; baseline 0 -20"><span class='ocrx_word' id='word_1_142' title='bbox 527 2439 608 2504; x_wconf 88' lang='lat' dir='ltr'>Dat.</span> <span class='ocrx_word' id='word_1_143' title='bbox 624 2438 726 2504; x_wconf 84' lang='lat' dir='ltr'>Avin.</span> <span class='ocrx_word' id='word_1_144' title='bbox 743 2460 762 2522; x_wconf 90' lang='lat'>4</span> <span class='ocrx_word' id='word_1_145' title='bbox 777 2436 845 2504; x_wconf 88' lang='lat' dir='ltr'>kal.</span> <span class='ocrx_word' id='word_1_146' title='bbox 860 2447 957 2504; x_wconf 90' lang='lat' dir='ltr'>mart.</span> <span class='ocrx_word' id='word_1_147' title='bbox 974 2445 1008 2503; x_wconf 89' lang='lat' dir='ltr'>a⁰</span> <span class='ocrx_word' id='word_1_148' title='bbox 1024 2446 1066 2523; x_wconf 83' lang='lat'>5⁰.</span> <span class='ocrx_word' id='word_1_149' title='bbox 1080 2439 1152 2524; x_wconf 93' lang='lat'>(10,</span> <span class='ocrx_word' id='word_1_150' title='bbox 1170 2440 1238 2523; x_wconf 92' lang='lat'>86).</span> 
     </span>
    </p>
   </div>
   <div class='ocr_carea' id='block_1_7' title="bbox 479 2577 1850 4436">
    <p class='ocr_par' dir='ltr' id='par_1_7' title="bbox 539 2577 1805 2675">
     <span class='ocr_line' id='line_1_17' title="bbox 539 2577 1805 2675; baseline 0.002 -20"><span class='ocrx_word' id='word_1_151' title='bbox 539 2577 675 2661; x_wconf 85' lang='grc'><strong>1153.</strong></span> <span class='ocrx_word' id='word_1_152' title='bbox 1502 2592 1657 2675; x_wconf 72' lang='lat'>1347,26</span> <span class='ocrx_word' id='word_1_153' title='bbox 1691 2593 1805 2657; x_wconf 71' lang='lat' dir='ltr'>evrr&#39;er.</span> 
     </span>
    </p>

    <p class='ocr_par' dir='ltr' id='par_1_8' title="bbox 479 2593 1850 4333">
     <span class='ocr_line' id='line_1_18' title="bbox 529 2593 1849 2779; baseline 0 -21"><span class='ocrx_word' id='word_1_154' title='bbox 529 2694 634 2779; x_wconf 86' lang='lat' dir='ltr'>Supp.</span> <span class='ocrx_word' id='word_1_155' title='bbox 651 2691 848 2779; x_wconf 90' lang='lat' dir='ltr'>Raynaldus</span> <span class='ocrx_word' id='word_1_156' title='bbox 863 2690 906 2756; x_wconf 96' lang='lat' dir='ltr'>de</span> <span class='ocrx_word' id='word_1_157' title='bbox 931 2691 1007 2756; x_wconf 91' lang='lat' dir='ltr'>filiis</span> <span class='ocrx_word' id='word_1_158' title='bbox 1020 2691 1097 2758; x_wconf 89' lang='lat' dir='ltr'>Ursi</span> <span class='ocrx_word' id='word_1_159' title='bbox 1111 2702 1130 2773; x_wconf 85' lang='lat'>¹,</span> <span class='ocrx_word' id='word_1_160' title='bbox 1152 2701 1245 2777; x_wconf 90' lang='lat' dir='ltr'>quat.</span> <span class='ocrx_word' id='word_1_161' title='bbox 1258 2692 1319 2759; x_wconf 90' lang='lat' dir='ltr'>sibi</span> <span class='ocrx_word' id='word_1_162' title='bbox 1335 2713 1425 2778; x_wconf 88' lang='lat' dir='ltr'>spec.</span> <span class='ocrx_word' id='word_1_163' title='bbox 1440 2715 1488 2778; x_wconf 92' lang='lat' dir='ltr'>gr.</span> <span class='ocrx_word' id='word_1_164' title='bbox 1501 2593 1796 2774; x_wconf 66' lang='lat' dir='ltr'>facientesseidem</span> <span class='ocrx_word' id='word_1_165' title='bbox 1807 2693 1849 2759; x_wconf 92' lang='lat' dir='ltr'>de</span> 
     </span>
     <span class='ocr_line' id='line_1_19' title="bbox 480 2794 1848 2883; baseline 0.001 -22"><span class='ocrx_word' id='word_1_166' title='bbox 480 2796 652 2862; x_wconf 89' lang='lat' dir='ltr'>decanatu</span> <span class='ocrx_word' id='word_1_167' title='bbox 676 2804 796 2862; x_wconf 89' lang='lat' dir='ltr'>curato</span> <span class='ocrx_word' id='word_1_168' title='bbox 820 2796 902 2861; x_wconf 91' lang='lat' dir='ltr'>eccl.</span> <span class='ocrx_word' id='word_1_169' title='bbox 927 2794 1151 2877; x_wconf 83' lang='lat' dir='ltr'>Saresbirien,</span> <span class='ocrx_word' id='word_1_170' title='bbox 1178 2817 1219 2861; x_wconf 88' lang='lat' dir='ltr'>ex</span> <span class='ocrx_word' id='word_1_171' title='bbox 1240 2817 1282 2862; x_wconf 90' lang='lat' dir='ltr'>eo</span> <span class='ocrx_word' id='word_1_172' title='bbox 1301 2818 1374 2863; x_wconf 88' lang='lat' dir='ltr'>vac.</span> <span class='ocrx_word' id='word_1_173' title='bbox 1390 2806 1425 2862; x_wconf 90' lang='lat' dir='ltr'>et</span> <span class='ocrx_word' id='word_1_174' title='bbox 1441 2796 1485 2862; x_wconf 94' lang='lat' dir='ltr'>ad</span> <span class='ocrx_word' id='word_1_175' title='bbox 1501 2798 1576 2863; x_wconf 91' lang='lat' dir='ltr'>coll.</span> <span class='ocrx_word' id='word_1_176' title='bbox 1593 2805 1739 2863; x_wconf 88' lang='lat' dir='ltr'>vestram</span> <span class='ocrx_word' id='word_1_177' title='bbox 1756 2819 1848 2883; x_wconf 94' lang='lat' dir='ltr'>spec-</span> 
     </span>
     <span class='ocr_line' id='line_1_20' title="bbox 479 2897 1850 2986; baseline 0 -21"><span class='ocrx_word' id='word_1_178' title='bbox 479 2908 591 2979; x_wconf 85' lang='lat' dir='ltr'>tante,</span> <span class='ocrx_word' id='word_1_179' title='bbox 618 2900 709 2984; x_wconf 91' lang='lat' dir='ltr'>quod</span> <span class='ocrx_word' id='word_1_180' title='bbox 727 2898 896 2984; x_wconf 89' lang='lat' dir='ltr'>quondam</span> <span class='ocrx_word' id='word_1_181' title='bbox 916 2897 1121 2964; x_wconf 88' lang='lat' dir='ltr'>Bertrandus</span> <span class='ocrx_word' id='word_1_182' title='bbox 1135 2900 1178 2964; x_wconf 91' lang='lat' dir='ltr'>de</span> <span class='ocrx_word' id='word_1_183' title='bbox 1196 2899 1331 2985; x_wconf 88' lang='lat' dir='ltr'>Fargiis,</span> <span class='ocrx_word' id='word_1_184' title='bbox 1349 2901 1401 2966; x_wconf 92' lang='lat' dir='ltr'>cui</span> <span class='ocrx_word' id='word_1_185' title='bbox 1420 2901 1547 2965; x_wconf 91' lang='lat' dir='ltr'>dictum</span> <span class='ocrx_word' id='word_1_186' title='bbox 1566 2901 1778 2981; x_wconf 87' lang='lat' dir='ltr'>decanatum,</span> <span class='ocrx_word' id='word_1_187' title='bbox 1791 2922 1850 2986; x_wconf 88' lang='lat' dir='ltr'>per</span> 
     </span>
     <span class='ocr_line' id='line_1_21' title="bbox 480 3002 1849 3089; baseline 0 -19"><span class='ocrx_word' id='word_1_188' title='bbox 480 3007 538 3070; x_wconf 95' lang='lat' dir='ltr'>ob.</span> <span class='ocrx_word' id='word_1_189' title='bbox 554 3007 635 3070; x_wconf 93' lang='lat' dir='ltr'>bon.</span> <span class='ocrx_word' id='word_1_190' title='bbox 650 3025 752 3069; x_wconf 92' lang='lat' dir='ltr'>mem.</span> <span class='ocrx_word' id='word_1_191' title='bbox 767 3003 858 3069; x_wconf 89' lang='lat' dir='ltr'>dom.</span> <span class='ocrx_word' id='word_1_192' title='bbox 877 3002 1069 3089; x_wconf 91' lang='lat' dir='ltr'>Raymundi</span> <span class='ocrx_word' id='word_1_193' title='bbox 1085 3004 1127 3068; x_wconf 95' lang='lat' dir='ltr'>de</span> <span class='ocrx_word' id='word_1_194' title='bbox 1141 3002 1277 3089; x_wconf 90' lang='lat' dir='ltr'>Fargiis,</span> <span class='ocrx_word' id='word_1_195' title='bbox 1295 3005 1326 3069; x_wconf 90' lang='lat' dir='ltr'>S.</span> <span class='ocrx_word' id='word_1_196' title='bbox 1343 3002 1393 3069; x_wconf 91' lang='lat' dir='ltr'>M.</span> <span class='ocrx_word' id='word_1_197' title='bbox 1410 3003 1510 3069; x_wconf 92' lang='lat' dir='ltr'>Nove</span> <span class='ocrx_word' id='word_1_198' title='bbox 1526 3004 1612 3069; x_wconf 91' lang='lat' dir='ltr'>diac.</span> <span class='ocrx_word' id='word_1_199' title='bbox 1632 3003 1731 3085; x_wconf 77' lang='lat' dir='ltr'>card,</span> <span class='ocrx_word' id='word_1_200' title='bbox 1748 3025 1822 3070; x_wconf 89' lang='lat' dir='ltr'>vac.</span> <span class='ocrx_word' id='word_1_201' title='bbox 1838 3016 1849 3039; x_wconf 82' lang='lat'>²</span> 
     </span>
     <span class='ocr_line' id='line_1_22' title="bbox 480 3107 1847 3193; baseline -0.001 -20"><span class='ocrx_word' id='word_1_202' title='bbox 480 3107 575 3193; x_wconf 92' lang='lat' dir='ltr'>apud</span> <span class='ocrx_word' id='word_1_203' title='bbox 600 3107 714 3172; x_wconf 87' lang='lat' dir='ltr'>sedern</span> <span class='ocrx_word' id='word_1_204' title='bbox 739 3115 847 3193; x_wconf 87' lang='lat' dir='ltr'>apost.</span> <span class='ocrx_word' id='word_1_205' title='bbox 874 3107 1071 3187; x_wconf 89' lang='lat' dir='ltr'>contulistis,</span> <span class='ocrx_word' id='word_1_206' title='bbox 1088 3115 1270 3191; x_wconf 87' lang='lat' dir='ltr'>antequam</span> <span class='ocrx_word' id='word_1_207' title='bbox 1286 3108 1388 3193; x_wconf 90' lang='lat' dir='ltr'>ipsius</span> <span class='ocrx_word' id='word_1_208' title='bbox 1404 3109 1588 3174; x_wconf 87' lang='lat' dir='ltr'>decanatus</span> <span class='ocrx_word' id='word_1_209' title='bbox 1603 3108 1847 3193; x_wconf 88' lang='lat' dir='ltr'>possessionem</span> 
     </span>
     <span class='ocr_line' id='line_1_23' title="bbox 480 3211 1845 3298; baseline 0.001 -22"><span class='ocrx_word' id='word_1_210' title='bbox 480 3212 624 3298; x_wconf 88' lang='lat' dir='ltr'>pacifice</span> <span class='ocrx_word' id='word_1_211' title='bbox 649 3211 763 3276; x_wconf 84' lang='lat' dir='ltr'>fuisset</span> <span class='ocrx_word' id='word_1_212' title='bbox 787 3211 938 3296; x_wconf 72' lang='lat' dir='ltr'>adeptus</span> <span class='ocrx_word' id='word_1_213' title='bbox 955 3211 1105 3275; x_wconf 91' lang='lat' dir='ltr'>debitum</span> <span class='ocrx_word' id='word_1_214' title='bbox 1127 3221 1245 3276; x_wconf 90' lang='lat' dir='ltr'>nature</span> <span class='ocrx_word' id='word_1_215' title='bbox 1261 3213 1430 3297; x_wconf 88' lang='lat' dir='ltr'>persolvit,</span> <span class='ocrx_word' id='word_1_216' title='bbox 1447 3212 1629 3296; x_wconf 83' lang='lat' dir='ltr'>dignemini</span> <span class='ocrx_word' id='word_1_217' title='bbox 1646 3212 1845 3297; x_wconf 77' lang='lat' dir='ltr'>providere;</span> 
     </span>
     <span class='ocr_line' id='line_1_24' title="bbox 480 3314 1845 3401; baseline 0.001 -22"><span class='ocrx_word' id='word_1_218' title='bbox 480 3336 551 3379; x_wconf 95' lang='lat' dir='ltr'>non</span> <span class='ocrx_word' id='word_1_219' title='bbox 570 3318 656 3379; x_wconf 90' lang='lat' dir='ltr'>obst.</span> <span class='ocrx_word' id='word_1_220' title='bbox 672 3314 763 3398; x_wconf 90' lang='lat' dir='ltr'>quod</span> <span class='ocrx_word' id='word_1_221' title='bbox 778 3315 1089 3379; x_wconf 88' lang='lat' dir='ltr'>archidiaconatum</span> <span class='ocrx_word' id='word_1_222' title='bbox 1106 3323 1258 3380; x_wconf 89' lang='lat' dir='ltr'>curatum</span> <span class='ocrx_word' id='word_1_223' title='bbox 1270 3316 1311 3380; x_wconf 91' lang='lat' dir='ltr'>de</span> <span class='ocrx_word' id='word_1_224' title='bbox 1325 3315 1510 3401; x_wconf 91' lang='lat' dir='ltr'>Campania</span> <span class='ocrx_word' id='word_1_225' title='bbox 1526 3316 1559 3380; x_wconf 92' lang='lat' dir='ltr'>in</span> <span class='ocrx_word' id='word_1_226' title='bbox 1576 3318 1658 3381; x_wconf 88' lang='lat' dir='ltr'>eccl.</span> <span class='ocrx_word' id='word_1_227' title='bbox 1676 3317 1845 3397; x_wconf 71' lang='lat' dir='ltr'>Leodien,</span> 
     </span>
     <span class='ocr_line' id='line_1_25' title="bbox 481 3417 1844 3506; baseline 0.002 -23"><span class='ocrx_word' id='word_1_228' title='bbox 481 3428 517 3483; x_wconf 88' lang='lat' dir='ltr'>et</span> <span class='ocrx_word' id='word_1_229' title='bbox 543 3419 578 3481; x_wconf 95' lang='lat' dir='ltr'>in</span> <span class='ocrx_word' id='word_1_230' title='bbox 602 3417 781 3482; x_wconf 91' lang='lat' dir='ltr'>Tholetan.</span> <span class='ocrx_word' id='word_1_231' title='bbox 809 3426 844 3481; x_wconf 93' lang='lat' dir='ltr'>et</span> <span class='ocrx_word' id='word_1_232' title='bbox 871 3418 1020 3482; x_wconf 90' lang='lat' dir='ltr'>Paduan.</span> <span class='ocrx_word' id='word_1_233' title='bbox 1038 3419 1187 3482; x_wconf 86' lang='lat' dir='ltr'>ecclesiis</span> <span class='ocrx_word' id='word_1_234' title='bbox 1203 3440 1276 3483; x_wconf 90' lang='lat' dir='ltr'>can.</span> <span class='ocrx_word' id='word_1_235' title='bbox 1293 3426 1327 3482; x_wconf 91' lang='lat' dir='ltr'>et</span> <span class='ocrx_word' id='word_1_236' title='bbox 1343 3422 1434 3503; x_wconf 89' lang='lat' dir='ltr'>preb.</span> <span class='ocrx_word' id='word_1_237' title='bbox 1452 3420 1592 3499; x_wconf 91' lang='lat' dir='ltr'>obtinet,</span> <span class='ocrx_word' id='word_1_238' title='bbox 1609 3428 1643 3484; x_wconf 91' lang='lat' dir='ltr'>et</span> <span class='ocrx_word' id='word_1_239' title='bbox 1659 3442 1757 3506; x_wconf 85' lang='lat' dir='ltr'>super</span> <span class='ocrx_word' id='word_1_240' title='bbox 1772 3442 1844 3486; x_wconf 91' lang='lat' dir='ltr'>ean.</span> 
     </span>
     <span class='ocr_line' id='line_1_26' title="bbox 480 3519 1845 3609; baseline 0.002 -23"><span class='ocrx_word' id='word_1_241' title='bbox 480 3533 516 3586; x_wconf 90' lang='grc'>01</span> <span class='ocrx_word' id='word_1_242' title='bbox 532 3524 627 3607; x_wconf 88' lang='lat' dir='ltr'>preb.</span> <span class='ocrx_word' id='word_1_243' title='bbox 643 3522 685 3586; x_wconf 93' lang='lat' dir='ltr'>de</span> <span class='ocrx_word' id='word_1_244' title='bbox 703 3519 921 3605; x_wconf 86' lang='lat' dir='ltr'>Nassington,</span> <span class='ocrx_word' id='word_1_245' title='bbox 939 3523 1020 3586; x_wconf 88' lang='lat' dir='ltr'>eccl.</span> <span class='ocrx_word' id='word_1_246' title='bbox 1040 3520 1260 3601; x_wconf 88' lang='lat' dir='ltr'>Lincolnien.,</span> <span class='ocrx_word' id='word_1_247' title='bbox 1277 3542 1419 3604; x_wconf 87' lang='lat' dir='ltr'>quorum</span> <span class='ocrx_word' id='word_1_248' title='bbox 1435 3522 1584 3586; x_wconf 90' lang='lat' dir='ltr'>nondum</span> <span class='ocrx_word' id='word_1_249' title='bbox 1601 3533 1651 3588; x_wconf 89' lang='lat' dir='ltr'>est</span> <span class='ocrx_word' id='word_1_250' title='bbox 1666 3525 1845 3609; x_wconf 90' lang='lat' dir='ltr'>possessio-</span> 
     </span>
     <span class='ocr_line' id='line_1_27' title="bbox 480 3624 1846 3710; baseline 0.003 -21"><span class='ocrx_word' id='word_1_251' title='bbox 480 3647 560 3689; x_wconf 88' lang='lat' dir='ltr'>nem</span> <span class='ocrx_word' id='word_1_252' title='bbox 591 3625 743 3710; x_wconf 90' lang='lat' dir='ltr'>adeptus,</span> <span class='ocrx_word' id='word_1_253' title='bbox 771 3626 804 3689; x_wconf 94' lang='lat' dir='ltr'>in</span> <span class='ocrx_word' id='word_1_254' title='bbox 833 3624 931 3690; x_wconf 91' lang='lat' dir='ltr'>Rom.</span> <span class='ocrx_word' id='word_1_255' title='bbox 960 3647 1027 3691; x_wconf 87' lang='lat' dir='ltr'>cur.</span> <span class='ocrx_word' id='word_1_256' title='bbox 1053 3627 1170 3710; x_wconf 87' lang='lat' dir='ltr'>litigat,</span> <span class='ocrx_word' id='word_1_257' title='bbox 1188 3635 1221 3690; x_wconf 89' lang='lat' dir='ltr'>et</span> <span class='ocrx_word' id='word_1_258' title='bbox 1248 3626 1339 3710; x_wconf 92' lang='lat' dir='ltr'>quod</span> <span class='ocrx_word' id='word_1_259' title='bbox 1363 3628 1404 3691; x_wconf 93' lang='lat' dir='ltr'>de</span> <span class='ocrx_word' id='word_1_260' title='bbox 1430 3627 1705 3693; x_wconf 86' lang='lat' dir='ltr'>archidiaconatu</span> <span class='ocrx_word' id='word_1_261' title='bbox 1731 3637 1846 3694; x_wconf 90' lang='lat' dir='ltr'>curato</span> 
     </span>
     <span class='ocr_line' id='line_1_28' title="bbox 480 3729 1845 3816; baseline 0.003 -23"><span class='ocrx_word' id='word_1_262' title='bbox 480 3729 678 3814; x_wconf 85' lang='lat' dir='ltr'>Leycestrie</span> <span class='ocrx_word' id='word_1_263' title='bbox 706 3730 738 3792; x_wconf 93' lang='lat' dir='ltr'>in</span> <span class='ocrx_word' id='word_1_264' title='bbox 765 3729 856 3794; x_wconf 92' lang='lat' dir='ltr'>dicta</span> <span class='ocrx_word' id='word_1_265' title='bbox 881 3731 962 3794; x_wconf 90' lang='lat' dir='ltr'>eccl.</span> <span class='ocrx_word' id='word_1_266' title='bbox 992 3729 1211 3808; x_wconf 71' lang='lat' dir='ltr'>Lincolnien,</span> <span class='ocrx_word' id='word_1_267' title='bbox 1239 3737 1320 3794; x_wconf 91' lang='lat' dir='ltr'>tunc</span> <span class='ocrx_word' id='word_1_268' title='bbox 1347 3750 1407 3814; x_wconf 89' lang='lat' dir='ltr'>per</span> <span class='ocrx_word' id='word_1_269' title='bbox 1433 3734 1486 3795; x_wconf 92' lang='lat' dir='ltr'>ob.</span> <span class='ocrx_word' id='word_1_270' title='bbox 1515 3731 1616 3816; x_wconf 89' lang='lat' dir='ltr'>ipsius</span> <span class='ocrx_word' id='word_1_271' title='bbox 1643 3731 1732 3796; x_wconf 92' lang='lat' dir='ltr'>card.</span> <span class='ocrx_word' id='word_1_272' title='bbox 1763 3753 1845 3811; x_wconf 73' lang='lat' dir='ltr'>vac,</span> 
     </span>
     <span class='ocr_line' id='line_1_29' title="bbox 480 3832 1846 3919; baseline 0.001 -23"><span class='ocrx_word' id='word_1_273' title='bbox 480 3833 698 3918; x_wconf 79' lang='lat' dir='ltr'>providistis3</span> <span class='ocrx_word' id='word_1_274' title='bbox 726 3854 826 3916; x_wconf 91' lang='lat' dir='ltr'>quem</span> <span class='ocrx_word' id='word_1_275' title='bbox 851 3832 1172 3912; x_wconf 88' lang='lat' dir='ltr'>archidiaconatum,</span> <span class='ocrx_word' id='word_1_276' title='bbox 1198 3841 1274 3917; x_wconf 88' lang='lat' dir='ltr'>post</span> <span class='ocrx_word' id='word_1_277' title='bbox 1300 3834 1545 3898; x_wconf 88' lang='lat' dir='ltr'>assecutionem</span> <span class='ocrx_word' id='word_1_278' title='bbox 1566 3836 1744 3919; x_wconf 86' lang='lat' dir='ltr'>pacificam</span> <span class='ocrx_word' id='word_1_279' title='bbox 1766 3835 1846 3900; x_wconf 90' lang='lat' dir='ltr'>dicti</span> 
     </span>
     <span class='ocr_line' id='line_1_30' title="bbox 480 3936 1847 4021; baseline 0.001 -20"><span class='ocrx_word' id='word_1_280' title='bbox 480 3937 675 4014; x_wconf 67' lang='lat' dir='ltr'>decanatus</span> <span class='ocrx_word' id='word_1_281' title='bbox 701 3946 839 4021; x_wconf 90' lang='lat' dir='ltr'>paratus</span> <span class='ocrx_word' id='word_1_282' title='bbox 863 3945 914 4001; x_wconf 92' lang='lat' dir='ltr'>est</span> <span class='ocrx_word' id='word_1_283' title='bbox 940 3937 1119 4016; x_wconf 89' lang='lat' dir='ltr'>dimittere,</span> <span class='ocrx_word' id='word_1_284' title='bbox 1136 3937 1162 4002; x_wconf 93' lang='lat' dir='ltr'>si</span> <span class='ocrx_word' id='word_1_285' title='bbox 1179 3936 1219 4001; x_wconf 84' lang='lat' dir='ltr'>V.</span> <span class='ocrx_word' id='word_1_286' title='bbox 1245 3937 1405 4021; x_wconf 88' lang='lat' dir='ltr'>placuerit</span> <span class='ocrx_word' id='word_1_287' title='bbox 1431 3938 1485 4016; x_wconf 86' lang='lat' dir='ltr'>S.;</span> <span class='ocrx_word' id='word_1_288' title='bbox 1510 3958 1586 4002; x_wconf 88' lang='lat' dir='ltr'>curn</span> <span class='ocrx_word' id='word_1_289' title='bbox 1609 3938 1739 4017; x_wconf 91' lang='lat' dir='ltr'>eodem,</span> <span class='ocrx_word' id='word_1_290' title='bbox 1757 3939 1847 4021; x_wconf 91' lang='lat' dir='ltr'>quod</span> 
     </span>
     <span class='ocr_line' id='line_1_31' title="bbox 483 4039 1846 4127; baseline 0.001 -22"><span class='ocrx_word' id='word_1_291' title='bbox 483 4041 611 4106; x_wconf 89' lang='lat' dir='ltr'>dictum</span> <span class='ocrx_word' id='word_1_292' title='bbox 627 4040 828 4105; x_wconf 90' lang='lat' dir='ltr'>decanatum</span> <span class='ocrx_word' id='word_1_293' title='bbox 845 4061 1002 4105; x_wconf 90' lang='lat' dir='ltr'>unacum</span> <span class='ocrx_word' id='word_1_294' title='bbox 1022 4041 1298 4106; x_wconf 85' lang='lat' dir='ltr'>archidiaconatu</span> <span class='ocrx_word' id='word_1_295' title='bbox 1308 4041 1349 4105; x_wconf 93' lang='lat' dir='ltr'>de</span> <span class='ocrx_word' id='word_1_296' title='bbox 1360 4039 1546 4125; x_wconf 89' lang='lat' dir='ltr'>Campania</span> <span class='ocrx_word' id='word_1_297' title='bbox 1564 4051 1598 4105; x_wconf 93' lang='lat' dir='ltr'>et</span> <span class='ocrx_word' id='word_1_298' title='bbox 1615 4062 1687 4106; x_wconf 90' lang='lat' dir='ltr'>can.</span> <span class='ocrx_word' id='word_1_299' title='bbox 1704 4050 1739 4105; x_wconf 90' lang='lat' dir='ltr'>et</span> <span class='ocrx_word' id='word_1_300' title='bbox 1754 4046 1846 4127; x_wconf 90' lang='lat' dir='ltr'>preb.</span> 
     </span>
     <span class='ocr_line' id='line_1_32' title="bbox 483 4144 1847 4229; baseline 0.002 -21"><span class='ocrx_word' id='word_1_301' title='bbox 483 4144 643 4229; x_wconf 87' lang='lat' dir='ltr'>predictis</span> <span class='ocrx_word' id='word_1_302' title='bbox 659 4144 761 4208; x_wconf 89' lang='lat' dir='ltr'>libere</span> <span class='ocrx_word' id='word_1_303' title='bbox 777 4152 811 4209; x_wconf 89' lang='lat' dir='ltr'>et</span> <span class='ocrx_word' id='word_1_304' title='bbox 827 4145 918 4210; x_wconf 89' lang='lat' dir='ltr'>licite</span> <span class='ocrx_word' id='word_1_305' title='bbox 930 4146 1043 4210; x_wconf 89' lang='lat' dir='ltr'>valeat</span> <span class='ocrx_word' id='word_1_306' title='bbox 1058 4145 1211 4225; x_wconf 87' lang='lat' dir='ltr'>retinere,</span> <span class='ocrx_word' id='word_1_307' title='bbox 1227 4145 1403 4228; x_wconf 87' lang='lat' dir='ltr'>gratiosius</span> <span class='ocrx_word' id='word_1_308' title='bbox 1419 4145 1658 4229; x_wconf 82' lang='lat' dir='ltr'>dispensantes</span> <span class='ocrx_word' id='word_1_309' title='bbox 1669 4186 1712 4194; x_wconf 96' lang='lat'><strong>—</strong></span> <span class='ocrx_word' id='word_1_310' title='bbox 1725 4144 1800 4211; x_wconf 88' lang='lat' dir='ltr'>Fiat</span> <span class='ocrx_word' id='word_1_311' title='bbox 1812 4155 1847 4211; x_wconf 91' lang='grc'>01</span> 
     </span>
     <span class='ocr_line' id='line_1_33' title="bbox 484 4247 1298 4333; baseline 0.002 -22"><span class='ocrx_word' id='word_1_312' title='bbox 484 4248 645 4327; x_wconf 91' lang='lat' dir='ltr'>dimittat,</span> <span class='ocrx_word' id='word_1_313' title='bbox 662 4256 700 4311; x_wconf 91' lang='lat' dir='ltr'>ut</span> <span class='ocrx_word' id='word_1_314' title='bbox 715 4248 835 4327; x_wconf 84' lang='lat' dir='ltr'>offert;</span> <span class='ocrx_word' id='word_1_315' title='bbox 852 4248 894 4312; x_wconf 91' lang='lat' dir='ltr'>de</span> <span class='ocrx_word' id='word_1_316' title='bbox 911 4249 984 4313; x_wconf 88' lang='lat' dir='ltr'>aliis</span> <span class='ocrx_word' id='word_1_317' title='bbox 999 4249 1240 4333; x_wconf 90' lang='lat' dir='ltr'>dispensamus.</span> <span class='ocrx_word' id='word_1_318' title='bbox 1258 4247 1298 4313; x_wconf 91' lang='lat' dir='ltr'>R.</span> 
     </span>
    </p>

    <p class='ocr_par' dir='ltr' id='par_1_9' title="bbox 526 4351 1254 4436">
     <span class='ocr_line' id='line_1_34' title="bbox 526 4351 1254 4436; baseline 0.003 -22"><span class='ocrx_word' id='word_1_319' title='bbox 526 4353 608 4416; x_wconf 92' lang='lat' dir='ltr'>Dat.</span> <span class='ocrx_word' id='word_1_320' title='bbox 624 4352 724 4416; x_wconf 83' lang='lat' dir='ltr'>Avin.</span> <span class='ocrx_word' id='word_1_321' title='bbox 742 4375 761 4435; x_wconf 83' lang='lat'>4</span> <span class='ocrx_word' id='word_1_322' title='bbox 778 4351 845 4417; x_wconf 90' lang='lat' dir='ltr'>kal.</span> <span class='ocrx_word' id='word_1_323' title='bbox 862 4362 960 4417; x_wconf 91' lang='lat' dir='ltr'>mart.</span> <span class='ocrx_word' id='word_1_324' title='bbox 978 4360 1011 4416; x_wconf 86' lang='lat' dir='ltr'>a⁰</span> <span class='ocrx_word' id='word_1_325' title='bbox 1028 4361 1069 4436; x_wconf 88' lang='lat'>5⁰.</span> <span class='ocrx_word' id='word_1_326' title='bbox 1084 4353 1156 4434; x_wconf 90' lang='grc'><strong>(10,</strong></span> <span class='ocrx_word' id='word_1_327' title='bbox 1172 4353 1254 4435; x_wconf 59' lang='grc'><strong>931).</strong></span> 
     </span>
    </p>
   </div>
   <div class='ocr_carea' id='block_1_8' title="bbox 485 4489 1846 5108">
    <p class='ocr_par' dir='ltr' id='par_1_10' title="bbox 533 4489 1802 4591">
     <span class='ocr_line' id='line_1_35' title="bbox 533 4489 1802 4591; baseline 0.001 -22"><span class='ocrx_word' id='word_1_328' title='bbox 533 4489 673 4570; x_wconf 83' lang='grc'><strong>1154.</strong></span> <span class='ocrx_word' id='word_1_329' title='bbox 1500 4525 1594 4588; x_wconf 76' lang='lat'><em>1347,</em></span> <span class='ocrx_word' id='word_1_330' title='bbox 1612 4506 1802 4591; x_wconf 68' lang='lat' dir='ltr'>adsa‘orr&#39;er.</span> 
     </span>
    </p>

    <p class='ocr_par' dir='ltr' id='par_1_11' title="bbox 485 4605 1846 5004">
     <span class='ocr_line' id='line_1_36' title="bbox 524 4605 1845 4694; baseline 0.002 -24"><span class='ocrx_word' id='word_1_331' title='bbox 524 4607 627 4692; x_wconf 86' lang='lat' dir='ltr'>Supp.</span> <span class='ocrx_word' id='word_1_332' title='bbox 654 4605 900 4692; x_wconf 79' lang='lat' dir='ltr'>G[uillelmus],</span> <span class='ocrx_word' id='word_1_333' title='bbox 917 4606 948 4671; x_wconf 84' lang='lat' dir='ltr'>S.</span> <span class='ocrx_word' id='word_1_334' title='bbox 968 4605 1016 4671; x_wconf 91' lang='lat' dir='ltr'>M.</span> <span class='ocrx_word' id='word_1_335' title='bbox 1033 4606 1066 4670; x_wconf 90' lang='lat' dir='ltr'>in</span> <span class='ocrx_word' id='word_1_336' title='bbox 1083 4605 1263 4670; x_wconf 91' lang='lat' dir='ltr'>Cosmedin</span> <span class='ocrx_word' id='word_1_337' title='bbox 1283 4606 1369 4672; x_wconf 89' lang='lat' dir='ltr'>diac.</span> <span class='ocrx_word' id='word_1_338' title='bbox 1387 4606 1486 4688; x_wconf 72' lang='lat' dir='ltr'>card,</span> <span class='ocrx_word' id='word_1_339' title='bbox 1509 4618 1601 4691; x_wconf 89' lang='lat' dir='ltr'>quat.</span> <span class='ocrx_word' id='word_1_340' title='bbox 1621 4608 1757 4694; x_wconf 83' lang='lat' dir='ltr'>[capell.</span> <span class='ocrx_word' id='word_1_341' title='bbox 1776 4630 1845 4688; x_wconf 91' lang='lat' dir='ltr'>su0,</span> 
     </span>
     <span class='ocr_line' id='line_1_37' title="bbox 485 4710 1846 4797; baseline 0.002 -24"><span class='ocrx_word' id='word_1_342' title='bbox 485 4731 570 4795; x_wconf 90' lang='lat' dir='ltr'>mag.</span> <span class='ocrx_word' id='word_1_343' title='bbox 598 4710 788 4775; x_wconf 89' lang='lat' dir='ltr'>Raimundo</span> <span class='ocrx_word' id='word_1_344' title='bbox 814 4710 959 4791; x_wconf 88' lang='lat' dir='ltr'>Ebraldi,</span> <span class='ocrx_word' id='word_1_345' title='bbox 984 4710 1054 4795; x_wconf 71' lang='lat' dir='ltr'>lio]</span> <span class='ocrx_word' id='word_1_346' title='bbox 1083 4711 1115 4774; x_wconf 93' lang='lat' dir='ltr'>in</span> <span class='ocrx_word' id='word_1_347' title='bbox 1141 4712 1214 4795; x_wconf 76' lang='lat' dir='ltr'>leg,</span> <span class='ocrx_word' id='word_1_348' title='bbox 1238 4711 1846 4797; x_wconf 67' lang='grc' dir='ltr'><strong>.11111011.(11οο.,(100111010101).οο</strong></span> 
     </span>
     <span class='ocr_line' id='line_1_38' title="bbox 488 4814 1846 4900; baseline 0.004 -24"><span class='ocrx_word' id='word_1_349' title='bbox 488 4814 691 4879; x_wconf 88' lang='lat' dir='ltr'>thesauraria</span> <span class='ocrx_word' id='word_1_350' title='bbox 708 4816 790 4880; x_wconf 88' lang='lat' dir='ltr'>eccl.</span> <span class='ocrx_word' id='word_1_351' title='bbox 808 4815 1059 4899; x_wconf 88' lang='lat' dir='ltr'>Calagurritane</span> <span class='ocrx_word' id='word_1_352' title='bbox 1075 4814 1257 4899; x_wconf 91' lang='lat' dir='ltr'>dignemini</span> <span class='ocrx_word' id='word_1_353' title='bbox 1274 4815 1448 4900; x_wconf 72' lang='lat' dir='ltr'>proridere</span> <span class='ocrx_word' id='word_1_354' title='bbox 1464 4839 1471 4895; x_wconf 92' lang='lat'>;</span> <span class='ocrx_word' id='word_1_355' title='bbox 1489 4836 1557 4879; x_wconf 92' lang='lat' dir='ltr'>non</span> <span class='ocrx_word' id='word_1_356' title='bbox 1571 4819 1655 4881; x_wconf 92' lang='lat' dir='ltr'>obst.</span> <span class='ocrx_word' id='word_1_357' title='bbox 1669 4816 1759 4899; x_wconf 91' lang='lat' dir='ltr'>quod</span> <span class='ocrx_word' id='word_1_358' title='bbox 1771 4837 1846 4881; x_wconf 87' lang='lat' dir='ltr'>can.</span> 
     </span>
     <span class='ocr_line' id='line_1_39' title="bbox 491 4918 1671 5004; baseline 0.004 -25"><span class='ocrx_word' id='word_1_359' title='bbox 491 4921 544 4981; x_wconf 89' lang='lat' dir='ltr'>sub</span> <span class='ocrx_word' id='word_1_360' title='bbox 561 4940 636 5004; x_wconf 87' lang='lat' dir='ltr'>exp.</span> <span class='ocrx_word' id='word_1_361' title='bbox 653 4921 744 5004; x_wconf 89' lang='lat' dir='ltr'>preb.</span> <span class='ocrx_word' id='word_1_362' title='bbox 761 4919 793 4983; x_wconf 93' lang='lat' dir='ltr'>in</span> <span class='ocrx_word' id='word_1_363' title='bbox 810 4921 892 4984; x_wconf 88' lang='lat' dir='ltr'>eccl.</span> <span class='ocrx_word' id='word_1_364' title='bbox 910 4918 1124 4984; x_wconf 89' lang='lat' dir='ltr'>Cameracen.</span> <span class='ocrx_word' id='word_1_365' title='bbox 1141 4920 1289 4984; x_wconf 89' lang='lat' dir='ltr'>noscitur</span> <span class='ocrx_word' id='word_1_366' title='bbox 1305 4920 1465 4984; x_wconf 89' lang='lat' dir='ltr'>obtinere.</span> <span class='ocrx_word' id='word_1_367' title='bbox 1478 4960 1521 4968; x_wconf 91' lang='lat'>—</span> <span class='ocrx_word' id='word_1_368' title='bbox 1538 4918 1615 4984; x_wconf 86' lang='lat' dir='ltr'>Fiat</span> <span class='ocrx_word' id='word_1_369' title='bbox 1632 4920 1671 4984; x_wconf 91' lang='lat' dir='ltr'>R.</span> 
     </span>
    </p>

    <p class='ocr_par' dir='ltr' id='par_1_12' title="bbox 532 5022 1233 5108">
     <span class='ocr_line' id='line_1_40' title="bbox 532 5022 1233 5108; baseline 0.004 -23"><span class='ocrx_word' id='word_1_370' title='bbox 532 5022 606 5086; x_wconf 87' lang='lat' dir='ltr'>Dat.</span> <span class='ocrx_word' id='word_1_371' title='bbox 620 5023 720 5087; x_wconf 76' lang='lat' dir='ltr'>Avin.</span> <span class='ocrx_word' id='word_1_372' title='bbox 737 5045 756 5106; x_wconf 83' lang='lat'><strong>4</strong></span> <span class='ocrx_word' id='word_1_373' title='bbox 772 5022 838 5088; x_wconf 88' lang='lat' dir='ltr'>kal.</span> <span class='ocrx_word' id='word_1_374' title='bbox 855 5030 952 5088; x_wconf 90' lang='lat' dir='ltr'>mart.</span> <span class='ocrx_word' id='word_1_375' title='bbox 969 5030 1002 5088; x_wconf 88' lang='lat' dir='ltr'>a⁰</span> <span class='ocrx_word' id='word_1_376' title='bbox 1016 5031 1057 5107; x_wconf 86' lang='lat'>5⁰.</span> <span class='ocrx_word' id='word_1_377' title='bbox 1076 5026 1146 5108; x_wconf 89' lang='lat' dir='ltr'>(lo,</span> <span class='ocrx_word' id='word_1_378' title='bbox 1166 5025 1233 5108; x_wconf 82' lang='lat'><strong>94).</strong></span> 
     </span>
    </p>
   </div>
   <div class='ocr_carea' id='block_1_9' title="bbox 499 5149 736 5163">
    <p class='ocr_par' dir='ltr' id='par_1_13' title="bbox 499 5149 736 5163">
     <span class='ocr_line' id='line_1_41' title="bbox 499 5149 736 5163; baseline 0.004 -2"><span class='ocrx_word' id='word_1_379' title='bbox 499 5149 736 5163; x_wconf 41' lang='lat'>*—</span> 
     </span>
    </p>
   </div>
   <div class='ocr_carea' id='block_1_10' title="bbox 526 5218 1382 5280">
    <p class='ocr_par' dir='ltr' id='par_1_14' title="bbox 526 5218 1382 5280">
     <span class='ocr_line' id='line_1_42' title="bbox 526 5218 1382 5280; baseline 0.007 -15"><span class='ocrx_word' id='word_1_380' title='bbox 526 5218 543 5267; x_wconf 92' lang='grc'>1,</span> <span class='ocrx_word' id='word_1_381' title='bbox 556 5220 624 5280; x_wconf 71' lang='lat' dir='ltr'>Bliss,</span> <span class='ocrx_word' id='word_1_382' title='bbox 639 5220 767 5279; x_wconf 70' lang='lat' dir='ltr'>Petiliana,</span> <span class='ocrx_word' id='word_1_383' title='bbox 780 5221 800 5279; x_wconf 86' lang='lat'>1,</span> <span class='ocrx_word' id='word_1_384' title='bbox 815 5222 862 5268; x_wconf 86' lang='grc'>106</span> <span class='ocrx_word' id='word_1_385' title='bbox 875 5237 880 5276; x_wconf 86' lang='grc'><strong>;</strong></span> <span class='ocrx_word' id='word_1_386' title='bbox 892 5222 946 5268; x_wconf 70' lang='lat' dir='ltr'>noir</span> <span class='ocrx_word' id='word_1_387' title='bbox 958 5237 983 5268; x_wconf 91' lang='lat' dir='ltr'>n.</span> <span class='ocrx_word' id='word_1_388' title='bbox 997 5225 1049 5275; x_wconf 76' lang='grc'><strong>121,</strong></span> <span class='ocrx_word' id='word_1_389' title='bbox 1063 5224 1160 5271; x_wconf 69' lang='grc'><strong>1103.-</strong></span> <span class='ocrx_word' id='word_1_390' title='bbox 1172 5221 1265 5269; x_wconf 71' lang='lat' dir='ltr'>avoir</span> <span class='ocrx_word' id='word_1_391' title='bbox 1277 5237 1301 5269; x_wconf 84' lang='lat' dir='ltr'>n.</span> <span class='ocrx_word' id='word_1_392' title='bbox 1313 5223 1382 5270; x_wconf 77' lang='grc'><strong>1010.</strong></span> 
     </span>
    </p>
   </div>
   <div class='ocr_carea' id='block_1_11' title="bbox 0 0 2334 6052">
    <p class='ocr_par' dir='ltr' id='par_1_15' title="bbox 0 0 2334 6052">
     <span class='ocr_line' id='line_1_43' title="bbox 0 0 2334 6052; baseline 0 0"><span class='ocrx_word' id='word_1_393' title='bbox 0 0 2334 6052; x_wconf 95' lang='lat' dir='ltr'> </span> 
     </span>
    </p>
   </div>
  </div>
 </body>
</html>
