4650 6059
412 795 474 859 250
972 792 1059 866 1846,
1083 793 1122 856 25
1145 793 1213 857 mai.

463 945 713 1029 984-985.
1476 963 1571 1044 1346,
1592 980 1636 1042 25
1653 963 1728 1025 anai.

456 1065 557 1150 Supp.
573 1063 720 1141 Jacobus
743 1059 860 1126 Loude
877 1071 896 1140 ¹,
920 1062 997 1125 cler.
1024 1058 1192 1125 Morinen.
1217 1060 1314 1140 dioc,
1330 1081 1417 1145 mag.
1428 1062 1459 1126 in
1477 1071 1550 1142 art,
1567 1063 1650 1128 alias
1666 1073 1747 1128 rectc

414 1168 652 1236 Universitatis
669 1165 870 1245 Parisiensis,
887 1172 979 1250 quat.
1001 1164 1062 1229 sibi
1078 1164 1120 1229 de
1133 1185 1208 1230 can.
1225 1173 1259 1230 et
1271 1168 1363 1251 preb.
1379 1187 1455 1231 curn
1467 1167 1558 1252 dign.
1570 1167 1603 1232 S.
1614 1166 1747 1232 Gennar

413 1272 613 1352 Montensis,
630 1270 850 1336 Cameracen.
865 1268 963 1348 dioc,
980 1268 1081 1333 etiam
1105 1269 1130 1333 si
1156 1269 1230 1354 quis
1244 1268 1287 1335 ad
1310 1289 1387 1335 eam
1401 1290 1462 1355 per
1477 1269 1681 1336 electionem
1697 1291 1747 1335 cor

411 1376 519 1440 suevit
535 1374 670 1454 assumi,
688 1371 870 1456 dignemini
883 1370 1070 1456 providere,
1087 1380 1121 1436 et
1137 1375 1197 1438 sub
1213 1372 1293 1438 data
1309 1373 1473 1458 magistris
1488 1374 1610 1439 artium
1635 1374 1747 1439 facult‘

411 1480 454 1544 tis
470 1498 641 1557 concessa,
658 1498 723 1560 que
739 1475 800 1540 fuit
826 1495 843 1540 2
860 1495 940 1540 non.
956 1475 1049 1560 april.
1076 1485 1109 1540 a⁰
1126 1484 1180 1559 3⁰;
1207 1497 1275 1542 non
1293 1479 1379 1542 obst.
1403 1477 1494 1562 quod
1520 1477 1611 1543 idem
1627 1476 1747 1554 Jacobr

412 1604 484 1647 can.
501 1585 561 1647 sub
578 1601 654 1666 exp.
672 1581 762 1665 preb.
779 1579 811 1643 S.
837 1577 926 1643 Petri
952 1577 1142 1659 insulensis,
1158 1577 1346 1645 Tomacen.
1374 1581 1471 1661 dioc,
1488 1581 1631 1662 obtinet,
1648 1590 1685 1646 et
1699 1584 1747 1647 ber

412 1687 493 1751 eccl.
511 1706 539 1751 c.
556 1706 584 1749 c.
601 1684 656 1748 vel
673 1704 699 1747 s.
715 1705 755 1763 c.,
783 1682 917 1747 etiamsi
941 1682 1282 1768 archipresbiteratus,
1298 1704 1395 1769 pers,
1412 1705 1470 1749 seu
1494 1685 1625 1765 decan,
1642 1685 1744 1750 etiam

412 1789 444 1852 in
459 1788 541 1853 eccl.
554 1785 705 1852 cathedr.
713 1787 844 1866 existat,
855 1795 1013 1871 spectans
1024 1786 1068 1851 ad
1084 1788 1299 1853 collationem
1316 1789 1429 1874 episc,
1441 1788 1559 1854 decani
1573 1798 1609 1853 et
1625 1789 1747 1875 capitul

413 1893 683 1976 singulorumque
701 1891 939 1955 canonicorum
956 1888 1123 1956 Morinen.
1150 1892 1299 1957 noscitur
1314 1901 1504 1978 expectare.
1520 1933 1563 1941 —
1581 1891 1659 1957 Fiat
1677 1892 1718 1958 R.
1732 1935 1747 1942 -

414 1994 454 2058 In
470 1994 577 2060 forma
588 2004 623 2059 et
640 1997 704 2060 sub
720 1994 799 2060 data
815 1994 961 2080 presenti
979 1994 1018 2060 R.

457 2140 539 2200 985.
565 2132 653 2212 Et...
676 2131 702 2197 si
719 2133 841 2217 placet,
858 2132 958 2197 certis
980 2133 1213 2199 executoribus
1228 2134 1347 2200 litteris
1361 2134 1481 2199 vestris
1495 2135 1574 2200 dare
1590 2135 1747 2220 dignemir

415 2238 448 2301 in
465 2236 641 2316 mandatis,
658 2245 695 2300 ut
722 2234 924 2301 Rollandum
948 2236 1124 2316 Aun'fabri,
1141 2237 1219 2303 cler.
1246 2236 1413 2303 Morinen.
1430 2237 1528 2318 dioc,
1544 2239 1578 2302 in
1606 2249 1747 2305 monast«

414 2341 499 2403 rium
526 2337 595 2404 BB.
620 2338 708 2403 Petri
732 2349 767 2403 et
794 2338 932 2404 Vedasti
958 2338 1001 2404 de
1029 2338 1200 2420 Euersam,
1225 2340 1295 2407 ord.
1321 2341 1354 2406 S.
1377 2344 1474 2426 Aug,
1501 2342 1592 2407 dicte
1616 2342 1716 2423 dioc,
1744 2346 1747 2406 i

416 2464 490 2508 can.
505 2442 607 2528 recipi
624 2451 659 2507 et
675 2443 709 2506 in
725 2442 872 2523 fratrem,
888 2451 964 2522 etc.,
981 2452 1018 2507 ut
1033 2443 1067 2507 in
1083 2443 1201 2510 forma.
1216 2484 1260 2494 —
1277 2443 1353 2510 Fiat
1368 2445 1401 2509 in
1418 2445 1534 2511 forma.
1552 2445 1593 2512 R.

460 2546 540 2612 Dat.
553 2545 652 2611 Avin.
669 2548 687 2611 8
704 2545 770 2610 kal.
782 2546 866 2630 junii
883 2553 917 2611 a⁰
931 2554 972 2630 5⁰.
989 2549 1055 2628 (ll,
1075 2548 1136 2630 δ”).

467 2683 580 2767 986.
1484 2701 1579 2783 1346,
1597 2719 1638 2781 25
1656 2702 1735 2766 anai.

459 2804 561 2888 Supp.
577 2822 694 2868 omnes
718 2810 753 2866 et
779 2802 896 2886 singuli
922 2802 1069 2885 magistri
1094 2801 1241 2866 nationis
1267 2802 1491 2883 Picardorum,
1518 2811 1597 2869 actu
1623 2811 1747 2888 regent

417 2907 559 2973 Parisius
573 2906 608 2971 in
624 2914 685 2971 art.
702 2905 872 2984 facultate,
888 2912 979 2989 quat.
1008 2905 1056 2969 eis
1079 2905 1261 2990 specialem
1285 2907 1426 2989 gratiam
1452 2906 1626 2987 facientes,
1644 2907 1677 2971 in
1705 2928 1748 2993 pe

409 3031 531 3076 sonam
547 3009 695 3094 magistri
721 3009 831 3073 Livini
855 3007 972 3093 Vulpis
981 3017 1007 3089 .¹,
1023 3007 1211 3074 Tomacen.
1227 3008 1325 3091 dioc,
1350 3018 1429 3076 actu
1444 3010 1590 3094 regentis
1605 3017 1618 3044 ²*
1635 3010 1747 3076 Parisii

416 3115 448 3177 in
465 3114 555 3180 dicta
571 3113 741 3191 facultate,
757 3112 800 3178 de
815 3114 891 3177 ben.
908 3112 999 3191 eccl,
1014 3132 1111 3197 pers,
1128 3113 1182 3176 vel
1199 3113 1266 3194 off,
1283 3134 1312 3179 c.
1328 3135 1357 3179 c.
1374 3115 1428 3178 vel
1444 3134 1468 3179 s.
1485 3134 1526 3193 c.,
1543 3122 1720 3198 spectante
1735 3136 1747 3178 a

409 3219 491 3283 coll.
519 3218 629 3303 episc,
657 3216 829 3302 prepositi,
855 3215 927 3280 dec.
966 3225 1001 3279 et
1027 3216 1174 3301 capituli,
1201 3238 1333 3282 necnon
1361 3217 1564 3301 singulorum
1592 3237 1666 3282 can.
1695 3238 1747 3281 ec<

410 3321 643 3401 Cameracen.,
654 3320 783 3386 etiamsi
801 3320 834 3382 in
850 3319 931 3385 eccl.
948 3320 1098 3385 cathedr.
1115 3321 1248 3401 existat,
1259 3322 1439 3405 dignemini
1457 3322 1667 3407 providere...
1684 3345 1692 3401 3
1709 3343 1747 3386 nc

409 3427 501 3489 obst.
518 3424 607 3508 quod
623 3424 732 3489 dictus
747 3444 834 3506 mag.
851 3423 1019 3506 quandam
1036 3426 1155 3509 capell.
1172 3426 1266 3510 parvi
1283 3425 1405 3489 valoris
1421 3425 1454 3488 in
1471 3427 1552 3490 eccl.
1569 3427 1601 3490 S.
1620 3425 1747 3490 Rumol

417 3525 656 3605 Maeliniensis,
676 3525 765 3592 dicte
791 3526 1005 3592 Cameracen.
1022 3527 1119 3607 dioc,
1135 3528 1284 3593 noscitur
1310 3528 1472 3593 obtinere.
1496 3567 1524 3578 -
1554 3527 1629 3593 Fiat
1646 3529 1747 3593 etiam

417 3632 449 3694 in
474 3631 556 3695 eccl.
573 3621 720 3694 cathedr.
738 3628 778 3695 R.
794 3671 836 3678 —
853 3629 941 3695 Item
958 3631 1028 3695 sine
1044 3632 1208 3696 examine.
1230 3668 1261 3678 -
1285 3631 1358 3696 Fiat
1377 3632 1416 3697 R.

460 3734 539 3798 Dat.
556 3733 654 3799 Am'n.
672 3737 690 3798 8
707 3733 771 3799 kal.
785 3734 867 3817 junii
885 3744 919 3799 a⁰
936 3743 975 3817 5⁰.
992 3736 1006 3816 f
1014 3742 1058 3814 11,
1077 3737 1135 3818 8l').

466 3875 580 3957 987.
1479 3906 1496 3948 r
1496 3885 1573 3968 546,
1596 3905 1638 3966 25
1656 3887 1733 3949 tnui.

459 3993 560 4078 Supp.
577 3992 761 4057 Cristianus
784 3991 826 4056 de
855 3991 927 4056 Elst
943 3999 963 4069 ³,
979 3990 1120 4055 nuncius
1145 3988 1385 4054 Universitatis
1413 3988 1607 4053 Parisiensis
1630 3988 1674 4054 ad
1689 3987 1730 4053 V.
1746 3999 1747 4009 ¹

415 4097 610 4176 destinatus,
627 4104 718 4179 quat.
734 4095 805 4173 sibi,
824 4092 1026 4177 Margarete,
1054 4092 1151 4156 matri
1169 4113 1237 4172 sue,
1256 4092 1460 4177 Engelberto
1485 4101 1519 4156 et
1536 4091 1698 4190 Anroldo,
1716 4092 1748 4157 fn

413 4200 519 4263 tribus
531 4200 606 4279 suiS,
621 4198 702 4277 Yde,
716 4198 817 4263 sorori
829 4218 897 4276 sue,
911 4196 1079 4261 Gobelino
1088 4197 1130 4260 de
1143 4195 1273 4277 Meren,
1289 4199 1408 4282 presb,
1425 4216 1465 4260 ac
1480 4194 1573 4260 Hille
1588 4195 1631 4260 de
1649 4194 1747 4260 Lawi'

415 4302 524 4381 vidue,
541 4304 675 4387 plenam
693 4301 758 4365 ind.
776 4301 808 4364 in
825 4309 885 4364 art.
902 4310 1000 4365 mort.
1017 4300 1200 4383 dignemini
1218 4300 1411 4365 concedere.
1424 4340 1466 4347 -
1483 4298 1559 4363 Fiat
1572 4297 1613 4364 R.

462 4405 548 4470 ltem
565 4414 655 4489 quat.
675 4404 941 4488 [consanguineo
957 4426 1017 4470 suo
1033 4403 1200 4468 Gobelino
1215 4403 1257 4468 de
1275 4402 1403 4482 Meren,
1428 4394 1553 4488 presb]
1586 4401 1747 4489 Trajecte‘

416 4508 513 4586 dioc,
529 4509 571 4573 de
588 4528 660 4572 can.
677 4516 711 4571 et
728 4510 819 4592 preb.
836 4510 916 4574 eccl.
934 4509 964 4573 S.
982 4508 1120 4572 Servatii
1138 4506 1369 4592 'srajectensis
1387 4506 1546 4572 Leodien.
1570 4506 1669 4587 dioc,
1689 4507 1747 4593 [va

417 4614 469 4675 vel
495 4610 620 4697 vacat]
647 4611 829 4695 dignemini
864 4612 1039 4697 providere
1054 4635 1063 4692 ;
1091 4632 1160 4676 non
1188 4614 1274 4677 obst.
1301 4610 1390 4695 quod
1417 4609 1586 4694 quandam
1619 4609 1747 4676 vicaria*

417 4737 509 4801 perp.
527 4716 559 4780 in
577 4717 658 4782 eccl.
676 4718 706 4781 S.
725 4715 773 4780 M.
791 4715 979 4799 'l'rajecten
996 4717 1179 4782 dinoscitur
1195 4717 1355 4781 obtinere.
1369 4757 1411 4764 -
1429 4714 1504 4779 Fiat
1522 4713 1562 4779 R.

462 4819 542 4884 Dat.
563 4821 662 4886 Avin.
680 4823 697 4883 8
715 4818 780 4883 kal.
794 4819 875 4902 junii
893 4827 926 4883 a⁰
944 4829 984 4903 5⁰.
1002 4823 1066 4903 (ll,
1085 4824 1143 4904 8¹).

449 5019 477 5080 a)
494 5017 550 5066 (hd.
564 5018 668 5075 chcns.

453 5240 473 5285 1.
486 5237 547 5284 Voir
559 5251 584 5284 u.
597 5239 651 5285 830.
665 5266 694 5271 -
709 5241 731 5285 2.
748 5237 849 5297 llcniflc,
866 5236 988 5297 (lectitat,
1004 5238 1036 5297 11,
1049 5240 1164 5297 ababli.
1176 5266 1205 5272 --
1218 5240 1240 5287 3.
1253 5239 1314 5286 l'oir
1327 5254 1350 5287 u.
1363 5241 1416 5297 831,
1430 5240 1485 5285 937.
