<?xml version="1.0" encoding="UTF-8"?>
<!DOCTYPE html PUBLIC "-//W3C//DTD XHTML 1.0 Transitional//EN"
    "http://www.w3.org/TR/xhtml1/DTD/xhtml1-transitional.dtd">
<html xmlns="http://www.w3.org/1999/xhtml" xml:lang="en" lang="en">
 <head>
  <title>
</title>
<meta http-equiv="Content-Type" content="text/html;charset=utf-8" />
  <meta name='ocr-system' content='tesseract 3.04.00' />
  <meta name='ocr-capabilities' content='ocr_page ocr_carea ocr_par ocr_line ocrx_word'/>
</head>
<body>
  <div class='ocr_page' id='page_1' title='image "./suppliquesdeclm00goog_0575.png"; bbox 0 0 4650 6059; ppageno 0'>
   <div class='ocr_carea' id='block_1_1' title="bbox 479 729 1301 811">
    <p class='ocr_par' dir='ltr' id='par_1_1' title="bbox 479 729 1301 811">
     <span class='ocr_line' id='line_1_1' title="bbox 479 729 1301 811; baseline -0.009 -12"><span class='ocrx_word' id='word_1_1' title='bbox 479 735 537 799; x_wconf 79' lang='lat'><strong>518</strong></span> <span class='ocrx_word' id='word_1_2' title='bbox 1018 731 1105 804; x_wconf 82' lang='lat'><strong>1350,</strong></span> <span class='ocrx_word' id='word_1_3' title='bbox 1129 730 1204 794; x_wconf 54' lang='lat' dir='ltr'><strong>rma</strong></span> <span class='ocrx_word' id='word_1_4' title='bbox 1223 729 1301 811; x_wconf 79' lang='lat' dir='ltr'><strong>jun.</strong></span> 
     </span>
    </p>
   </div>
   <div class='ocr_carea' id='block_1_2' title="bbox 481 882 1837 1384">
    <p class='ocr_par' dir='ltr' id='par_1_2' title="bbox 481 882 1837 1281">
     <span class='ocr_line' id='line_1_2' title="bbox 527 882 1837 971; baseline 0 -21"><span class='ocrx_word' id='word_1_5' title='bbox 527 893 629 953; x_wconf 81' lang='lat'><strong>1994.</strong></span> <span class='ocrx_word' id='word_1_6' title='bbox 647 885 735 951; x_wconf 88' lang='lat' dir='ltr'>Item</span> <span class='ocrx_word' id='word_1_7' title='bbox 751 906 846 971; x_wconf 89' lang='lat' dir='ltr'><strong>supp.</strong></span> <span class='ocrx_word' id='word_1_8' title='bbox 862 894 956 969; x_wconf 93' lang='lat' dir='ltr'><strong>quat.</strong></span> <span class='ocrx_word' id='word_1_9' title='bbox 971 882 1155 949; x_wconf 77' lang='lat' dir='ltr'><strong>Godelrido</strong></span> <span class='ocrx_word' id='word_1_10' title='bbox 1176 883 1219 949; x_wconf 94' lang='lat' dir='ltr'><strong>de</strong></span> <span class='ocrx_word' id='word_1_11' title='bbox 1243 882 1378 948; x_wconf 89' lang='lat' dir='ltr'><strong>Pursele</strong></span> <span class='ocrx_word' id='word_1_12' title='bbox 1394 884 1438 950; x_wconf 97' lang='lat' dir='ltr'><strong>de</strong></span> <span class='ocrx_word' id='word_1_13' title='bbox 1455 905 1531 950; x_wconf 92' lang='lat' dir='ltr'><strong>can.</strong></span> <span class='ocrx_word' id='word_1_14' title='bbox 1546 893 1583 950; x_wconf 94' lang='lat' dir='ltr'><strong>et</strong></span> <span class='ocrx_word' id='word_1_15' title='bbox 1597 888 1695 971; x_wconf 87' lang='lat' dir='ltr'><strong>preb.</strong></span> <span class='ocrx_word' id='word_1_16' title='bbox 1711 887 1837 951; x_wconf 84' lang='lat' dir='ltr'>ecclesie</span> 
     </span>
     <span class='ocr_line' id='line_1_3' title="bbox 481 988 1836 1075; baseline -0.001 -20"><span class='ocrx_word' id='word_1_17' title='bbox 481 992 513 1056; x_wconf 89' lang='lat' dir='ltr'><strong>S.</strong></span> <span class='ocrx_word' id='word_1_18' title='bbox 531 990 581 1055; x_wconf 83' lang='lat' dir='ltr'><strong>M.</strong></span> <span class='ocrx_word' id='word_1_19' title='bbox 596 990 871 1074; x_wconf 80' lang='lat' dir='ltr'><strong>Antwerpiensis,</strong></span> <span class='ocrx_word' id='word_1_20' title='bbox 892 988 1109 1053; x_wconf 89' lang='lat' dir='ltr'><strong>Cameracen.</strong></span> <span class='ocrx_word' id='word_1_21' title='bbox 1131 988 1230 1067; x_wconf 81' lang='lat' dir='ltr'><strong>dioc,</strong></span> <span class='ocrx_word' id='word_1_22' title='bbox 1253 988 1435 1073; x_wconf 88' lang='lat' dir='ltr'>dignemini</span> <span class='ocrx_word' id='word_1_23' title='bbox 1459 989 1639 1075; x_wconf 77' lang='lat' dir='ltr'><strong>providere</strong></span> <span class='ocrx_word' id='word_1_24' title='bbox 1653 1014 1663 1069; x_wconf 89' lang='lat'>;</span> <span class='ocrx_word' id='word_1_25' title='bbox 1678 1012 1752 1056; x_wconf 93' lang='lat' dir='ltr'><strong>non</strong></span> <span class='ocrx_word' id='word_1_26' title='bbox 1767 994 1836 1056; x_wconf 87' lang='lat' dir='ltr'><strong>obst.</strong></span> 
     </span>
     <span class='ocr_line' id='line_1_4' title="bbox 482 1090 1836 1179; baseline -0.001 -20"><span class='ocrx_word' id='word_1_27' title='bbox 482 1094 572 1179; x_wconf 91' lang='lat' dir='ltr'><strong>quod</strong></span> <span class='ocrx_word' id='word_1_28' title='bbox 588 1094 621 1157; x_wconf 90' lang='lat' dir='ltr'><strong>in</strong></span> <span class='ocrx_word' id='word_1_29' title='bbox 637 1093 669 1158; x_wconf 90' lang='lat' dir='ltr'><strong>S.</strong></span> <span class='ocrx_word' id='word_1_30' title='bbox 684 1092 815 1157; x_wconf 86' lang='lat' dir='ltr'><strong>Godele</strong></span> <span class='ocrx_word' id='word_1_31' title='bbox 841 1101 877 1156; x_wconf 92' lang='lat' dir='ltr'><strong>et</strong></span> <span class='ocrx_word' id='word_1_32' title='bbox 900 1091 932 1157; x_wconf 90' lang='lat' dir='ltr'><strong>S.</strong></span> <span class='ocrx_word' id='word_1_33' title='bbox 956 1091 988 1167; x_wconf 91' lang='lat' dir='ltr'><strong>J.</strong></span> <span class='ocrx_word' id='word_1_34' title='bbox 1011 1090 1049 1156; x_wconf 90' lang='lat' dir='ltr'><strong>B.</strong></span> <span class='ocrx_word' id='word_1_35' title='bbox 1074 1091 1224 1156; x_wconf 88' lang='lat' dir='ltr'><strong>ecclesiis</strong></span> <span class='ocrx_word' id='word_1_36' title='bbox 1249 1090 1483 1173; x_wconf 86' lang='lat' dir='ltr'><strong>Bruxellensis,</strong></span> <span class='ocrx_word' id='word_1_37' title='bbox 1508 1093 1601 1159; x_wconf 90' lang='lat' dir='ltr'><strong>dicte</strong></span> <span class='ocrx_word' id='word_1_38' title='bbox 1628 1093 1836 1160; x_wconf 84' lang='lat' dir='ltr'><strong>Cameracen.</strong></span> 
     </span>
     <span class='ocr_line' id='line_1_5' title="bbox 481 1195 1167 1281; baseline -0.003 -18"><span class='ocrx_word' id='word_1_39' title='bbox 481 1198 579 1276; x_wconf 76' lang='lat' dir='ltr'><strong>dioc,</strong></span> <span class='ocrx_word' id='word_1_40' title='bbox 596 1195 801 1281; x_wconf 82' lang='lat' dir='ltr'><strong>capellanias</strong></span> <span class='ocrx_word' id='word_1_41' title='bbox 816 1196 958 1260; x_wconf 89' lang='lat' dir='ltr'><strong>obtinet.</strong></span> <span class='ocrx_word' id='word_1_42' title='bbox 974 1237 1017 1244; x_wconf 95' lang='lat'>—</span> <span class='ocrx_word' id='word_1_43' title='bbox 1034 1195 1110 1261; x_wconf 88' lang='lat' dir='ltr'><strong>Fiat</strong></span> <span class='ocrx_word' id='word_1_44' title='bbox 1119 1195 1167 1261; x_wconf 71' lang='grc' dir='ltr'><strong>Ἠ.</strong></span> 
     </span>
    </p>

    <p class='ocr_par' dir='ltr' id='par_1_3' title="bbox 526 1298 1200 1384">
     <span class='ocr_line' id='line_1_6' title="bbox 526 1298 1200 1384; baseline -0.001 -19"><span class='ocrx_word' id='word_1_45' title='bbox 526 1302 606 1365; x_wconf 92' lang='lat' dir='ltr'><strong>Dat.</strong></span> <span class='ocrx_word' id='word_1_46' title='bbox 622 1301 723 1365; x_wconf 80' lang='lat' dir='ltr'><strong>Avin.</strong></span> <span class='ocrx_word' id='word_1_47' title='bbox 740 1298 806 1364; x_wconf 88' lang='lat' dir='ltr'><strong>kal.</strong></span> <span class='ocrx_word' id='word_1_48' title='bbox 818 1300 903 1384; x_wconf 86' lang='lat' dir='ltr'><strong>junii</strong></span> <span class='ocrx_word' id='word_1_49' title='bbox 919 1307 954 1364; x_wconf 86' lang='lat' dir='ltr'><strong>a⁰</strong></span> <span class='ocrx_word' id='word_1_50' title='bbox 971 1308 1013 1380; x_wconf 90' lang='lat'><strong>9⁰.</strong></span> <span class='ocrx_word' id='word_1_51' title='bbox 1030 1301 1110 1381; x_wconf 87' lang='lat'><strong>(20,</strong></span> <span class='ocrx_word' id='word_1_52' title='bbox 1127 1304 1200 1384; x_wconf 82' lang='lat'>24&#39;)</span> 
     </span>
    </p>
   </div>
   <div class='ocr_carea' id='block_1_3' title="bbox 481 1435 1881 3811">
    <p class='ocr_par' dir='ltr' id='par_1_4' title="bbox 531 1435 1806 1533">
     <span class='ocr_line' id='line_1_7' title="bbox 531 1435 1806 1533; baseline 0.001 -18"><span class='ocrx_word' id='word_1_53' title='bbox 531 1435 674 1518; x_wconf 84' lang='lat'><strong>1995.</strong></span> <span class='ocrx_word' id='word_1_54' title='bbox 1531 1470 1629 1533; x_wconf 77' lang='lat'><strong>1550,</strong></span> <span class='ocrx_word' id='word_1_55' title='bbox 1657 1458 1702 1515; x_wconf 75' lang='lat' dir='ltr'><strong>1‘r</strong></span> <span class='ocrx_word' id='word_1_56' title='bbox 1719 1451 1806 1531; x_wconf 80' lang='lat' dir='ltr'><strong>jain.</strong></span> 
     </span>
    </p>

    <p class='ocr_par' dir='ltr' id='par_1_5' title="bbox 481 1552 1881 3708">
     <span class='ocr_line' id='line_1_8' title="bbox 525 1552 1840 1639; baseline -0.001 -21"><span class='ocrx_word' id='word_1_57' title='bbox 525 1555 615 1639; x_wconf 90' lang='lat' dir='ltr'><strong>Sign.</strong></span> <span class='ocrx_word' id='word_1_58' title='bbox 632 1555 663 1619; x_wconf 88' lang='lat' dir='ltr'><strong>S.</strong></span> <span class='ocrx_word' id='word_1_59' title='bbox 680 1554 720 1620; x_wconf 77' lang='lat' dir='ltr'><strong>V.</strong></span> <span class='ocrx_word' id='word_1_60' title='bbox 735 1555 850 1620; x_wconf 89' lang='lat' dir='ltr'><strong>devoti</strong></span> <span class='ocrx_word' id='word_1_61' title='bbox 876 1555 933 1618; x_wconf 88' lang='lat' dir='ltr'><strong>filii</strong></span> <span class='ocrx_word' id='word_1_62' title='bbox 957 1556 1058 1620; x_wconf 87' lang='lat' dir='ltr'><strong>vestri</strong></span> <span class='ocrx_word' id='word_1_63' title='bbox 1081 1553 1230 1634; x_wconf 78' lang='lat' dir='ltr'><strong>Carolus,</strong></span> <span class='ocrx_word' id='word_1_64' title='bbox 1246 1574 1303 1618; x_wconf 86' lang='lat' dir='ltr'><strong>rex</strong></span> <span class='ocrx_word' id='word_1_65' title='bbox 1329 1552 1492 1631; x_wconf 83' lang='lat' dir='ltr'><strong>Navarre,</strong></span> <span class='ocrx_word' id='word_1_66' title='bbox 1517 1563 1552 1618; x_wconf 90' lang='lat' dir='ltr'><strong>et</strong></span> <span class='ocrx_word' id='word_1_67' title='bbox 1576 1552 1752 1631; x_wconf 90' lang='lat' dir='ltr'><strong>Johanna,</strong></span> <span class='ocrx_word' id='word_1_68' title='bbox 1772 1567 1840 1618; x_wconf 86' lang='lat' dir='ltr'><strong>nata</strong></span> 
     </span>
     <span class='ocr_line' id='line_1_9' title="bbox 481 1655 1839 1741; baseline -0.002 -18"><span class='ocrx_word' id='word_1_69' title='bbox 481 1658 576 1723; x_wconf 88' lang='lat' dir='ltr'><strong>ducis</strong></span> <span class='ocrx_word' id='word_1_70' title='bbox 588 1656 780 1738; x_wconf 90' lang='lat' dir='ltr'><strong>Brabantie,</strong></span> <span class='ocrx_word' id='word_1_71' title='bbox 789 1658 880 1741; x_wconf 93' lang='lat' dir='ltr'><strong>quod</strong></span> <span class='ocrx_word' id='word_1_72' title='bbox 901 1679 977 1723; x_wconf 89' lang='lat' dir='ltr'><strong>cum</strong></span> <span class='ocrx_word' id='word_1_73' title='bbox 989 1657 1114 1723; x_wconf 92' lang='lat' dir='ltr'><strong>dudum</strong></span> <span class='ocrx_word' id='word_1_74' title='bbox 1127 1658 1214 1721; x_wconf 90' lang='lat' dir='ltr'><strong>inter</strong></span> <span class='ocrx_word' id='word_1_75' title='bbox 1225 1677 1338 1741; x_wconf 89' lang='lat' dir='ltr'><strong>regem</strong></span> <span class='ocrx_word' id='word_1_76' title='bbox 1349 1655 1489 1721; x_wconf 87' lang='lat' dir='ltr'><strong>Francie</strong></span> <span class='ocrx_word' id='word_1_77' title='bbox 1500 1667 1536 1720; x_wconf 89' lang='lat' dir='ltr'><strong>et</strong></span> <span class='ocrx_word' id='word_1_78' title='bbox 1546 1657 1710 1722; x_wconf 89' lang='lat' dir='ltr'><strong>eumdem</strong></span> <span class='ocrx_word' id='word_1_79' title='bbox 1731 1658 1839 1723; x_wconf 89' lang='lat' dir='ltr'><strong>ducem</strong></span> 
     </span>
     <span class='ocr_line' id='line_1_10' title="bbox 483 1760 1841 1847; baseline -0.001 -21"><span class='ocrx_word' id='word_1_80' title='bbox 483 1783 606 1846; x_wconf 86' lang='lat' dir='ltr'><strong>magna</strong></span> <span class='ocrx_word' id='word_1_81' title='bbox 622 1772 657 1826; x_wconf 90' lang='lat' dir='ltr'><strong>et</strong></span> <span class='ocrx_word' id='word_1_82' title='bbox 672 1762 858 1847; x_wconf 88' lang='lat' dir='ltr'><strong>periculosa</strong></span> <span class='ocrx_word' id='word_1_83' title='bbox 867 1760 981 1826; x_wconf 84' lang='lat' dir='ltr'><strong>fuisset</strong></span> <span class='ocrx_word' id='word_1_84' title='bbox 993 1761 1161 1827; x_wconf 85' lang='lat' dir='ltr'><strong>discordia</strong></span> <span class='ocrx_word' id='word_1_85' title='bbox 1175 1771 1277 1845; x_wconf 91' lang='lat' dir='ltr'><strong>atque</strong></span> <span class='ocrx_word' id='word_1_86' title='bbox 1288 1761 1461 1840; x_wconf 84' lang='lat' dir='ltr'><strong>dissentio,</strong></span> <span class='ocrx_word' id='word_1_87' title='bbox 1471 1761 1535 1826; x_wconf 91' lang='lat' dir='ltr'><strong>toti</strong></span> <span class='ocrx_word' id='word_1_88' title='bbox 1550 1781 1659 1845; x_wconf 90' lang='lat' dir='ltr'><strong>regno</strong></span> <span class='ocrx_word' id='word_1_89' title='bbox 1670 1770 1707 1825; x_wconf 91' lang='lat' dir='ltr'><strong>et</strong></span> <span class='ocrx_word' id='word_1_90' title='bbox 1719 1762 1841 1847; x_wconf 84' lang='lat' dir='ltr'><strong>publice</strong></span> 
     </span>
     <span class='ocr_line' id='line_1_11' title="bbox 482 1864 1843 1950; baseline -0.003 -21"><span class='ocrx_word' id='word_1_91' title='bbox 482 1866 528 1930; x_wconf 90' lang='lat' dir='ltr'><strong>rei</strong></span> <span class='ocrx_word' id='word_1_92' title='bbox 545 1865 742 1950; x_wconf 89' lang='lat' dir='ltr'><strong>dampnosa,</strong></span> <span class='ocrx_word' id='word_1_93' title='bbox 760 1886 801 1929; x_wconf 84' lang='lat' dir='ltr'><strong>ex</strong></span> <span class='ocrx_word' id='word_1_94' title='bbox 817 1886 884 1949; x_wconf 91' lang='lat' dir='ltr'><strong>qua</strong></span> <span class='ocrx_word' id='word_1_95' title='bbox 900 1865 1006 1929; x_wconf 90' lang='lat' dir='ltr'><strong>multa</strong></span> <span class='ocrx_word' id='word_1_96' title='bbox 1022 1867 1121 1946; x_wconf 89' lang='lat' dir='ltr'><strong>mala,</strong></span> <span class='ocrx_word' id='word_1_97' title='bbox 1138 1874 1265 1949; x_wconf 83' lang='lat' dir='ltr'><strong>strages</strong></span> <span class='ocrx_word' id='word_1_98' title='bbox 1279 1873 1315 1929; x_wconf 90' lang='lat' dir='ltr'><strong>et</strong></span> <span class='ocrx_word' id='word_1_99' title='bbox 1329 1864 1490 1929; x_wconf 90' lang='lat' dir='ltr'><strong>scandala</strong></span> <span class='ocrx_word' id='word_1_100' title='bbox 1502 1873 1582 1929; x_wconf 89' lang='lat' dir='ltr'><strong>sunt</strong></span> <span class='ocrx_word' id='word_1_101' title='bbox 1596 1873 1729 1944; x_wconf 86' lang='lat' dir='ltr'><strong>secuta,</strong></span> <span class='ocrx_word' id='word_1_102' title='bbox 1744 1874 1779 1929; x_wconf 90' lang='lat' dir='ltr'><strong>et</strong></span> <span class='ocrx_word' id='word_1_103' title='bbox 1792 1885 1843 1949; x_wconf 87' lang='lat' dir='ltr'><strong>per</strong></span> 
     </span>
     <span class='ocr_line' id='line_1_12' title="bbox 482 1967 1843 2053; baseline -0.004 -19"><span class='ocrx_word' id='word_1_104' title='bbox 482 1970 662 2034; x_wconf 89' lang='lat' dir='ltr'><strong>nonnullos</strong></span> <span class='ocrx_word' id='word_1_105' title='bbox 679 1978 867 2053; x_wconf 90' lang='lat' dir='ltr'><strong>magnates</strong></span> <span class='ocrx_word' id='word_1_106' title='bbox 890 1969 972 2033; x_wconf 90' lang='lat' dir='ltr'><strong>inita</strong></span> <span class='ocrx_word' id='word_1_107' title='bbox 994 1969 1092 2033; x_wconf 84' lang='lat' dir='ltr'><strong>fuerit</strong></span> <span class='ocrx_word' id='word_1_108' title='bbox 1111 1969 1198 2034; x_wconf 92' lang='lat' dir='ltr'><strong>inter</strong></span> <span class='ocrx_word' id='word_1_109' title='bbox 1221 1989 1280 2033; x_wconf 89' lang='lat' dir='ltr'><strong>eos</strong></span> <span class='ocrx_word' id='word_1_110' title='bbox 1302 1971 1392 2033; x_wconf 91' lang='lat' dir='ltr'><strong>bona</strong></span> <span class='ocrx_word' id='word_1_111' title='bbox 1415 1967 1596 2033; x_wconf 89' lang='lat' dir='ltr'><strong>concordia</strong></span> <span class='ocrx_word' id='word_1_112' title='bbox 1621 1977 1729 2051; x_wconf 90' lang='lat' dir='ltr'><strong>atque</strong></span> <span class='ocrx_word' id='word_1_113' title='bbox 1754 1968 1843 2052; x_wconf 69' lang='lat' dir='ltr'><strong>ligna.</strong></span> 
     </span>
     <span class='ocr_line' id='line_1_13' title="bbox 483 2071 1843 2158; baseline -0.004 -21"><span class='ocrx_word' id='word_1_114' title='bbox 483 2094 585 2157; x_wconf 90' lang='lat' dir='ltr'><strong>quam</strong></span> <span class='ocrx_word' id='word_1_115' title='bbox 608 2072 759 2137; x_wconf 88' lang='lat' dir='ltr'><strong>nonnulli</strong></span> <span class='ocrx_word' id='word_1_116' title='bbox 783 2072 876 2158; x_wconf 88' lang='lat' dir='ltr'><strong>pacis</strong></span> <span class='ocrx_word' id='word_1_117' title='bbox 898 2072 999 2136; x_wconf 92' lang='lat' dir='ltr'><strong>emuli</strong></span> <span class='ocrx_word' id='word_1_118' title='bbox 1023 2082 1183 2157; x_wconf 86' lang='lat' dir='ltr'><strong>satagunt</strong></span> <span class='ocrx_word' id='word_1_119' title='bbox 1206 2072 1387 2156; x_wconf 84' lang='lat' dir='ltr'><strong>instigante</strong></span> <span class='ocrx_word' id='word_1_120' title='bbox 1409 2071 1547 2136; x_wconf 87' lang='lat' dir='ltr'><strong>diabolo</strong></span> <span class='ocrx_word' id='word_1_121' title='bbox 1573 2071 1732 2149; x_wconf 86' lang='lat' dir='ltr'><strong>violare;</strong></span> <span class='ocrx_word' id='word_1_122' title='bbox 1759 2080 1794 2135; x_wconf 92' lang='lat' dir='ltr'><strong>et</strong></span> <span class='ocrx_word' id='word_1_123' title='bbox 1813 2081 1843 2133; x_wconf 89' lang='lat' dir='ltr'><strong>ut</strong></span> 
     </span>
     <span class='ocr_line' id='line_1_14' title="bbox 483 2174 1845 2262; baseline -0.004 -21"><span class='ocrx_word' id='word_1_124' title='bbox 483 2198 559 2262; x_wconf 82' lang='lat' dir='ltr'><strong>pax,</strong></span> <span class='ocrx_word' id='word_1_125' title='bbox 575 2196 670 2240; x_wconf 88' lang='lat' dir='ltr'><strong>amor</strong></span> <span class='ocrx_word' id='word_1_126' title='bbox 685 2184 720 2239; x_wconf 91' lang='lat' dir='ltr'><strong>et</strong></span> <span class='ocrx_word' id='word_1_127' title='bbox 735 2176 971 2240; x_wconf 83' lang='lat' dir='ltr'><strong>benevolentia</strong></span> <span class='ocrx_word' id='word_1_128' title='bbox 988 2176 1074 2240; x_wconf 88' lang='lat' dir='ltr'><strong>inter</strong></span> <span class='ocrx_word' id='word_1_129' title='bbox 1097 2197 1210 2260; x_wconf 88' lang='lat' dir='ltr'><strong>regem</strong></span> <span class='ocrx_word' id='word_1_130' title='bbox 1239 2175 1379 2241; x_wconf 84' lang='lat' dir='ltr'><strong>Francie</strong></span> <span class='ocrx_word' id='word_1_131' title='bbox 1404 2184 1439 2239; x_wconf 93' lang='lat' dir='ltr'><strong>et</strong></span> <span class='ocrx_word' id='word_1_132' title='bbox 1454 2175 1575 2240; x_wconf 91' lang='lat' dir='ltr'><strong>ducem</strong></span> <span class='ocrx_word' id='word_1_133' title='bbox 1590 2174 1767 2259; x_wconf 89' lang='lat' dir='ltr'><strong>predictos</strong></span> <span class='ocrx_word' id='word_1_134' title='bbox 1780 2194 1845 2260; x_wconf 87' lang='lat' dir='ltr'><strong>per-</strong></span> 
     </span>
     <span class='ocr_line' id='line_1_15' title="bbox 483 2276 1845 2364; baseline -0.003 -21"><span class='ocrx_word' id='word_1_135' title='bbox 483 2289 588 2364; x_wconf 90' lang='lat' dir='ltr'><strong>petuo</strong></span> <span class='ocrx_word' id='word_1_136' title='bbox 618 2289 809 2363; x_wconf 87' lang='lat' dir='ltr'><strong>perseveret</strong></span> <span class='ocrx_word' id='word_1_137' title='bbox 839 2290 874 2343; x_wconf 91' lang='lat' dir='ltr'><strong>et</strong></span> <span class='ocrx_word' id='word_1_138' title='bbox 904 2279 1009 2343; x_wconf 91' lang='lat' dir='ltr'><strong>etiam</strong></span> <span class='ocrx_word' id='word_1_139' title='bbox 1035 2279 1233 2357; x_wconf 86' lang='lat' dir='ltr'><strong>invalescat,</strong></span> <span class='ocrx_word' id='word_1_140' title='bbox 1257 2279 1300 2344; x_wconf 92' lang='lat' dir='ltr'><strong>de</strong></span> <span class='ocrx_word' id='word_1_141' title='bbox 1325 2279 1497 2362; x_wconf 90' lang='lat' dir='ltr'><strong>utriusque</strong></span> <span class='ocrx_word' id='word_1_142' title='bbox 1523 2278 1610 2361; x_wconf 87' lang='lat' dir='ltr'><strong>regis</strong></span> <span class='ocrx_word' id='word_1_143' title='bbox 1636 2276 1792 2341; x_wconf 82' lang='lat' dir='ltr'><strong>Navarre</strong></span> <span class='ocrx_word' id='word_1_144' title='bbox 1815 2285 1845 2339; x_wconf 87' lang='lat' dir='ltr'><strong>et</strong></span> 
     </span>
     <span class='ocr_line' id='line_1_16' title="bbox 483 2380 1881 2496; baseline -0.003 -49"><span class='ocrx_word' id='word_1_145' title='bbox 483 2381 640 2459; x_wconf 89' lang='lat' dir='ltr'><strong>Johanne</strong></span> <span class='ocrx_word' id='word_1_146' title='bbox 656 2381 883 2466; x_wconf 89' lang='lat' dir='ltr'><strong>predictorum</strong></span> <span class='ocrx_word' id='word_1_147' title='bbox 898 2382 1083 2447; x_wconf 89' lang='lat' dir='ltr'><strong>amicorum</strong></span> <span class='ocrx_word' id='word_1_148' title='bbox 1106 2403 1272 2448; x_wconf 89' lang='lat' dir='ltr'><strong>consensu</strong></span> <span class='ocrx_word' id='word_1_149' title='bbox 1287 2391 1476 2447; x_wconf 89' lang='lat' dir='ltr'><strong>tractatum</strong></span> <span class='ocrx_word' id='word_1_150' title='bbox 1498 2382 1551 2459; x_wconf 90' lang='lat' dir='ltr'><strong>sit,</strong></span> <span class='ocrx_word' id='word_1_151' title='bbox 1567 2380 1662 2465; x_wconf 92' lang='lat' dir='ltr'><strong>quod</strong></span> <span class='ocrx_word' id='word_1_152' title='bbox 1686 2381 1779 2447; x_wconf 92' lang='lat' dir='ltr'><strong>idem</strong></span> <span class='ocrx_word' id='word_1_153' title='bbox 1794 2400 1844 2444; x_wconf 84' lang='lat' dir='ltr'><strong>rex</strong></span> <span class='ocrx_word' id='word_1_154' title='bbox 1879 2391 1881 2496; x_wconf 48' lang='grc' dir='ltr'>ἰ</span> 
     </span>
     <span class='ocr_line' id='line_1_17' title="bbox 485 2483 1844 2570; baseline -0.004 -20"><span class='ocrx_word' id='word_1_155' title='bbox 485 2485 636 2550; x_wconf 78' lang='lat' dir='ltr'><strong>Navarre</strong></span> <span class='ocrx_word' id='word_1_156' title='bbox 653 2495 687 2548; x_wconf 91' lang='lat' dir='ltr'><strong>et</strong></span> <span class='ocrx_word' id='word_1_157' title='bbox 703 2484 861 2562; x_wconf 91' lang='lat' dir='ltr'><strong>Johanna</strong></span> <span class='ocrx_word' id='word_1_158' title='bbox 877 2485 1168 2551; x_wconf 90' lang='lat' dir='ltr'><strong>matrimonialiter</strong></span> <span class='ocrx_word' id='word_1_159' title='bbox 1183 2487 1393 2570; x_wconf 89' lang='lat' dir='ltr'><strong>copulentur,</strong></span> <span class='ocrx_word' id='word_1_160' title='bbox 1405 2506 1469 2551; x_wconf 89' lang='lat' dir='ltr'><strong>nec</strong></span> <span class='ocrx_word' id='word_1_161' title='bbox 1481 2485 1637 2549; x_wconf 88' lang='lat' dir='ltr'><strong>videatur</strong></span> <span class='ocrx_word' id='word_1_162' title='bbox 1648 2484 1692 2549; x_wconf 95' lang='lat' dir='ltr'><strong>de</strong></span> <span class='ocrx_word' id='word_1_163' title='bbox 1705 2483 1844 2570; x_wconf 86' lang='lat' dir='ltr'><strong>presenti</strong></span> 
     </span>
     <span class='ocr_line' id='line_1_18' title="bbox 485 2588 1845 2674; baseline -0.001 -22"><span class='ocrx_word' id='word_1_164' title='bbox 485 2590 539 2654; x_wconf 83' lang='lat' dir='ltr'><strong>via</strong></span> <span class='ocrx_word' id='word_1_165' title='bbox 553 2588 664 2671; x_wconf 90' lang='lat' dir='ltr'><strong>aliqua</strong></span> <span class='ocrx_word' id='word_1_166' title='bbox 679 2608 740 2673; x_wconf 88' lang='lat' dir='ltr'><strong>per</strong></span> <span class='ocrx_word' id='word_1_167' title='bbox 754 2610 855 2672; x_wconf 92' lang='lat' dir='ltr'><strong>quam</strong></span> <span class='ocrx_word' id='word_1_168' title='bbox 871 2589 958 2654; x_wconf 92' lang='lat' dir='ltr'><strong>inter</strong></span> <span class='ocrx_word' id='word_1_169' title='bbox 983 2590 1072 2674; x_wconf 92' lang='lat' dir='ltr'><strong>ipsos</strong></span> <span class='ocrx_word' id='word_1_170' title='bbox 1086 2609 1200 2674; x_wconf 91' lang='lat' dir='ltr'><strong>regem</strong></span> <span class='ocrx_word' id='word_1_171' title='bbox 1226 2588 1367 2654; x_wconf 90' lang='lat' dir='ltr'><strong>Francie</strong></span> <span class='ocrx_word' id='word_1_172' title='bbox 1391 2598 1427 2653; x_wconf 89' lang='lat' dir='ltr'><strong>et</strong></span> <span class='ocrx_word' id='word_1_173' title='bbox 1452 2588 1574 2654; x_wconf 89' lang='lat' dir='ltr'><strong>ducem</strong></span> <span class='ocrx_word' id='word_1_174' title='bbox 1599 2589 1785 2654; x_wconf 87' lang='lat' dir='ltr'><strong>concordia</strong></span> <span class='ocrx_word' id='word_1_175' title='bbox 1805 2589 1845 2651; x_wconf 89' lang='lat' dir='ltr'><strong>ita</strong></span> 
     </span>
     <span class='ocr_line' id='line_1_19' title="bbox 484 2693 1881 2778; baseline -0.006 -21"><span class='ocrx_word' id='word_1_176' title='bbox 484 2696 571 2757; x_wconf 91' lang='lat' dir='ltr'><strong>bene</strong></span> <span class='ocrx_word' id='word_1_177' title='bbox 586 2700 802 2757; x_wconf 89' lang='lat' dir='ltr'><strong>conservetur</strong></span> <span class='ocrx_word' id='word_1_178' title='bbox 816 2702 851 2757; x_wconf 89' lang='lat' dir='ltr'><strong>et</strong></span> <span class='ocrx_word' id='word_1_179' title='bbox 867 2694 1013 2778; x_wconf 91' lang='lat' dir='ltr'><strong>pericula</strong></span> <span class='ocrx_word' id='word_1_180' title='bbox 1027 2713 1143 2777; x_wconf 87' lang='lat' dir='ltr'><strong>guerre</strong></span> <span class='ocrx_word' id='word_1_181' title='bbox 1153 2714 1194 2757; x_wconf 92' lang='lat' dir='ltr'><strong>ac</strong></span> <span class='ocrx_word' id='word_1_182' title='bbox 1206 2693 1367 2758; x_wconf 89' lang='lat' dir='ltr'><strong>scandala</strong></span> <span class='ocrx_word' id='word_1_183' title='bbox 1382 2693 1551 2756; x_wconf 78' lang='lat' dir='ltr'><strong>evitentur</strong></span> <span class='ocrx_word' id='word_1_184' title='bbox 1565 2713 1574 2770; x_wconf 90' lang='lat'>;</span> <span class='ocrx_word' id='word_1_185' title='bbox 1587 2693 1785 2777; x_wconf 89' lang='lat' dir='ltr'><strong>supplicant</strong></span> <span class='ocrx_word' id='word_1_186' title='bbox 1795 2711 1844 2755; x_wconf 83' lang='lat' dir='ltr'><strong>rer</strong></span> <span class='ocrx_word' id='word_1_187' title='bbox 1879 2728 1881 2749; x_wconf 83' lang='lat'><em>.</em></span> 
     </span>
     <span class='ocr_line' id='line_1_20' title="bbox 487 2795 1844 2882; baseline -0.003 -21"><span class='ocrx_word' id='word_1_188' title='bbox 487 2795 639 2861; x_wconf 78' lang='lat' dir='ltr'><strong>Navarre</strong></span> <span class='ocrx_word' id='word_1_189' title='bbox 665 2806 700 2860; x_wconf 91' lang='lat' dir='ltr'><strong>et</strong></span> <span class='ocrx_word' id='word_1_190' title='bbox 715 2795 873 2872; x_wconf 90' lang='lat' dir='ltr'><strong>Johanna</strong></span> <span class='ocrx_word' id='word_1_191' title='bbox 897 2797 1037 2882; x_wconf 90' lang='lat' dir='ltr'><strong>predicti</strong></span> <span class='ocrx_word' id='word_1_192' title='bbox 1065 2807 1230 2879; x_wconf 90' lang='lat' dir='ltr'><strong>quatenus</strong></span> <span class='ocrx_word' id='word_1_193' title='bbox 1256 2816 1317 2881; x_wconf 91' lang='lat' dir='ltr'><strong>pro</strong></span> <span class='ocrx_word' id='word_1_194' title='bbox 1341 2796 1597 2861; x_wconf 87' lang='lat' dir='ltr'><strong>conservatione</strong></span> <span class='ocrx_word' id='word_1_195' title='bbox 1612 2796 1709 2881; x_wconf 87' lang='lat' dir='ltr'><strong>pacis</strong></span> <span class='ocrx_word' id='word_1_196' title='bbox 1725 2804 1761 2861; x_wconf 92' lang='lat' dir='ltr'><strong>et</strong></span> <span class='ocrx_word' id='word_1_197' title='bbox 1774 2815 1844 2861; x_wconf 91' lang='lat' dir='ltr'><strong>con·</strong></span> 
     </span>
     <span class='ocr_line' id='line_1_21' title="bbox 486 2900 1881 2984; baseline 0 -19"><span class='ocrx_word' id='word_1_198' title='bbox 486 2900 608 2980; x_wconf 91' lang='lat' dir='ltr'><strong>cordie,</strong></span> <span class='ocrx_word' id='word_1_199' title='bbox 625 2920 666 2964; x_wconf 94' lang='lat' dir='ltr'><strong>ac</strong></span> <span class='ocrx_word' id='word_1_200' title='bbox 680 2900 847 2964; x_wconf 91' lang='lat' dir='ltr'><strong>malorum</strong></span> <span class='ocrx_word' id='word_1_201' title='bbox 858 2921 975 2984; x_wconf 88' lang='lat' dir='ltr'><strong>guerre</strong></span> <span class='ocrx_word' id='word_1_202' title='bbox 990 2909 1025 2966; x_wconf 90' lang='lat' dir='ltr'><strong>et</strong></span> <span class='ocrx_word' id='word_1_203' title='bbox 1040 2903 1274 2967; x_wconf 90' lang='lat' dir='ltr'><strong>scandalorum</strong></span> <span class='ocrx_word' id='word_1_204' title='bbox 1289 2901 1483 2980; x_wconf 88' lang='lat' dir='ltr'><strong>evitatione,</strong></span> <span class='ocrx_word' id='word_1_205' title='bbox 1499 2900 1685 2984; x_wconf 89' lang='lat' dir='ltr'><strong>dignemini</strong></span> <span class='ocrx_word' id='word_1_206' title='bbox 1703 2900 1843 2973; x_wconf 85' lang='lat' dir='ltr'><strong>cumeis,</strong></span> <span class='ocrx_word' id='word_1_207' title='bbox 1879 2929 1881 2965; x_wconf 80' lang='grc' dir='ltr'>ι</span> 
     </span>
     <span class='ocr_line' id='line_1_22' title="bbox 487 3003 1843 3091; baseline -0.002 -22"><span class='ocrx_word' id='word_1_208' title='bbox 487 3004 542 3088; x_wconf 93' lang='lat' dir='ltr'><strong>qui</strong></span> <span class='ocrx_word' id='word_1_209' title='bbox 559 3025 600 3067; x_wconf 84' lang='lat' dir='ltr'><strong>ex</strong></span> <span class='ocrx_word' id='word_1_210' title='bbox 617 3004 718 3068; x_wconf 82' lang='lat' dir='ltr'><strong>fratre</strong></span> <span class='ocrx_word' id='word_1_211' title='bbox 733 3011 769 3068; x_wconf 92' lang='lat' dir='ltr'><strong>et</strong></span> <span class='ocrx_word' id='word_1_212' title='bbox 784 3024 897 3069; x_wconf 89' lang='lat' dir='ltr'><strong>sorore</strong></span> <span class='ocrx_word' id='word_1_213' title='bbox 912 3014 991 3070; x_wconf 91' lang='lat' dir='ltr'><strong>sunt</strong></span> <span class='ocrx_word' id='word_1_214' title='bbox 1005 3005 1120 3089; x_wconf 90' lang='lat' dir='ltr'><strong>geniti,</strong></span> <span class='ocrx_word' id='word_1_215' title='bbox 1137 3014 1175 3070; x_wconf 93' lang='lat' dir='ltr'><strong>ut</strong></span> <span class='ocrx_word' id='word_1_216' title='bbox 1191 3005 1434 3091; x_wconf 90' lang='lat' dir='ltr'><strong>impedimento</strong></span> <span class='ocrx_word' id='word_1_217' title='bbox 1450 3004 1541 3087; x_wconf 91' lang='lat' dir='ltr'><strong>quod</strong></span> <span class='ocrx_word' id='word_1_218' title='bbox 1556 3025 1597 3068; x_wconf 87' lang='lat' dir='ltr'><strong>ex</strong></span> <span class='ocrx_word' id='word_1_219' title='bbox 1614 3003 1843 3089; x_wconf 89' lang='lat' dir='ltr'><strong>consanguini-</strong></span> 
     </span>
     <span class='ocr_line' id='line_1_23' title="bbox 487 3107 1841 3192; baseline -0.002 -20"><span class='ocrx_word' id='word_1_220' title='bbox 487 3117 557 3172; x_wconf 92' lang='lat' dir='ltr'><strong>tate</strong></span> <span class='ocrx_word' id='word_1_221' title='bbox 573 3107 761 3190; x_wconf 88' lang='lat' dir='ltr'><strong>hujusmodi</strong></span> <span class='ocrx_word' id='word_1_222' title='bbox 777 3109 943 3192; x_wconf 88' lang='lat' dir='ltr'><strong>provenit,</strong></span> <span class='ocrx_word' id='word_1_223' title='bbox 961 3109 1014 3171; x_wconf 90' lang='lat' dir='ltr'><strong>vel</strong></span> <span class='ocrx_word' id='word_1_224' title='bbox 1029 3109 1096 3173; x_wconf 92' lang='lat' dir='ltr'><strong>alio</strong></span> <span class='ocrx_word' id='word_1_225' title='bbox 1112 3109 1411 3192; x_wconf 84' lang='lat' dir='ltr'><strong>consanguinitatis</strong></span> <span class='ocrx_word' id='word_1_226' title='bbox 1437 3108 1490 3172; x_wconf 88' lang='lat' dir='ltr'><strong>vel</strong></span> <span class='ocrx_word' id='word_1_227' title='bbox 1513 3107 1692 3173; x_wconf 88' lang='lat' dir='ltr'><strong>affinitatis</strong></span> <span class='ocrx_word' id='word_1_228' title='bbox 1710 3107 1841 3173; x_wconf 84' lang='lat' dir='ltr'><strong>inferiori</strong></span> 
     </span>
     <span class='ocr_line' id='line_1_24' title="bbox 488 3210 1840 3293; baseline 0.001 -19"><span class='ocrx_word' id='word_1_229' title='bbox 488 3210 638 3293; x_wconf 90' lang='lat' dir='ltr'><strong>quolibet</strong></span> <span class='ocrx_word' id='word_1_230' title='bbox 654 3231 721 3274; x_wconf 90' lang='lat' dir='ltr'><strong>non</strong></span> <span class='ocrx_word' id='word_1_231' title='bbox 739 3212 905 3288; x_wconf 88' lang='lat' dir='ltr'><strong>obstante,</strong></span> <span class='ocrx_word' id='word_1_232' title='bbox 922 3212 1012 3276; x_wconf 91' lang='lat' dir='ltr'><strong>licite</strong></span> <span class='ocrx_word' id='word_1_233' title='bbox 1028 3213 1071 3276; x_wconf 93' lang='lat' dir='ltr'><strong>ad</strong></span> <span class='ocrx_word' id='word_1_234' title='bbox 1088 3213 1234 3277; x_wconf 90' lang='lat' dir='ltr'><strong>invicem</strong></span> <span class='ocrx_word' id='word_1_235' title='bbox 1258 3212 1510 3277; x_wconf 87' lang='lat' dir='ltr'><strong>matrimonium</strong></span> <span class='ocrx_word' id='word_1_236' title='bbox 1526 3213 1742 3292; x_wconf 89' lang='lat' dir='ltr'><strong>contrahant,</strong></span> <span class='ocrx_word' id='word_1_237' title='bbox 1759 3212 1840 3276; x_wconf 89' lang='lat' dir='ltr'><strong>mise·</strong></span> 
     </span>
     <span class='ocr_line' id='line_1_25' title="bbox 488 3313 1837 3401; baseline 0.001 -22"><span class='ocrx_word' id='word_1_238' title='bbox 488 3313 662 3379; x_wconf 81' lang='lat' dir='ltr'><strong>ricorditer</strong></span> <span class='ocrx_word' id='word_1_239' title='bbox 685 3314 888 3398; x_wconf 90' lang='lat' dir='ltr'><strong>dispensare,</strong></span> <span class='ocrx_word' id='word_1_240' title='bbox 915 3317 1043 3401; x_wconf 90' lang='lat' dir='ltr'><strong>prolem</strong></span> <span class='ocrx_word' id='word_1_241' title='bbox 1075 3338 1116 3379; x_wconf 85' lang='lat' dir='ltr'><strong>ex</strong></span> <span class='ocrx_word' id='word_1_242' title='bbox 1146 3316 1336 3400; x_wconf 87' lang='lat' dir='ltr'><strong>hujusmodi</strong></span> <span class='ocrx_word' id='word_1_243' title='bbox 1362 3317 1580 3381; x_wconf 89' lang='lat' dir='ltr'><strong>matrimonio</strong></span> <span class='ocrx_word' id='word_1_244' title='bbox 1607 3316 1837 3401; x_wconf 83' lang='lat' dir='ltr'><strong>suscipiendam</strong></span> 
     </span>
     <span class='ocr_line' id='line_1_26' title="bbox 489 3417 1838 3503; baseline -0.002 -22"><span class='ocrx_word' id='word_1_245' title='bbox 489 3418 672 3499; x_wconf 89' lang='lat' dir='ltr'><strong>legitimam</strong></span> <span class='ocrx_word' id='word_1_246' title='bbox 690 3417 951 3481; x_wconf 82' lang='lat' dir='ltr'><strong>decernendo·</strong></span> <span class='ocrx_word' id='word_1_247' title='bbox 969 3418 1076 3483; x_wconf 89' lang='lat' dir='ltr'><strong>Possit</strong></span> <span class='ocrx_word' id='word_1_248' title='bbox 1093 3420 1162 3482; x_wconf 86' lang='lat' dir='ltr'><strong>fieri</strong></span> <span class='ocrx_word' id='word_1_249' title='bbox 1181 3420 1386 3484; x_wconf 89' lang='lat' dir='ltr'><strong>auctoritate</strong></span> <span class='ocrx_word' id='word_1_250' title='bbox 1399 3419 1585 3503; x_wconf 88' lang='lat' dir='ltr'><strong>apostolica</strong></span> <span class='ocrx_word' id='word_1_251' title='bbox 1601 3438 1662 3503; x_wconf 92' lang='lat' dir='ltr'><strong>per</strong></span> <span class='ocrx_word' id='word_1_252' title='bbox 1678 3420 1838 3503; x_wconf 84' lang='lat' dir='ltr'><strong>episcopos</strong></span> 
     </span>
     <span class='ocr_line' id='line_1_27' title="bbox 491 3519 1837 3606; baseline 0.001 -23"><span class='ocrx_word' id='word_1_253' title='bbox 491 3519 695 3599; x_wconf 77' lang='lat' dir='ltr'><strong>Laudunen,</strong></span> <span class='ocrx_word' id='word_1_254' title='bbox 713 3519 892 3586; x_wconf 85' lang='lat' dir='ltr'><strong>Belvacen.</strong></span> <span class='ocrx_word' id='word_1_255' title='bbox 908 3531 942 3586; x_wconf 93' lang='lat' dir='ltr'><strong>et</strong></span> <span class='ocrx_word' id='word_1_256' title='bbox 959 3522 1190 3600; x_wconf 73' lang='lat' dir='ltr'><strong>Cameracen,</strong></span> <span class='ocrx_word' id='word_1_257' title='bbox 1219 3525 1272 3585; x_wconf 89' lang='lat' dir='ltr'><strong>vel</strong></span> <span class='ocrx_word' id='word_1_258' title='bbox 1297 3522 1381 3587; x_wconf 90' lang='lat' dir='ltr'><strong>duos</strong></span> <span class='ocrx_word' id='word_1_259' title='bbox 1408 3544 1449 3586; x_wconf 87' lang='lat' dir='ltr'><strong>ex</strong></span> <span class='ocrx_word' id='word_1_260' title='bbox 1476 3522 1533 3601; x_wconf 74' lang='lat' dir='ltr'><strong>eiS,</strong></span> <span class='ocrx_word' id='word_1_261' title='bbox 1550 3522 1576 3585; x_wconf 91' lang='lat' dir='ltr'><strong>si</strong></span> <span class='ocrx_word' id='word_1_262' title='bbox 1593 3522 1741 3587; x_wconf 89' lang='lat' dir='ltr'><strong>viderint</strong></span> <span class='ocrx_word' id='word_1_263' title='bbox 1756 3541 1837 3606; x_wconf 80' lang='lat' dir='ltr'><strong>expe·</strong></span> 
     </span>
     <span class='ocr_line' id='line_1_28' title="bbox 489 3622 1417 3708; baseline 0.002 -21"><span class='ocrx_word' id='word_1_264' title='bbox 489 3622 559 3687; x_wconf 90' lang='lat' dir='ltr'><strong>dire</strong></span> <span class='ocrx_word' id='word_1_265' title='bbox 575 3646 583 3701; x_wconf 88' lang='lat'>;</span> <span class='ocrx_word' id='word_1_266' title='bbox 601 3643 699 3708; x_wconf 89' lang='lat' dir='ltr'><strong>super</strong></span> <span class='ocrx_word' id='word_1_267' title='bbox 714 3644 781 3706; x_wconf 93' lang='lat' dir='ltr'><strong>quo</strong></span> <span class='ocrx_word' id='word_1_268' title='bbox 796 3644 911 3688; x_wconf 90' lang='lat' dir='ltr'><strong>eorum</strong></span> <span class='ocrx_word' id='word_1_269' title='bbox 928 3625 1150 3689; x_wconf 87' lang='lat' dir='ltr'><strong>conscientias</strong></span> <span class='ocrx_word' id='word_1_270' title='bbox 1174 3645 1359 3703; x_wconf 89' lang='lat' dir='ltr'><strong>oneramus,</strong></span> <span class='ocrx_word' id='word_1_271' title='bbox 1377 3623 1417 3689; x_wconf 89' lang='lat' dir='ltr'><strong>R.</strong></span> 
     </span>
    </p>

    <p class='ocr_par' dir='ltr' id='par_1_6' title="bbox 534 3725 1201 3811">
     <span class='ocr_line' id='line_1_29' title="bbox 534 3725 1201 3811; baseline 0.004 -22"><span class='ocrx_word' id='word_1_272' title='bbox 534 3725 614 3790; x_wconf 90' lang='lat' dir='ltr'><strong>Dat.</strong></span> <span class='ocrx_word' id='word_1_273' title='bbox 630 3727 730 3790; x_wconf 76' lang='lat' dir='ltr'><strong>Avin.</strong></span> <span class='ocrx_word' id='word_1_274' title='bbox 747 3726 813 3791; x_wconf 90' lang='lat' dir='ltr'><strong>kal.</strong></span> <span class='ocrx_word' id='word_1_275' title='bbox 826 3728 910 3811; x_wconf 86' lang='lat' dir='ltr'><strong>junii</strong></span> <span class='ocrx_word' id='word_1_276' title='bbox 927 3740 961 3791; x_wconf 80' lang='lat' dir='ltr'><strong>a·’</strong></span> <span class='ocrx_word' id='word_1_277' title='bbox 979 3739 1021 3806; x_wconf 78' lang='lat'><strong>9⁰.</strong></span> <span class='ocrx_word' id='word_1_278' title='bbox 1038 3731 1113 3809; x_wconf 90' lang='lat'><strong>(20,</strong></span> <span class='ocrx_word' id='word_1_279' title='bbox 1132 3730 1201 3809; x_wconf 70' lang='lat'><strong>26).</strong></span> 
     </span>
    </p>
   </div>
   <div class='ocr_carea' id='block_1_4' title="bbox 490 3863 1836 4582">
    <p class='ocr_par' dir='ltr' id='par_1_7' title="bbox 545 3863 1804 3959">
     <span class='ocr_line' id='line_1_30' title="bbox 545 3863 1804 3959; baseline -0.002 -18"><span class='ocrx_word' id='word_1_280' title='bbox 545 3863 686 3946; x_wconf 83' lang='grc'>1996.</span> <span class='ocrx_word' id='word_1_281' title='bbox 1583 3896 1622 3959; x_wconf 77' lang='lat'><strong>13</strong></span> <span class='ocrx_word' id='word_1_282' title='bbox 1624 3898 1679 3956; x_wconf 83' lang='lat'><strong>50,</strong></span> <span class='ocrx_word' id='word_1_283' title='bbox 1697 3899 1716 3940; x_wconf 87' lang='lat'><em>2</em></span> <span class='ocrx_word' id='word_1_284' title='bbox 1726 3875 1804 3957; x_wconf 80' lang='lat' dir='ltr'><strong>juin.</strong></span> 
     </span>
    </p>

    <p class='ocr_par' dir='ltr' id='par_1_8' title="bbox 490 3973 1836 4479">
     <span class='ocr_line' id='line_1_31' title="bbox 534 3973 1836 4066; baseline -0.008 -21"><span class='ocrx_word' id='word_1_285' title='bbox 534 3981 636 4066; x_wconf 88' lang='lat' dir='ltr'><strong>Supp.</strong></span> <span class='ocrx_word' id='word_1_286' title='bbox 663 3981 854 4047; x_wconf 88' lang='lat' dir='ltr'><strong>Bernardus</strong></span> <span class='ocrx_word' id='word_1_287' title='bbox 876 3983 918 4046; x_wconf 92' lang='lat' dir='ltr'><strong>de</strong></span> <span class='ocrx_word' id='word_1_288' title='bbox 947 3980 1105 4046; x_wconf 79' lang='lat' dir='ltr'><strong>Nexonio</strong></span> <span class='ocrx_word' id='word_1_289' title='bbox 1122 3992 1141 4060; x_wconf 89' lang='lat'><strong>¹,</strong></span> <span class='ocrx_word' id='word_1_290' title='bbox 1166 3979 1337 4045; x_wconf 81' lang='lat' dir='ltr'><strong>familiaris</strong></span> <span class='ocrx_word' id='word_1_291' title='bbox 1352 3988 1387 4043; x_wconf 91' lang='lat' dir='ltr'><strong>et</strong></span> <span class='ocrx_word' id='word_1_292' title='bbox 1403 3979 1542 4043; x_wconf 89' lang='lat' dir='ltr'><strong>clericus</strong></span> <span class='ocrx_word' id='word_1_293' title='bbox 1560 3978 1593 4043; x_wconf 90' lang='lat' dir='ltr'><strong>S.</strong></span> <span class='ocrx_word' id='word_1_294' title='bbox 1613 3979 1665 4056; x_wconf 74' lang='lat' dir='ltr'><strong>E,</strong></span> <span class='ocrx_word' id='word_1_295' title='bbox 1691 3991 1778 4063; x_wconf 92' lang='lat' dir='ltr'><strong>quat.</strong></span> <span class='ocrx_word' id='word_1_296' title='bbox 1792 3973 1836 4041; x_wconf 86' lang='lat' dir='ltr'><strong>sibi</strong></span> 
     </span>
     <span class='ocr_line' id='line_1_32' title="bbox 490 4078 1832 4171; baseline -0.007 -22"><span class='ocrx_word' id='word_1_297' title='bbox 490 4084 532 4149; x_wconf 89' lang='lat' dir='ltr'><strong>de</strong></span> <span class='ocrx_word' id='word_1_298' title='bbox 549 4106 621 4150; x_wconf 89' lang='lat' dir='ltr'><strong>can.</strong></span> <span class='ocrx_word' id='word_1_299' title='bbox 638 4096 672 4150; x_wconf 90' lang='lat' dir='ltr'><strong>et</strong></span> <span class='ocrx_word' id='word_1_300' title='bbox 688 4090 779 4171; x_wconf 90' lang='lat' dir='ltr'><strong>preb.</strong></span> <span class='ocrx_word' id='word_1_301' title='bbox 797 4087 828 4149; x_wconf 92' lang='lat' dir='ltr'><strong>S.</strong></span> <span class='ocrx_word' id='word_1_302' title='bbox 844 4086 992 4170; x_wconf 90' lang='lat' dir='ltr'><strong>Sepulcri</strong></span> <span class='ocrx_word' id='word_1_303' title='bbox 1018 4084 1298 4167; x_wconf 83' lang='lat' dir='ltr'><strong>Fortiscalquerii,</strong></span> <span class='ocrx_word' id='word_1_304' title='bbox 1325 4082 1515 4147; x_wconf 85' lang='lat' dir='ltr'><strong>Sistaricen.</strong></span> <span class='ocrx_word' id='word_1_305' title='bbox 1542 4082 1642 4162; x_wconf 74' lang='lat' dir='ltr'><strong>dioc,</strong></span> <span class='ocrx_word' id='word_1_306' title='bbox 1670 4078 1832 4169; x_wconf 88' lang='lat' dir='ltr'><strong>dignemini</strong></span> 
     </span>
     <span class='ocr_line' id='line_1_33' title="bbox 491 4186 1832 4274; baseline -0.006 -23"><span class='ocrx_word' id='word_1_307' title='bbox 491 4200 584 4253; x_wconf 90' lang='lat' dir='ltr'><strong>motu</strong></span> <span class='ocrx_word' id='word_1_308' title='bbox 601 4191 737 4274; x_wconf 90' lang='lat' dir='ltr'><strong>proprio</strong></span> <span class='ocrx_word' id='word_1_309' title='bbox 749 4190 923 4274; x_wconf 86' lang='lat' dir='ltr'><strong>providere</strong></span> <span class='ocrx_word' id='word_1_310' title='bbox 937 4212 944 4266; x_wconf 92' lang='lat'>;</span> <span class='ocrx_word' id='word_1_311' title='bbox 956 4210 1024 4253; x_wconf 89' lang='lat' dir='ltr'><strong>non</strong></span> <span class='ocrx_word' id='word_1_312' title='bbox 1035 4192 1121 4252; x_wconf 88' lang='lat' dir='ltr'><strong>obst.</strong></span> <span class='ocrx_word' id='word_1_313' title='bbox 1134 4188 1223 4271; x_wconf 93' lang='lat' dir='ltr'><strong>quod</strong></span> <span class='ocrx_word' id='word_1_314' title='bbox 1238 4186 1549 4251; x_wconf 89' lang='lat' dir='ltr'><strong>archidiaconatum</strong></span> <span class='ocrx_word' id='word_1_315' title='bbox 1561 4188 1832 4273; x_wconf 82' lang='lat' dir='ltr'><strong>Antwerpieusen</strong></span> 
     </span>
     <span class='ocr_line' id='line_1_34' title="bbox 490 4284 1831 4376; baseline -0.001 -22"><span class='ocrx_word' id='word_1_316' title='bbox 490 4302 523 4355; x_wconf 92' lang='lat' dir='ltr'><strong>et</strong></span> <span class='ocrx_word' id='word_1_317' title='bbox 540 4313 613 4355; x_wconf 88' lang='lat' dir='ltr'><strong>can.</strong></span> <span class='ocrx_word' id='word_1_318' title='bbox 630 4303 664 4356; x_wconf 92' lang='lat' dir='ltr'><strong>et</strong></span> <span class='ocrx_word' id='word_1_319' title='bbox 688 4297 779 4376; x_wconf 92' lang='lat' dir='ltr'><strong>preb.</strong></span> <span class='ocrx_word' id='word_1_320' title='bbox 808 4314 848 4357; x_wconf 92' lang='lat' dir='ltr'><strong>ac</strong></span> <span class='ocrx_word' id='word_1_321' title='bbox 874 4292 1176 4357; x_wconf 84' lang='lat' dir='ltr'><strong>subthesaurariam</strong></span> <span class='ocrx_word' id='word_1_322' title='bbox 1203 4292 1235 4353; x_wconf 90' lang='lat' dir='ltr'><strong>in</strong></span> <span class='ocrx_word' id='word_1_323' title='bbox 1264 4290 1468 4355; x_wconf 79' lang='lat' dir='ltr'><strong>Noviomen.</strong></span> <span class='ocrx_word' id='word_1_324' title='bbox 1493 4289 1643 4353; x_wconf 89' lang='lat' dir='ltr'><strong>ecclesiis</strong></span> <span class='ocrx_word' id='word_1_325' title='bbox 1666 4299 1701 4354; x_wconf 89' lang='lat' dir='ltr'><strong>et</strong></span> <span class='ocrx_word' id='word_1_326' title='bbox 1717 4284 1831 4376; x_wconf 79' lang='lat' dir='ltr'><strong>paroch·</strong></span> 
     </span>
     <span class='ocr_line' id='line_1_35' title="bbox 490 4392 1730 4479; baseline 0.001 -22"><span class='ocrx_word' id='word_1_327' title='bbox 490 4395 572 4458; x_wconf 91' lang='lat' dir='ltr'><strong>eccl.</strong></span> <span class='ocrx_word' id='word_1_328' title='bbox 588 4394 630 4457; x_wconf 89' lang='lat' dir='ltr'><strong>de</strong></span> <span class='ocrx_word' id='word_1_329' title='bbox 650 4394 882 4473; x_wconf 80' lang='lat' dir='ltr'><strong>Montinlraco,</strong></span> <span class='ocrx_word' id='word_1_330' title='bbox 898 4396 1064 4479; x_wconf 75' lang='lat' dir='ltr'><strong>Agathen.</strong></span> <span class='ocrx_word' id='word_1_331' title='bbox 1080 4395 1178 4473; x_wconf 72' lang='lat' dir='ltr'><strong>dioc,</strong></span> <span class='ocrx_word' id='word_1_332' title='bbox 1195 4394 1342 4457; x_wconf 89' lang='lat' dir='ltr'><strong>noscitur</strong></span> <span class='ocrx_word' id='word_1_333' title='bbox 1358 4394 1519 4458; x_wconf 91' lang='lat' dir='ltr'><strong>obtinere.</strong></span> <span class='ocrx_word' id='word_1_334' title='bbox 1534 4433 1578 4440; x_wconf 92' lang='lat'><strong>—-</strong></span> <span class='ocrx_word' id='word_1_335' title='bbox 1595 4392 1673 4458; x_wconf 86' lang='lat' dir='ltr'><strong>Fiat</strong></span> <span class='ocrx_word' id='word_1_336' title='bbox 1691 4394 1730 4458; x_wconf 91' lang='lat' dir='ltr'><strong>R.</strong></span> 
     </span>
    </p>

    <p class='ocr_par' dir='ltr' id='par_1_9' title="bbox 535 4496 1267 4582">
     <span class='ocr_line' id='line_1_36' title="bbox 535 4496 1267 4582; baseline 0.004 -24"><span class='ocrx_word' id='word_1_337' title='bbox 535 4496 614 4561; x_wconf 87' lang='lat' dir='ltr'><strong>Dat.</strong></span> <span class='ocrx_word' id='word_1_338' title='bbox 630 4499 730 4563; x_wconf 75' lang='lat' dir='ltr'><strong>Avin.</strong></span> <span class='ocrx_word' id='word_1_339' title='bbox 748 4523 767 4580; x_wconf 74' lang='lat'>4</span> <span class='ocrx_word' id='word_1_340' title='bbox 784 4519 862 4563; x_wconf 87' lang='lat' dir='ltr'><strong>non.</strong></span> <span class='ocrx_word' id='word_1_341' title='bbox 875 4499 958 4582; x_wconf 91' lang='lat' dir='ltr'><strong>junii</strong></span> <span class='ocrx_word' id='word_1_342' title='bbox 976 4506 1010 4562; x_wconf 82' lang='lat' dir='ltr'><strong>a⁰</strong></span> <span class='ocrx_word' id='word_1_343' title='bbox 1027 4509 1068 4576; x_wconf 74' lang='lat'><strong>9⁰.</strong></span> <span class='ocrx_word' id='word_1_344' title='bbox 1086 4500 1100 4578; x_wconf 80' lang='lat' dir='ltr'><strong>(j</strong></span> <span class='ocrx_word' id='word_1_345' title='bbox 1103 4504 1163 4576; x_wconf 87' lang='lat'><strong>20,</strong></span> <span class='ocrx_word' id='word_1_346' title='bbox 1187 4504 1267 4582; x_wconf 72' lang='lat' dir='ltr'><strong>¹4&#39;l·</strong></span> 
     </span>
    </p>
   </div>
   <div class='ocr_carea' id='block_1_5' title="bbox 489 4635 1827 4943">
    <p class='ocr_par' dir='ltr' id='par_1_10' title="bbox 489 4635 1827 4943">
     <span class='ocr_line' id='line_1_37' title="bbox 544 4635 1798 4728; baseline -0.006 -15"><span class='ocrx_word' id='word_1_347' title='bbox 544 4635 685 4717; x_wconf 83' lang='grc'>1997.</span> <span class='ocrx_word' id='word_1_348' title='bbox 1581 4667 1676 4728; x_wconf 78' lang='lat'><strong>1350,</strong></span> <span class='ocrx_word' id='word_1_349' title='bbox 1695 4670 1713 4710; x_wconf 84' lang='lat'><em>2</em></span> <span class='ocrx_word' id='word_1_350' title='bbox 1724 4645 1798 4727; x_wconf 80' lang='lat' dir='ltr'><strong>juin.</strong></span> 
     </span>
     <span class='ocr_line' id='line_1_38' title="bbox 534 4744 1827 4840; baseline -0.007 -22"><span class='ocrx_word' id='word_1_351' title='bbox 534 4753 635 4840; x_wconf 91' lang='lat' dir='ltr'><strong>Supp.</strong></span> <span class='ocrx_word' id='word_1_352' title='bbox 654 4755 830 4820; x_wconf 88' lang='lat' dir='ltr'><strong>Durandus</strong></span> <span class='ocrx_word' id='word_1_353' title='bbox 846 4754 1016 4837; x_wconf 74' lang='lat' dir='ltr'><strong>Aymerici</strong></span> <span class='ocrx_word' id='word_1_354' title='bbox 1029 4764 1048 4828; x_wconf 80' lang='lat'><strong>²,</strong></span> <span class='ocrx_word' id='word_1_355' title='bbox 1065 4766 1174 4818; x_wconf 89' lang='lat' dir='ltr'><strong>rector</strong></span> <span class='ocrx_word' id='word_1_356' title='bbox 1189 4752 1330 4817; x_wconf 89' lang='lat' dir='ltr'><strong>ecclesie</strong></span> <span class='ocrx_word' id='word_1_357' title='bbox 1353 4752 1385 4817; x_wconf 89' lang='lat' dir='ltr'><strong>S.</strong></span> <span class='ocrx_word' id='word_1_358' title='bbox 1407 4750 1566 4836; x_wconf 90' lang='lat' dir='ltr'><strong>Supplicii</strong></span> <span class='ocrx_word' id='word_1_359' title='bbox 1594 4771 1672 4815; x_wconf 91' lang='lat' dir='ltr'><strong>cum</strong></span> <span class='ocrx_word' id='word_1_360' title='bbox 1695 4751 1737 4815; x_wconf 92' lang='lat' dir='ltr'><strong>de</strong></span> <span class='ocrx_word' id='word_1_361' title='bbox 1753 4744 1827 4812; x_wconf 80' lang='lat' dir='ltr'><strong>Mon-</strong></span> 
     </span>
     <span class='ocr_line' id='line_1_39' title="bbox 489 4842 1826 4943; baseline -0.007 -21"><span class='ocrx_word' id='word_1_362' title='bbox 489 4860 600 4943; x_wconf 90' lang='lat' dir='ltr'><strong>tejove</strong></span> <span class='ocrx_word' id='word_1_363' title='bbox 628 4871 662 4922; x_wconf 90' lang='lat' dir='ltr'><strong>et</strong></span> <span class='ocrx_word' id='word_1_364' title='bbox 690 4859 762 4922; x_wconf 88' lang='lat' dir='ltr'><strong>aliis</strong></span> <span class='ocrx_word' id='word_1_365' title='bbox 788 4858 936 4935; x_wconf 63' lang='lat' dir='ltr'><strong>annexis</strong></span> <span class='ocrx_word' id='word_1_366' title='bbox 963 4856 1105 4921; x_wconf 80' lang='lat' dir='ltr'><strong>l&#39;auren.</strong></span> <span class='ocrx_word' id='word_1_367' title='bbox 1131 4855 1229 4934; x_wconf 79' lang='lat' dir='ltr'><strong>dioc,</strong></span> <span class='ocrx_word' id='word_1_368' title='bbox 1257 4855 1348 4939; x_wconf 93' lang='lat' dir='ltr'><strong>quod</strong></span> <span class='ocrx_word' id='word_1_369' title='bbox 1375 4855 1446 4940; x_wconf 89' lang='lat' dir='ltr'><strong>ipse</strong></span> <span class='ocrx_word' id='word_1_370' title='bbox 1471 4864 1552 4918; x_wconf 90' lang='lat' dir='ltr'><strong>tunc</strong></span> <span class='ocrx_word' id='word_1_371' title='bbox 1578 4864 1691 4919; x_wconf 88' lang='lat' dir='ltr'><strong>rector</strong></span> <span class='ocrx_word' id='word_1_372' title='bbox 1712 4842 1826 4918; x_wconf 72' lang='lat' dir='ltr'><strong>ecclesie</strong></span> 
     </span>
    </p>
   </div>
   <div class='ocr_carea' id='block_1_6' title="bbox 489 4957 1824 5040">
    <p class='ocr_par' dir='ltr' id='par_1_11' title="bbox 489 4957 1824 5040">
     <span class='ocr_line' id='line_1_40' title="bbox 489 4957 1824 5040; baseline -0.009 -15"><span class='ocrx_word' id='word_1_373' title='bbox 489 4961 520 5026; x_wconf 87' lang='lat' dir='ltr'><strong>S.</strong></span> <span class='ocrx_word' id='word_1_374' title='bbox 538 4961 628 5024; x_wconf 87' lang='lat' dir='ltr'><strong>Petri</strong></span> <span class='ocrx_word' id='word_1_375' title='bbox 645 4961 686 5024; x_wconf 93' lang='lat' dir='ltr'><strong>de</strong></span> <span class='ocrx_word' id='word_1_376' title='bbox 702 4962 827 5040; x_wconf 78' lang='lat' dir='ltr'><strong>Anicis,</strong></span> <span class='ocrx_word' id='word_1_377' title='bbox 845 4961 995 5027; x_wconf 86' lang='lat' dir='ltr'><strong>Castren.</strong></span> <span class='ocrx_word' id='word_1_378' title='bbox 1012 4960 1109 5039; x_wconf 82' lang='lat' dir='ltr'><strong>dioc,</strong></span> <span class='ocrx_word' id='word_1_379' title='bbox 1126 4969 1160 5024; x_wconf 89' lang='lat' dir='ltr'><strong>et</strong></span> <span class='ocrx_word' id='word_1_380' title='bbox 1176 4960 1344 5024; x_wconf 75' lang='lat' dir='ltr'><strong>Arnaldus</strong></span> <span class='ocrx_word' id='word_1_381' title='bbox 1359 4958 1401 5024; x_wconf 91' lang='lat' dir='ltr'><strong>de</strong></span> <span class='ocrx_word' id='word_1_382' title='bbox 1419 4957 1623 5037; x_wconf 83' lang='lat' dir='ltr'><strong>Marenehis,</strong></span> <span class='ocrx_word' id='word_1_383' title='bbox 1640 4967 1721 5023; x_wconf 91' lang='lat' dir='ltr'><strong>tunc</strong></span> <span class='ocrx_word' id='word_1_384' title='bbox 1742 4959 1824 5019; x_wconf 83' lang='lat' dir='ltr'><strong>rector</strong></span> 
     </span>
    </p>
   </div>
   <div class='ocr_carea' id='block_1_7' title="bbox 490 5102 725 5111">
    <p class='ocr_par' dir='ltr' id='par_1_12' title="bbox 490 5102 725 5111">
     <span class='ocr_line' id='line_1_41' title="bbox 490 5102 725 5111; baseline 0 -1"><span class='ocrx_word' id='word_1_385' title='bbox 490 5102 725 5111; x_wconf 84' lang='lat'><strong>————</strong></span> 
     </span>
    </p>
   </div>
   <div class='ocr_carea' id='block_1_8' title="bbox 521 5168 1104 5217">
    <p class='ocr_par' dir='ltr' id='par_1_13' title="bbox 521 5168 1104 5217">
     <span class='ocr_line' id='line_1_42' title="bbox 521 5168 1104 5217; baseline 0 -2"><span class='ocrx_word' id='word_1_386' title='bbox 521 5172 542 5217; x_wconf 90' lang='lat' dir='ltr'><strong>l.</strong></span> <span class='ocrx_word' id='word_1_387' title='bbox 556 5170 616 5215; x_wconf 79' lang='lat' dir='ltr'><strong>l&#39;oir</strong></span> <span class='ocrx_word' id='word_1_388' title='bbox 629 5185 652 5215; x_wconf 87' lang='lat'><strong>11.</strong></span> <span class='ocrx_word' id='word_1_389' title='bbox 669 5171 738 5217; x_wconf 64' lang='lat' dir='ltr'><strong>lenz.</strong></span> <span class='ocrx_word' id='word_1_390' title='bbox 755 5172 823 5214; x_wconf 66' lang='lat' dir='ltr'><strong>lSil.</strong></span> <span class='ocrx_word' id='word_1_391' title='bbox 837 5197 867 5202; x_wconf 89' lang='lat'><strong>—-</strong></span> <span class='ocrx_word' id='word_1_392' title='bbox 881 5168 977 5216; x_wconf 60' lang='grc'><em>0100</em></span> <span class='ocrx_word' id='word_1_393' title='bbox 995 5183 1019 5215; x_wconf 87' lang='grc'><em>0.</em></span> <span class='ocrx_word' id='word_1_394' title='bbox 1036 5170 1104 5215; x_wconf 76' lang='grc' dir='ltr'><em>1ῖ51.</em></span> 
     </span>
    </p>
   </div>
   <div class='ocr_carea' id='block_1_9' title="bbox 0 0 2350 6052">
    <p class='ocr_par' dir='ltr' id='par_1_14' title="bbox 0 0 2350 6052">
     <span class='ocr_line' id='line_1_43' title="bbox 0 0 2350 6052; baseline 0 0"><span class='ocrx_word' id='word_1_395' title='bbox 0 0 2350 6052; x_wconf 95' lang='lat' dir='ltr'><strong> </strong></span> 
     </span>
    </p>
   </div>
  </div>
 </body>
</html>
