4650 6059
999 774 1086 849 1347,
1109 775 1197 840 21-25
1217 775 1343 857 janvier.
1787 778 1848 842 295

489 921 977 1008 Marquesii,Bite1ren.dioc.,
999 925 1042 989 de
1065 925 1217 990 cantoria
1241 927 1323 991 eccl.
1351 925 1382 990 S.
1412 924 1554 991 Martini·
1576 924 1747 1006 Leodien,
1775 946 1847 993 vac.

484 1048 540 1114 per
555 1030 612 1093 ob.
629 1026 770 1093 Gerardi
785 1027 827 1093 de
844 1026 958 1094 Comu
975 1038 994 1109 ¹,
1010 1028 1065 1112 qui
1082 1037 1177 1095 extra
1202 1028 1299 1095 Rom.
1322 1050 1389 1095 cur.
1406 1029 1495 1095 diem
1511 1029 1634 1095 clausit
1649 1037 1848 1110 extremum,

483 1132 667 1217 dignemini
683 1130 860 1216 providere
876 1154 884 1211 ;
900 1152 970 1197 non
987 1134 1073 1197 obst.
1096 1132 1122 1197 si
1149 1132 1192 1197 sit
1220 1132 1429 1198 consuetudo
1454 1135 1508 1198 vel
1536 1140 1700 1197 statutum
1716 1132 1751 1196 in
1778 1134 1849 1219 lpsa

482 1236 565 1301 eccl.
588 1234 681 1319 quod
693 1234 784 1300 dicta
801 1235 953 1300 cantoria
968 1256 1036 1301 non
1062 1235 1169 1321 possit
1183 1236 1247 1301 nisi
1272 1257 1332 1321 per
1348 1256 1422 1301 can.
1438 1238 1530 1321 preb.
1547 1236 1638 1301 dicte
1664 1238 1746 1303 eccl.
1763 1237 1849 1302 obti-

480 1338 564 1420 neri,
580 1347 618 1404 et
632 1346 670 1403 ut
685 1338 795 1404 dictus
811 1337 956 1404 Poncius
967 1339 1093 1405 dictam
1116 1340 1302 1404 cantoriam
1317 1340 1423 1423 magis
1449 1339 1589 1423 pacifice
1605 1340 1756 1404 obtinere
1772 1359 1848 1425 pos·

480 1443 534 1524 sit,
550 1445 689 1529 placeat
698 1443 730 1508 S.
747 1441 787 1508 V.
803 1443 845 1509 de
862 1464 935 1509 can.
952 1452 987 1508 et
1014 1446 1106 1529 preb.
1123 1464 1196 1510 vac.
1212 1445 1266 1509 vel
1293 1451 1403 1509 vacat.
1420 1442 1529 1508 eidem
1552 1442 1751 1528 providere;
1778 1465 1846 1509 non

480 1550 569 1613 obst.
586 1547 679 1631 quod
704 1545 884 1632 quamdam
901 1548 1019 1632 capell.
1032 1547 1066 1611 in
1082 1549 1164 1613 eccl.
1181 1546 1213 1613 S.
1228 1546 1387 1612 Afrodisii
1404 1545 1585 1612 Bituricen.
1602 1547 1754 1611 obtinere
1769 1568 1846 1614 nos·

480 1660 587 1730 catur,
605 1670 707 1735 quam
723 1672 765 1715 ex
785 1651 929 1716 uberiori
945 1651 976 1717 S.
993 1650 1033 1717 V.
1048 1671 1096 1736 gr.
1112 1651 1260 1736 possit...
1278 1652 1369 1717 licite
1385 1650 1539 1716 retinere.
1555 1690 1598 1699 -
1615 1649 1690 1715 Fiat
1706 1650 1749 1716 de
1772 1672 1845 1717 can.

480 1757 542 1819 sub
559 1775 636 1840 exp.
653 1756 746 1839 preb.
762 1762 798 1819 et
819 1754 969 1820 dedicta
985 1755 1138 1820 cantoria
1154 1754 1195 1821 R.

527 1857 608 1922 Dat.
623 1856 725 1922 Avin.
745 1877 783 1941 14
799 1855 865 1921 kal.
882 1856 962 1923 febr.
979 1864 1012 1922 a⁰
1030 1864 1071 1942 5⁰.
1089 1858 1161 1943 (10,
1179 1858 1244 1942 17).

537 1993 676 2077 1136.
1296 1992 1301 1999 ’
1425 2005 1428 2009 “
1496 2004 1803 2089 1347,21janoier.

527 2112 632 2198 Supp.
657 2111 777 2177 Petrus
800 2111 843 2177 de
870 2108 965 2176 Viers
984 2121 1005 2192 ¹,
1029 2111 1120 2197 prior
1143 2110 1186 2176 de
1211 2108 1465 2190 Montelucano,
1491 2110 1577 2176 dioc.
1605 2107 1846 2175 Montisalban.

483 2215 557 2282 ord.
573 2215 770 2295 Cluniacen,
787 2214 970 2300 quodcum
986 2214 1018 2280 S.
1034 2214 1073 2281 V.
1090 2214 1226 2281 Sicardo
1242 2213 1284 2279 de
1308 2212 1526 2294 Cardalhac0,
1547 2213 1647 2298 priori
1669 2214 1700 2279 S.
1718 2212 1850 2300 Marga-

483 2329 568 2400 rete,
584 2318 726 2385 Trecen.
742 2318 840 2398 dioc,
859 2317 940 2383 dicti
966 2319 1047 2400 ord,
1075 2318 1258 2405 providerit
1274 2318 1316 2383 de
1333 2318 1471 2383 abbacia
1486 2317 1528 2383 de
1544 2316 1676 2400 Lissies,
1692 2317 1734 2384 O.
1751 2318 1783 2383 S.
1800 2316 1848 2397 B,

484 2422 707 2488 Cameracen.
723 2422 821 2502 dioc,
834 2421 904 2506 jam
929 2429 1007 2486 sunt
1031 2430 1176 2506 quatuor
1193 2442 1325 2486 menses
1341 2423 1395 2485 vel
1412 2420 1499 2486 circa
1511 2430 1531 2501 ³,
1549 2442 1589 2486 ac
1604 2421 1726 2486 deinde
1750 2420 1851 2486 Petro

483 2526 617 2613 prefato
631 2527 675 2591 de
690 2526 783 2592 dicto
798 2526 948 2611 prioratu
963 2526 1176 2592 mandaverit
1187 2525 1354 2613 provideri
1371 2546 1471 2609 quam
1488 2526 1585 2591 citius
1600 2525 1709 2591 dictus
1734 2527 1850 2611 Sycar-

483 2631 548 2697 dus
560 2630 806 2716 possessionem
822 2629 913 2696 dicte
930 2631 1068 2696 abbacie
1084 2631 1182 2695 fuerit
1208 2629 1349 2716 pacifice
1374 2638 1546 2695 assecutus
1562 2629 1717 2713 idemque
1733 2630 1851 2715 Sycar-
1917 2666 1920 2672 ·

482 2734 548 2800 dus
563 2733 697 2800 differat
711 2732 837 2800 dictam
850 2735 1027 2800 abbaciam
1043 2742 1220 2820 acceptare
1236 2743 1271 2800 et
1287 2734 1424 2819 adipisci
1440 2734 1542 2820 ipsius
1557 2734 1802 2819 possessionem
1818 2732 1851 2798 in

483 2837 673 2922 dampnum
687 2856 756 2902 non
769 2837 946 2904 modicum
965 2845 999 2902 et
1022 2837 1242 2923 prejudicium
1258 2838 1426 2923 prioratus
1441 2858 1480 2902 ac
1499 2836 1590 2902 Petri
1606 2837 1735 2922 prefati.
1752 2837 1853 2923 Supp.

484 2939 589 3025 igitur
602 2939 712 3005 dictus
727 2939 846 3005 Petrus
861 2949 953 3025 quat.
972 2941 1160 3026 dignemini
1186 2940 1279 3006 dicto
1302 2941 1392 3007 dom.
1409 2939 1558 3026 Sycardo
1581 2939 1760 3005 terminum
1776 2940 1854 3005 assi·

484 3063 591 3129 gnare
607 3042 691 3108 infra
719 3063 819 3126 quern
845 3045 975 3111 dictam
999 3046 1173 3111 abbaciam
1202 3044 1325 3110 debeat
1350 3052 1526 3129 acceptare
1553 3052 1587 3109 et
1610 3044 1854 3130 possessionem

485 3149 592 3233 ipsius
608 3148 757 3234 adipisci.
783 3188 824 3197 —
842 3146 942 3213 Fiant
966 3150 1056 3213 bulle
1072 3170 1134 3233 pro
1149 3150 1297 3234 prioratu
1314 3148 1345 3212 S.
1358 3147 1549 3232 Margarete
1565 3156 1599 3211 et
1615 3147 1797 3211 reddantur
1809 3147 1854 3211 illi

486 3252 542 3317 cui
555 3252 773 3337 providimus,
791 3252 844 3315 vel
862 3252 945 3316 inira
962 3274 1115 3317 mensem
1133 3252 1296 3317 certificet
1320 3272 1382 3317 uos
1404 3253 1458 3316 ille
1474 3256 1575 3317 abbas
1591 3252 1680 3335 quod
1696 3272 1765 3315 non
1781 3251 1853 3315 vult

484 3364 667 3440 acceptare
682 3357 869 3421 abbaciam.
883 3355 922 3419 R.

532 3460 615 3523 Dat.
631 3460 731 3524 Avin.
752 3481 788 3524 12
807 3459 873 3525 kal.
890 3460 971 3527 febr.
987 3470 1019 3526 a⁰
1036 3468 1078 3545 5⁰.
1096 3462 1168 3544 (10,
1189 3463 1254 3546 12).

543 3600 678 3684 1137.
1501 3635 1596 3698 1347,
1615 3638 1654 3679 22
1665 3614 1809 3696 janvrer.

532 3718 636 3801 Supp.
655 3716 791 3801 Egidius
806 3717 848 3781 de
865 3716 982 3796 l'inea,
999 3719 1077 3782 cler.
1090 3718 1276 3783 l'omacen.
1290 3718 1386 3798 dioc,
1400 3718 1502 3782 famil.
1512 3718 1602 3783 dom.
1614 3720 1851 3784 :ildebrandini

487 3820 530 3886 de
548 3819 673 3884 Baskio
688 3831 709 3899 ⁴,
726 3840 799 3885 can.
822 3821 1046 3900 Attrebaten,
1071 3822 1278 3886 devotissimi
1295 3821 1435 3885 oratoris
1450 3823 1562 3900 vestri,
1579 3831 1669 3904 quat.
1686 3824 1746 3887 sibi
1764 3844 1852 3907 spec.

487 3945 535 4009 gr.
560 3923 724 3988 facientes
747 3922 789 3987 de
815 3923 927 4005 aliquo
951 3927 1026 3988 ben.
1052 3927 1133 3990 eccl.
1160 3948 1188 3990 c.
1216 3908 1314 3990 orel
1337 3947 1361 3989 s.
1383 3945 1422 4002 c.,
1443 3934 1548 4009 spect.
1565 3926 1606 3988 ad
1622 3927 1697 3989 coll.
1726 3929 1801 3990 abb.
1819 3935 1853 3989 et

488 4048 589 4093 conr.
615 4026 811 4091 monasterii
839 4026 870 4091 S.
898 4027 987 4090 Petri
1015 4026 1198 4106 Lobiensis,
1225 4029 1266 4093 Ο.
1292 4029 1322 4093 S.
1349 4027 1397 4107 13,
1415 4027 1630 4093 Cameracen.
1647 4029 1744 4107 dioc,
1761 4030 1853 4112 cujus

489 4131 626 4210 fructus,
643 4128 670 4193 si
687 4150 716 4194 c.
733 4151 761 4194 c.
779 4131 830 4209 80,
843 4129 869 4193 si
886 4150 967 4194 vero
977 4152 1001 4194 s.
1015 4152 1044 4196 c.
1056 4131 1153 4196 farerit
1169 4138 1208 4196 60
1221 4133 1276 4196 lib.
1289 4132 1413 4196 Turon.
1426 4151 1520 4215 parv.
1533 4133 1683 4195 valorem
1693 4152 1852 4211 annuum,

489 4255 555 4300 sec.
586 4243 656 4298 tax.
686 4233 826 4313 decime,
858 4254 926 4297 non
958 4235 1132 4316 excedant,
1168 4235 1256 4322 [vac.
1283 4236 1336 4298 rel
1364 4233 1505 4319 r'acat.],
1530 4234 1639 4299 eidem
1670 4234 1852 4317 dignemini

489 4337 688 4423 providere;
714 4357 782 4402 non
811 4340 896 4402 obst.
918 4338 1009 4420 quod
1033 4340 1150 4423 capell.
1168 4340 1266 4404 sitam
1292 4340 1325 4402 in
1353 4339 1435 4403 eccl.
1460 4338 1613 4422 parroclr.
1645 4339 1676 4403 S.
1703 4337 1853 4403 Mauritii

491 4439 684 4519 Insulensis,
701 4440 743 4504 de
759 4460 825 4523 qua
837 4460 951 4505 coram
968 4441 1102 4506 officiali
1120 4442 1306 4507 Tornaceu.
1323 4442 1472 4506 noscitur
1487 4441 1627 4525 litigare,
1642 4442 1748 4521 suerit,
1765 4450 1852 4507 auct.

492 4544 581 4608 dom.
599 4543 687 4608 card.
704 4542 893 4623 Tusculani,
910 4544 997 4609 sedis
1012 4553 1119 4630 apost.
1136 4546 1248 4609 nuncii
1265 4553 1284 4624 ⁵,
1301 4553 1506 4629 assequutus.
1522 4586 1565 4593 —
1582 4545 1657 4610 Fiat
1674 4545 1714 4611 R.

536 4646 615 4711 Dat.
631 4646 732 4709 Avin.
753 4666 787 4709 11
806 4645 872 4711 kal.
890 4647 970 4712 febr.
988 4655 1021 4712 a⁰
1039 4658 1080 4732 5⁰.
1098 4650 1169 4727 (10,
1192 4650 1256 4733 16).

543 4783 677 4868 1138.
1503 4818 1598 4881 1347,
1616 4817 1656 4878 25
1666 4796 1810 4878 janvr'er.

539 4903 639 4988 Supp.
666 4901 849 4982 Johanncs,
876 4904 1117 4988 primogenitus
1141 4904 1227 4989 regis
1253 4902 1405 4984 Francie,
1433 4903 1499 4969 dux
1525 4901 1744 4982 Nonnannie,
1764 4908 1854 4985 quat.

506 5048 748 5060 Ψ.-

534 5137 553 5183 1.
564 5136 624 5183 Voir
635 5151 660 5183 n.
674 5138 744 5185 1122.
756 5165 788 5172 -
800 5138 822 5183 2.
835 5135 897 5182 l'oir
908 5150 933 5183 n.
948 5137 1017 5183 1093.
1029 5163 1061 5169 -
1073 5137 1095 5184 3.
1108 5135 1170 5182 l'oir
1183 5150 1207 5183 u.
1221 5136 1274 5181 833.
1287 5135 1353 5181 -1,
1366 5134 1428 5180 l'oir
1439 5148 1463 5181 n.
1476 5135 1530 5187 otio.
1546 5135 1600 5180 715.
1612 5158 1644 5165 —
1661 5134 1684 5179 5.
1696 5127 1809 5176 Anibald
1826 5127 1858 5174 de

510 5206 610 5256 (leccano
623 5226 628 5267 ;
641 5225 684 5257 sur
695 5226 722 5257 sa
734 5212 886 5258 uonciutnrc
898 5225 929 5257 cu
944 5212 1012 5267 1342,
1025 5212 1080 5256 voir
1090 5208 1170 5257 Gilles
1181 5209 1199 5256 li
1213 5208 1302 5255 Muisis
1311 5208 1363 5268 (lle
1374 5209 1451 5263 Smet,
1467 5207 1555 5255 Cicron.
1568 5205 1599 5252 de
1610 5202 1733 5263 Flurrdra,
1745 5213 1776 5256 11,
1790 5202 1859 5260 233).
