4650 6059
496 811 559 874 aaa
670 854 674 880 ,
1050 807 1139 882 raia,
1161 806 1201 869 22
1221 806 1298 887 jul.

496 957 522 1021 si
551 980 665 1023 curam
691 959 876 1023 animarum
900 958 1049 1035 haberet,
1074 956 1226 1020 obtinere
1249 963 1373 1040 posset,
1390 956 1502 1020 extitit
1524 955 1767 1040 dispensatum,
1785 970 1861 1044 post

497 1085 596 1147 quam
613 1062 909 1147 dispensationem,
926 1081 999 1126 cau.
1016 1068 1051 1124 et
1067 1061 1159 1144 preb.
1176 1060 1258 1124 eccl.
1272 1058 1302 1122 S.
1316 1058 1431 1125 Crucis
1444 1056 1603 1123 Leodien.
1615 1067 1665 1123 est
1677 1070 1860 1139 assecutus,

497 1175 531 1230 et
556 1167 588 1229 in
617 1166 835 1250 presbiterum
859 1174 1034 1250 promotus
1050 1187 1057 1242 ;
1076 1173 1123 1242 ut,
1139 1172 1251 1248 preter
1267 1184 1341 1229 can.
1358 1172 1391 1228 et
1407 1165 1499 1247 preb.
1516 1163 1695 1247 predictos
1713 1166 1779 1229 tria
1797 1168 1860 1231 alia

496 1273 571 1335 beu.
583 1270 675 1348 eccl,
688 1269 790 1334 etiam
801 1270 826 1333 si
837 1269 931 1333 alteri
942 1288 1057 1333 eorum
1073 1288 1152 1332 cura
1171 1267 1343 1331 immineat
1359 1267 1555 1346 animarum,
1572 1274 1606 1331 et
1622 1287 1697 1332 can.
1714 1277 1750 1333 et
1767 1273 1858 1354 preb.

497 1376 528 1436 in
543 1376 624 1439 eccl.
637 1374 758 1439 suerint
768 1373 963 1452 cathedrali,
974 1373 999 1437 si
1011 1372 1070 1436 sibi
1081 1372 1164 1436 alias
1175 1371 1337 1436 canonice
1348 1370 1572 1449 conserantur,
1585 1372 1687 1435 libere
1697 1374 1858 1467 recipere,

496 1488 530 1542 et
555 1499 621 1542 una
646 1498 722 1542 cum
745 1499 820 1543 can.
844 1487 878 1541 et
893 1480 984 1561 preb.
1005 1474 1173 1561 predictis
1191 1474 1280 1539 licite
1296 1474 1448 1551 retinere,
1464 1494 1503 1538 ac
1519 1474 1692 1557 quodlibet
1707 1476 1857 1561 ipsorum

495 1582 744 1660 beneficiorum,
767 1581 894 1646 totiens
906 1580 1061 1664 quotiens
1070 1577 1131 1643 sibi
1147 1576 1321 1661 placuerit,
1339 1584 1529 1661 permutare
1546 1578 1666 1656 valeat,
1683 1578 1778 1644 dicto
1793 1580 1858 1645 del.

495 1693 530 1749 et
554 1685 816 1768 quibuscumque
840 1680 1134 1748 constitutionibus
1157 1689 1275 1765 apost,
1298 1701 1338 1745 ac
1359 1680 1495 1745 statutis
1511 1689 1545 1744 et
1561 1682 1858 1748 consuetudinibus

496 1787 719 1866 ecclesiarum,
751 1786 784 1849 in
816 1787 934 1871 quibus
963 1785 1075 1851 forsan
1107 1783 1296 1868 hujusmodi
1326 1783 1490 1848 beneficia
1520 1782 1652 1864 fuerint,
1684 1788 1858 1851 contrariis

495 1910 708 1973 nequaquam
724 1892 820 1968 obst,
837 1888 1019 1972 dignemini
1036 1888 1239 1971 dispensare,
1255 1886 1474 1952 lrabilitantes
1491 1888 1597 1973 ipsum
1614 1891 1656 1952 ad
1667 1888 1856 1974 hujusmodi

495 1994 658 2058 beneficia
674 1993 869 2072 obtinenda,
886 2012 926 2056 ac
942 1992 967 2055 si
985 2000 1072 2055 esset
1087 1990 1129 2055 de
1146 1991 1297 2074 legitimo
1312 1992 1528 2056 matrimonio
1551 1992 1682 2075 genitus
1697 2015 1705 2072 ;
1722 2015 1853 2059 necnon

494 2097 536 2161 de
552 2097 693 2161 uberiori
710 2095 801 2161 dono
816 2096 921 2180 gratie
938 2095 1165 2161 concedentes
1181 2094 1289 2158 eidem
1307 2094 1397 2178 quod
1413 2096 1446 2159 in
1464 2096 1727 2180 quibuscumque
1743 2100 1854 2181 gratiis

494 2221 552 2284 per
576 2201 683 2284 ipsum
706 2200 760 2263 uel
781 2220 842 2284 pro
864 2200 937 2284 ipso
960 2199 1176 2283 impetrandis
1203 2219 1270 2263 uon
1294 2207 1450 2264 teneatur
1472 2199 1514 2264 de
1538 2199 1630 2265 dicto
1656 2200 1720 2265 def.
1746 2201 1852 2267 facere

493 2304 711 2367 mentionem.
728 2344 770 2351 -
787 2302 864 2366 Fiat
882 2300 921 2367 R.
939 2304 1005 2384 (11,
1023 2307 1104 2386 46l).

540 2447 638 2507 1015.
656 2439 742 2505 Item
754 2461 849 2524 supp·
862 2438 993 2504 Franco
1005 2439 1047 2504 de
1060 2439 1257 2522 Gemblac0,
1268 2464 1341 2508 ean.
1355 2443 1436 2507 eccl.
1448 2442 1478 2507 S.
1492 2442 1645 2527 Dyonisii
1657 2442 1818 2508 Leodien.
1833 2458 1851 2517 ¹,

494 2553 597 2626 quat,
615 2564 691 2607 cum
707 2542 838 2623 eodem,
855 2563 931 2608 cum
947 2564 1014 2627 quo
1029 2564 1127 2629 super
1142 2543 1207 2610 def.
1224 2555 1303 2627 nat,
1321 2568 1420 2630 quem
1436 2546 1563 2632 patitur
1579 2545 1620 2610 de
1637 2548 1749 2612 soluto
1764 2548 1851 2632 geni-

491 2654 546 2711 tus
561 2657 595 2711 et
611 2648 730 2727 soluta,
747 2646 847 2730 quod,
874 2646 996 2712 eodem
1018 2668 1085 2711 non
1113 2650 1210 2729 obst,
1237 2650 1280 2713 ad
1304 2671 1420 2715 omnes
1447 2648 1579 2714 ordines
1605 2651 1797 2734 promoveri
1819 2664 1852 2715 et

491 2754 568 2816 ben.
596 2753 688 2832 eccl,
705 2751 807 2816 etiam
835 2751 860 2815 si
889 2771 1003 2816 curam
1029 2750 1217 2815 animarum
1241 2753 1390 2834 haberet,
1416 2753 1567 2818 obtinere
1594 2764 1717 2838 posset,
1742 2756 1851 2820 extitit

494 2855 1245 2941 dispensatum,postquamdispensationem
1263 2878 1336 2922 can.
1358 2867 1392 2922 et
1415 2860 1507 2942 preb.
1529 2857 1610 2923 eccl.
1638 2858 1669 2923 S.
1697 2859 1850 2945 Dyonisii

494 2958 654 3023 Leodien.
670 2967 721 3023 est
737 2967 917 3037 assecutus
933 2968 968 3024 et
984 2958 1028 3023 ad
1039 2959 1301 3025 subdiaconatus
1313 2960 1463 3025 ordinem
1479 2970 1664 3046 promotus,
1689 2974 1726 3030 ut
1743 2974 1851 3051 preter

490 3072 600 3127 canet
616 3066 707 3147 preb.
726 3062 895 3148 predictos
914 3064 976 3127 tria
993 3063 1057 3127 alia
1067 3063 1235 3128 beneccl.
1250 3063 1302 3149 [ut
1321 3084 1418 3148 supra
1429 3064 1461 3127 in
1472 3067 1665 3149 precedenti
1685 3069 1849 3153 supplica-

488 3166 609 3251 tione}
631 3205 662 3214 -
685 3166 760 3231 Fiat
778 3166 818 3232 R.

533 3270 611 3334 Dat.
629 3291 682 3354 ap.
700 3269 949 3336 Villamnoram
971 3292 1007 3335 10
1023 3271 1089 3337 kal.
1103 3272 1174 3355 julii
1193 3281 1226 3336 a⁰
1243 3282 1284 3355 5⁰.
1303 3274 1368 3355 (ll,
1386 3276 1470 3356 46l').

541 3407 678 3489 1016.
953 3493 956 3498 ,
1552 3423 1646 3503 1546,
1664 3445 1704 3487 22
1716 3424 1806 3503 jui'u.

534 3525 622 3606 Sign.
639 3526 743 3588 abbas
759 3540 770 3564 ²
786 3530 821 3587 et
845 3533 1031 3588 conventus
1046 3524 1240 3587 monasterii
1258 3524 1289 3588 S.
1305 3524 1449 3588 Amaudi
1476 3524 1508 3586 iu
1535 3524 1671 3605 Pabula,
1690 3527 1732 3591 O.
1750 3529 1781 3594 S.
1799 3528 1846 3602 B.

488 3627 672 3692 'l'omacen
688 3628 785 3707 dioc,
802 3626 916 3692 afflicti
928 3627 1156 3712 multipliciter
1168 3635 1202 3690 et
1212 3627 1429 3712 depauperati
1449 3628 1609 3707 totaliter,
1620 3630 1711 3712 quod
1730 3653 1847 3697 mona-

487 3733 623 3795 sterium
641 3731 758 3815 ipsum,
775 3740 911 3816 propter
925 3751 1060 3812 guerras
1076 3730 1276 3808 durissimas
1294 3752 1358 3815 que
1376 3732 1461 3795 iuter
1483 3731 1637 3797 dominos
1654 3733 1798 3803 Francic
1813 3750 1845 3799 et

488 3837 609 3919 :lnglie
626 3856 719 3920 reges
735 3835 768 3899 in
783 3835 848 3900 illis
862 3835 1020 3919 partibus
1037 3834 1212 3919 presertim
1230 3835 1317 3900 circa
1340 3834 1466 3900 dictum
1490 3839 1743 3919 monasterium,
1760 3850 1847 3906 atro-

488 3941 570 4004 citer
586 3940 771 4022 riguertmt,
788 3948 839 4004 est
862 3939 1049 4003 desolatum
1065 3937 1225 4002 totaliter
1252 3948 1286 4002 et
1309 3939 1537 4017 desrmctum3
1565 3938 1681 4021 uiginti
1710 3940 1790 4005 rille
1812 3954 1844 4004 et

488 4043 622 4124 triginta
639 4041 703 4106 due
719 4050 829 4107 curtes
845 4052 879 4106 et
895 4041 1015 4106 domus
1031 4061 1088 4105 seu
1103 4040 1239 4124 grangie
1257 4041 1357 4125 ipsius
1372 4042 1575 4120 monasterii,
1591 4062 1632 4104 ex
1649 4043 1769 4125 quibus
1786 4044 1843 4130 ipsi

489 4156 637 4208 oratores
652 4146 754 4209 vestri
770 4146 803 4208 in
819 4146 912 4209 rictu
928 4155 962 4208 et
977 4145 1101 4209 uestitu
1117 4147 1399 4230 sustentabantur,
1416 4166 1547 4210 necnon
1564 4154 1651 4209 terre
1667 4155 1701 4210 et
1718 4167 1843 4231 posses·

489 4248 598 4311 sioues
626 4248 780 4332 ipsorum,
806 4258 943 4332 propter
968 4248 1131 4312 exercitus
1158 4246 1324 4312 dictorum
1349 4268 1473 4331 regum,
1499 4248 1650 4313 totaliter
1673 4259 1751 4314 sunt
1767 4270 1842 4315 con-

487 4360 619 4434 sumpte
637 4374 643 4426 ;
660 4351 769 4429 blado,
788 4351 986 4415 animalibus
998 4362 1032 4415 et
1043 4352 1114 4414 aliis
1124 4354 1221 4415 rebus
1232 4351 1419 4433 mobilibus
1434 4353 1466 4414 in
1477 4352 1603 4416 eisdem
1613 4353 1841 4427 existentibus

485 4455 515 4516 iu
535 4455 669 4538 predam
686 4456 802 4539 positis
819 4465 852 4518 et
869 4455 1021 4519 abductis
1036 4462 1047 4487 ¹¹
1064 4479 1071 4533 ;
1090 4456 1135 4519 ita
1148 4455 1239 4538 quod
1251 4457 1490 4521 monasterium
1501 4456 1609 4541 ipsum
1625 4464 1676 4520 est
1692 4459 1841 4522 totaliter

484 4558 574 4621 casui
592 4567 625 4621 et
642 4558 733 4621 ruine
750 4558 950 4642 irreparabili
968 4560 1168 4643 expositum,
1179 4559 1241 4622 uisi
1252 4580 1311 4643 per
1324 4559 1471 4623 savorem
1482 4560 1567 4624 sedis
1584 4570 1692 4644 apost.
1710 4583 1840 4627 succur-

484 4669 575 4726 ratur
599 4669 632 4724 et
659 4661 760 4725 etiam
789 4664 988 4727 sublevetur.
1016 4664 1127 4744 Quare
1155 4665 1262 4747 suppl.
1290 4672 1391 4746 quat,
1420 4672 1456 4727 ut
1484 4662 1672 4746 aliqualiter
1704 4666 1839 4730 valeant

482 4766 640 4850 respirare
657 4785 697 4829 ac
713 4764 859 4829 fidelium
876 4775 1006 4829 mentes
1034 4765 1076 4829 ad
1101 4766 1371 4851 compassionem
1393 4787 1470 4850 erga
1495 4785 1553 4830 eos
1580 4764 1696 4831 fortius
1721 4787 1839 4833 acceu-

514 4957 542 5010 α)
559 4952 614 5000 (bd.
628 4953 749 5000 nuliius.

512 5174 533 5220 1.
546 5170 603 5220 Ciu?
615 5172 638 5219 le
651 5174 679 5219 15
691 5176 741 5219 oct.
755 5172 817 5218 1347
830 5170 928 5231 (ΓΒΗ,
941 5171 965 5215 3·
978 5170 1046 5226 serie,
1061 5170 1132 5221 xlv.
1146 5172 1206 5231 120)
1218 5179 1240 5219 cl
1251 5171 1274 5218 lc
1286 5173 1316 5219 23
1327 5171 1420 5219 fortior·
1433 5174 1492 5219 13:12
1505 5184 1603 5220 comme
1612 5169 1688 5219 chan.
1697 5169 1729 5218 do
1739 5170 1764 5220 S.
1775 5169 1836 5218 l‘aul

479 5247 548 5295 etde
561 5248 584 5295 S.
599 5246 676 5293 Dcnis
688 5245 832 5308 (Bornaus,
847 5243 890 5304 lV,
906 5245 1013 5304 1711)-
1026 5246 1048 5293 2.
1060 5244 1125 5293 dean
1138 5245 1170 5292 ‹le
1184 5245 1321 5307 Vassoigue
1334 5245 1420 5307 (Gall.
1433 5245 1527 5305 cludat,
1543 5244 1591 5302 lll,
1605 5244 1673 5304 265).
