4650 6059
984 809 1070 881 1345,
1095 807 1178 872 16-17
1197 807 1273 887 jun.
1311 861 1314 867 ,
1754 797 1805 874 2'11

461 960 575 1023 ›roviso
592 959 685 1043 quod
700 959 892 1024 animarum
919 979 997 1023 cura
1021 958 1094 1023 sibi·
1109 957 1285 1022 imminens
1312 958 1502 1023 nullatenus
1525 959 1719 1042 negligatur,
1742 979 1806 1025 nec

463 1064 710 1146 psedecanatus
725 1066 769 1128 ob
786 1063 854 1128 hoc
870 1062 942 1127 aliis
965 1061 1087 1127 debitis
1110 1062 1276 1145 obsequiis
1287 1061 1521 1142 defraudetur3
1539 1083 1606 1128 non
1619 1066 1704 1129 obst.
1716 1061 1806 1147 quod

461 1165 533 1230 idem
556 1167 707 1231 decanus
722 1166 765 1231 ad
780 1166 969 1251 hujusmodi
979 1165 1194 1231 residentiam
1209 1185 1268 1250 per
1274 1166 1499 1250 juramentum
1511 1156 1680 1252 proprium
1704 1167 1806 1231 etiam

462 1270 493 1333 sit
503 1270 658 1335 astrictus
673 1293 682 1349 ;
699 1290 762 1335 nec
778 1290 877 1355 super
892 1269 1011 1336 eodem
1024 1270 1217 1354 juramento
1226 1268 1512 1354 dispensationem
1523 1290 1580 1335 seu
1597 1270 1805 1355 privilegium

465 1373 625 1459 inpetrare
651 1374 785 1453 debeat,
812 1382 870 1439 aut
895 1374 1074 1460 impetrato
1100 1373 1250 1458 quolibet
1265 1373 1323 1438 uti.
1340 1413 1383 1423 -
1407 1373 1482 1439 Fiat
1503 1374 1545 1440 ad
1567 1374 1737 1439 biennium
1766 1374 1806 1443 R.

498 1478 570 1544 Dat.
587 1498 641 1564 ap.
659 1477 908 1545 villamnovam
928 1482 964 1543 16
980 1478 1048 1543 kal.
1057 1477 1129 1562 julii
1145 1485 1180 1543 a⁰
1195 1485 1238 1562 4⁰.
1255 1478 1313 1561 (9.
1320 1480 1387 1562 35).

506 1617 614 1699 847.
1514 1649 1610 1716 1345,
1628 1632 1669 1696 [ό
1678 1629 1764 1713 juin.

501 1736 593 1822 Supp.
607 1734 656 1818 G(
659 1735 764 1821 uido),
779 1735 832 1801 tit.
849 1735 879 1801 S.
895 1731 1019 1802 Cecilie
1035 1737 1141 1821 presb.
1158 1734 1257 1815 card„
1271 1743 1361 1818 quat.
1374 1755 1447 1820 cap.
1464 1735 1681 1801 commensali
1698 1756 1758 1801 suo
1774 1743 1809 1800 et

474 1839 588 1922 phisico,
601 1860 692 1924 mag.
711 1839 811 1905 Petro
826 1840 917 1906 dicto
933 1838 1054 1906 Chasle
1072 1856 1091 1921 ¹,
1107 1841 1149 1906 de
1166 1839 1317 1926 parroch.
1350 1841 1430 1904 eccl.
1453 1839 1484 1905 S.
1500 1838 1594 1905 Britii
1611 1838 1809 1921 Tomacen.,

475 1940 667 2010 Cameracen.
677 1943 775 2024 dioc„
785 1965 857 2010 vac.
869 1944 958 2030 apud
967 1943 1081 2010 sedem
1092 1954 1199 2030 apost.
1210 1964 1270 2030 per
1281 1941 1652 2027 libresigncardinalis
1662 1942 1809 2027 ejusdem

475 2046 557 2132 ipsun
572 2059 674 2114 antea
690 2049 872 2134 obtinentis
888 2049 921 2113 in
937 2049 1091 2114 manibus
1118 2049 1235 2114 vestris
1262 2047 1387 2112 factam
1413 2053 1447 2110 et
1474 2067 1533 2132 per
1547 2067 1608 2112 vos
1632 2046 1811 2112 admissam

475 2169 532 2215 curn
546 2153 648 2238 ipsius
660 2152 787 2236 juribus
802 2152 983 2236 dignemini
999 2153 1173 2239 providere
1188 2176 1195 2232 ;
1221 2174 1289 2217 non
1315 2153 1400 2216 obst.
1417 2150 1507 2234 quod
1523 2172 1597 2216 can.
1614 2158 1648 2217 et
1663 2154 1754 2237 preb.
1770 2150 1812 2216 de

473 2253 621 2336 Comines,
638 2257 843 2341 capellanias
858 2257 1072 2344 hospitalium
1096 2257 1150 2322 SS.
1167 2256 1283 2335 Jacobi
1300 2256 1342 2322 de
1359 2254 1536 2336 Wastines,
1554 2254 1704 2322 Nichasii
1723 2255 1815 2320 Insu-

473 2358 562 2440 lensis,
585 2360 627 2426 de
646 2360 808 2426 Haudion
832 2382 872 2427 ac
896 2363 930 2426 in
957 2364 1038 2428 eccl.
1067 2361 1105 2428 B.
1134 2360 1183 2426 M.
1199 2361 1233 2426 in
1249 2360 1490 2444 Ardemburgo,
1519 2360 1550 2425 S.
1573 2359 1755 2426 Salvatoris
1781 2368 1816 2426 et

473 2461 497 2527 S.
510 2463 690 2549 Walburgis
705 2473 741 2530 et
765 2485 839 2532 can.
855 2469 915 2531 sub
938 2486 1013 2552 exp.
1038 2469 1129 2553 preb.
1155 2466 1186 2531 S.
1212 2464 1397 2531 Donatiani
1423 2462 1609 2549 Brugensis,
1630 2463 1816 2532 Tomacen.

473 2566 553 2648 dioc,
569 2570 720 2635 obtinere
735 2577 903 2636 noscatur.
915 2611 958 2620 -
980 2569 1055 2636 Fiat
1072 2570 1111 2636 R.

509 2672 579 2739 Dat.
594 2693 647 2759 ap.
663 2672 913 2741 Villamnovam
933 2679 969 2740 16
986 2673 1053 2741 kal.
1067 2673 1138 2759 julii
1155 2681 1188 2739 a⁰
1203 2675 1313 2760 4⁰.(9,
1332 2676 1400 2761 36).

513 2811 625 2895 848.
1524 2825 1773 2910 1545,16jm'n.

508 2932 556 2994 ΒΝ·
572 2930 678 2998 Pater.
696 2930 783 2997 Cum
799 2952 905 3017 nuper
920 2930 939 3008 J
942 2931 1086 2998 ordanus
1109 2931 1151 2997 de
1176 2930 1309 3011 Manso,
1321 2935 1429 3017 presb.
1446 2943 1467 3012 ²,
1484 2940 1609 2997 canet
1625 2935 1717 3017 preb.
1733 2933 1816 2999 eccl.

477 3032 713 3117 RollrnacensiS,
726 3037 941 3102 Cameracen.
952 3037 1048 3117 dioc,
1059 3045 1094 3101 et
1105 3036 1286 3102 Baldoinus
1296 3035 1339 3101 de
1350 3036 1508 3116 Vallibus,
1519 3036 1669 3121 parroch.
1681 3037 1762 3102 eccl.
1775 3036 1817 3102 de

478 3137 656 3227 Rupecurra
671 3151 694 3223 ¹¹,
714 3140 748 3205 N
751 3145 908 3207 arbonen.
926 3142 1022 3223 dioc,
1036 3164 1134 3207 causa
1151 3141 1408 3227 permutationis
1423 3141 1577 3206 duxerint
1592 3141 1816 3226 resignandos

477 3264 553 3333 supp.
570 3248 735 3325 Jordanus
745 3255 779 3312 et
796 3244 976 3312 Baldoinus
992 3248 1081 3331 quat.
1103 3247 1195 3312 dicto
1222 3244 1241 3323 J
1244 3247 1371 3312 ordano
1388 3245 1430 3311 de
1454 3245 1543 3311 dicta
1564 3247 1717 3332 patrocli.
1735 3248 1816 3312 eccl.

478 3364 501 3413 et
510 3351 596 3417 dicto
614 3351 780 3417 Baldoino
797 3349 838 3415 de
855 3372 927 3416 can.
944 3359 976 3415 et
994 3353 1084 3437 preb.
1100 3349 1259 3436 predictis
1274 3349 1456 3435 dignemini
1472 3349 1657 3436 providere.
1674 3390 1716 3401 -
1739 3350 1816 3417 Fiat

479 3449 507 3516 R.
534 3455 595 3520 Pro
621 3465 764 3540 utroque
781 3453 820 3518 R.

510 3557 579 3625 Dat.
595 3580 649 3645 ap.
668 3558 913 3625 Villamnovam
936 3564 972 3622 16
989 3559 1055 3625 kal.
1069 3560 1140 3644 julii
1156 3567 1248 3644 a⁰.4⁰.
1267 3561 1315 3644 (9,
1333 3560 1416 3644 43').
1502 3639 1507 3652 .

516 3696 625 3781 849·
1522 3730 1540 3774 Ι
1634 3710 1676 3776 16
1703 3711 1771 3777 'urm

509 3816 600 3903 Supp.
629 3816 744 3881 Sibilia
771 3813 813 3879 de
838 3813 964 3879 Baucio
988 3825 1008 3894 ³,
1035 3814 1279 3881 Valentinensis
1303 3825 1336 3880 et
1355 3815 1499 3900 Dyensis
1522 3730 1703 3896 cdiiiiytissas
1723 3825 1814 3900 quat.

480 3913 619 4004 [Guigoni
637 3919 827 3994 Cavallarii,
855 3920 931 3982 cler.
949 3917 1114 3983 l'ivarien.
1140 3919 1237 3997 dioc„
1266 3919 1298 3982 in
1326 3918 1624 4003 Montepessulano
1639 3919 1752 4005 stnd.,]
1772 3920 1815 3984 de

478 4021 534 4087 ben.
548 4026 628 4091 eccl.
646 4025 689 4089 ad
706 4024 781 4089 coll.
794 4024 928 4107 capituli
946 4024 1160 4089 Cameracen.
1178 4025 1210 4087 in
1228 4025 1290 4089 civ.
1305 4025 1356 4087 rel
1372 4023 1458 4089 dioc.
1475 4023 1688 4089 Cameracen.
1702 4025 1815 4107 (ligne-

478 4128 538 4193 nini
554 4129 740 4216 providere,
757 4128 809 4191 vel
837 4128 879 4192 ad
903 4130 978 4193 coll.
1006 4132 1080 4193 abl).
1105 4139 1139 4193 ot
1167 4128 1359 4194 monasterii
1387 4130 1417 4193 S.
1446 4127 1587 4212 Remigii
1618 4128 1756 4195 Remen.
1774 4171 1815 4180 —-

479 4226 535 4299 Fiat
548 4255 652 4318 usque
668 4233 711 4298 ad
729 4238 768 4296 60
784 4254 812 4297 c.
830 4254 869 4311 c..
886 4255 927 4317 40
939 4255 964 4298 s.
981 4255 1009 4299 c.
1027 4233 1067 4299 R.

511 4336 579 4404 [lat.
595 4359 650 4424 ap.
667 4337 913 4402 villamnovam
934 4342 971 4401 16
987 4336 1054 4403 kal.
1067 4337 1139 4421 julii
1155 4344 1188 4402 a⁰
1204 4345 1246 4421 4⁰.
1264 4337 1312 4420 (9,
1330 4342 1413 4421 46l').

517 4474 758 4559 850-852.
1507 4504 1602 4569 1345,
1627 4504 1668 4568 17
1684 4484 1771 4567 jum.

512 4593 779 4680 Sign.Guillelma
795 4592 838 4658 de
853 4592 885 4658 la
903 4592 1029 4677 Megia,
1043 4592 1132 4676 quod
1148 4614 1224 4658 cum
1242 4590 1361 4657 Iterius
1376 4589 1418 4655 de
1436 4588 1617 4672 ManbaCO,
1633 4594 1750 4676 presb..
1762 4591 1816 4655 lic.

484 4693 505 4757 in
512 4698 600 4781 decr„
619 4700 835 4767 Lemovicen.
851 4698 948 4778 dioc,
967 4718 1071 4783 nuper
1094 4706 1204 4762 rector
1219 4696 1369 4782 parroclr.
1386 4696 1467 4761 eccl.
1492 4693 1535 4759 de
1552 4695 1711 4775 Dameto,
1728 4695 1817 4760 dicte

486 4792 676 4868 lemovicen.
693 4804 789 4884 dioc,
819 4811 853 4868 et
875 4803 992 4867 Petrus
1019 4800 1155 4882 Judicis,
1181 4802 1257 4867 cler.
1276 4800 1490 4866 Lemovicen.
1515 4798 1612 4879 dioc„
1637 4820 1710 4865 can.
1726 4802 1818 4885 preb.

509 4963 530 5013 al
543 4968 594 5015 dul.
607 4967 758 5030 Rupccurin.
772 4967 832 5014 Voir
849 4982 873 5015 n.
887 4971 942 5015 832.

462 5167 464 5178 .
515 5114 530 5159 Ι.
539 5116 593 5166 l'oir
605 5134 628 5167 n.
643 5120 695 5167 ml.
709 5146 732 5152 ·-
752 5119 774 5165 2.
787 5118 848 5165 l'oir
861 5134 884 5164 n.
897 5118 952 5164 832.
965 5144 996 5151 —
1009 5120 1030 5163 tl.
1044 5118 1091 5162 Sur
1104 5116 1127 5163 ln
1141 5114 1238 5163 larnillc
1250 5115 1281 5161 de
1296 5115 1366 5163 {lanx
1380 5114 1541 5175 (l‘rovonce),
1561 5116 1615 5161 voli·
1636 5111 1740 5176 (bannia
1751 5112 1823 5160 ureb.

491 5182 513 5224 ὦ·
524 5187 612 5242 Ρηικιν,
633 5193 731 5247 XLlll,
745 5194 851 5240 :ltu-iub
867 5208 872 5248 ;
896 5192 922 5239 L.
937 5191 1106 5252 llarllrdleniy.
1128 5191 1241 5239 nerem...
1258 5188 1301 5236 alm
1318 5190 1416 5235 charles
1427 5188 1458 5235 dc·
1470 5187 1495 5233 la
1510 5189 1601 5236 sarariam
1615 5187 1645 5236 de
1658 5187 1744 5235 Baua.
1760 5186 1824 5234 Mar-

493 5260 550 5314 wille.
562 5268 627 5315 1⁸⁸2.
