4650 6059
563 804 620 865 144
1096 799 1184 869 1344,
1210 799 1243 862 18
1262 799 1391 880 janvier.

608 957 691 1017 625.
725 949 812 1014 Item
840 971 935 1036 supp.
963 950 1150 1016 Willelmus
1179 950 1222 1015 de
1253 950 1490 1032 Duvenvorde,
1522 951 1612 1018 dom.
1638 954 1681 1019 de
1711 953 1926 1033 0esterhout,

565 1055 811 1121 dominorum...
827 1054 920 1120 ducis
937 1053 1119 1119 Brabantie
1135 1061 1211 1118 et...
1230 1053 1364 1119 comitis
1375 1053 1559 1140 Haynonie
1572 1057 1783 1123 consiliarius
1795 1065 1815 1138 ¹,
1837 1069 1925 1143 quat.

565 1159 735 1243 cumipse,
752 1158 890 1243 cupiens
906 1168 1037 1223 terrena
1053 1159 1087 1222 in
1104 1158 1242 1223 celestia
1268 1167 1486 1240 commutare,
1510 1179 1573 1245 pro
1596 1180 1655 1225 sue
1683 1181 1724 1226 ac
1750 1171 1925 1246 parentum

565 1273 600 1330 et
623 1265 873 1350 progenitorum
897 1284 1031 1329 suorum
1058 1263 1245 1328 animarum
1271 1264 1387 1342 salute,
1413 1261 1553 1327 fundare
1580 1262 1743 1350 inceperit
1768 1265 1802 1328 in
1828 1264 1924 1331 fundo

566 1370 710 1455 proprio,
727 1368 891 1452 acquisito
907 1389 966 1453 per
981 1389 1059 1432 eum
1074 1368 1116 1433 de
1132 1388 1234 1447 novo,
1251 1365 1422 1451 quoddam
1448 1366 1691 1432 monasterium
1718 1388 1870 1434 sororum
1885 1368 1924 1434 Ο.

565 1475 597 1537 S.
614 1473 710 1536 Clare
726 1482 746 1552 ²,
764 1472 848 1536 infra
864 1472 1054 1537 libertatem
1071 1470 1160 1557 opidi
1188 1469 1421 1550 Bruxeliensis,
1438 1470 1472 1534 in
1499 1471 1577 1536 loco
1600 1471 1694 1537 dicto
1710 1471 1924 1558 Opbruxella,

566 1575 783 1641 Cameracen.
799 1576 896 1654 dioc..
912 1583 948 1639 et
972 1574 1054 1640 illud
1079 1575 1197 1640 dotare
1225 1594 1328 1658 usque
1356 1574 1400 1639 ad
1424 1575 1575 1639 valorem
1604 1580 1666 1640 600
1681 1575 1753 1641 flor.
1770 1577 1826 1641 vel
1841 1577 1923 1643 circa

565 1680 667 1744 annui
684 1688 719 1744 et
735 1700 828 1765 perp.
856 1700 985 1760 census,
1002 1677 1044 1743 ad
1069 1677 1376 1743 substentationem
1400 1678 1565 1743 dictarum
1589 1699 1740 1745 sororum
1767 1689 1804 1745 et
1830 1682 1923 1745 abba·

565 1784 644 1848 tisse
660 1784 739 1848 inibi
757 1783 964 1863 collocande,
982 1782 1025 1847 ad
1041 1781 1308 1846 nominationem
1324 1781 1405 1847 dicti
1419 1780 1577 1848 Willelmi
1594 1783 1851 1868 ponendarum;
1868 1784 1923 1850 sibi

565 1887 779 1952 construendi
807 1895 842 1952 et
866 1885 1026 1952 fundandi
1050 1885 1178 1951 dictum
1203 1886 1455 1966 monasterium,
1483 1906 1561 1951 cum
1585 1889 1679 1967 eccl..
1695 1888 1878 1973 campanili
1894 1898 1924 1953 et
1966 1973 1969 1978 Ι

566 1992 748 2077 campanis,
765 2002 800 2056 et
830 1992 985 2057 omnibus
1015 1991 1211 2056 necessariis
1242 1989 1394 2071 officinis,
1421 2011 1556 2057 necnon
1588 1990 1722 2071 ibidem,
1747 2001 1924 2077 postquam

566 2105 797 2161 constructum
813 2104 848 2160 et
875 2096 1028 2161 dotatum
1056 2095 1164 2176 fuerit,
1181 2103 1218 2160 ut
1243 2095 1456 2180 prefertur,...
1483 2094 1689 2160 abbatissam
1704 2103 1740 2160 et
1764 2096 1925 2161 moniales

569 2199 755 2265 collocandi
768 2200 916 2283 ejusdem
933 2199 1145 2283 ordinisque
1161 2198 1396 2284 congaudeant
1412 2199 1567 2264 omnibus
1581 2199 1772 2285 privilegiis,
1783 2200 1925 2279 statutis,

569 2312 603 2368 et
620 2302 926 2382 consuetudinibus
944 2302 1062 2386 quibus
1078 2303 1141 2367 alie
1157 2302 1306 2387 ejusdem
1330 2301 1454 2367 ordinis
1480 2310 1560 2367 sunt
1583 2302 1785 2388 premunite,
1810 2323 1925 2370 conce·

567 2409 646 2473 dere
662 2406 843 2490 dignemini
860 2427 919 2491 per
935 2414 1063 2471 vestras
1088 2406 1216 2471 litteras
1240 2406 1434 2472 facultatem
1461 2414 1496 2473 et
1522 2406 1706 2472 licentiam.
1722 2448 1765 2456 -
1794 2405 1873 2472 Fiat
1895 2408 1926 2471 in

569 2512 674 2575 sonna
692 2508 731 2574 R.

610 2654 692 2713 626.
711 2646 797 2711 ltem
814 2667 909 2732 supp.
925 2646 1099 2724 Jolrannes
1123 2647 1233 2713 dictus
1258 2646 1395 2713 Coslaer
1409 2661 1431 2728 ³,
1457 2648 1564 2729 miles,
1588 2648 1805 2715 Cameracen.
1832 2649 1928 2730 dioc,

565 2750 667 2815 frater
694 2760 728 2815 et
751 2751 952 2816 camerarius
975 2750 1150 2831 Johannis,
1175 2751 1270 2817 ducis
1295 2749 1487 2833 Brabantie,
1513 2761 1605 2836 quat.
1632 2752 1742 2819 eidem
1766 2762 1801 2818 et
1836 2752 1928 2820 uxori

566 2876 633 2935 sue,
650 2857 755 2919 altare
771 2854 931 2939 portatile
946 2854 1130 2939 dignemini
1148 2853 1330 2939 indulgere.
1341 2894 1385 2905 ——
1401 2853 1479 2921 Fiat
1495 2854 1535 2921 R.

609 3000 690 3059 627.
710 2991 797 3057 Item
814 3013 910 3078 supp.
925 2993 1095 3059 Arnoldus
1106 2992 1230 3077 Ayken
1243 3004 1263 3073 ⁴,
1280 3013 1353 3059 can.
1366 2995 1426 3059 sub
1443 3014 1517 3079 exp.
1528 2996 1619 3079 preb.
1632 2996 1714 3060 eccl.
1725 2994 1926 3080 Trajecten.,

565 3097 755 3162 notarius...
774 3096 868 3161 ducis
884 3095 1075 3178 Brabantie,
1092 3105 1184 3181 quat.
1200 3098 1310 3163 eidem
1333 3098 1375 3163 de
1391 3099 1627 3184 supplemento
1642 3119 1716 3165 vac.
1732 3102 1788 3165 vel
1815 3111 1926 3166 vacat.

566 3200 599 3262 in
615 3200 705 3263 dicta
720 3201 801 3263 eccl.
818 3198 847 3262 T
849 3199 1008 3282 rajecten.
1025 3198 1208 3283 dignemini
1225 3199 1412 3285 providere.
1428 3242 1471 3250 —
1489 3200 1563 3266 Fiat
1582 3201 1621 3268 R.

609 3344 692 3403 628.
713 3337 798 3401 ltem
809 3357 904 3421 supp.
923 3336 1054 3401 Hector
1063 3335 1173 3403 dictus
1184 3336 1227 3401 de
1239 3338 1363 3419 Ascua,
1377 3341 1465 3420 cler„
1478 3339 1520 3404 de
1531 3340 1739 3405 subdiacono
1748 3342 1883 3425 genitus
1893 3351 1926 3407 et

565 3442 685 3519 soluta,
702 3448 804 3523 quat„
822 3440 1009 3523 hujusmodi
1026 3440 1090 3505 del.
1106 3450 1177 3505 nat.
1194 3462 1261 3505 non
1279 3445 1375 3522 obst„
1389 3444 1494 3528 possit
1510 3443 1553 3508 ad
1569 3464 1687 3509 omnes
1703 3445 1838 3512 ordines
1852 3467 1927 3533 pro-

565 3543 692 3608 moveri
709 3551 744 3607 et
755 3545 835 3608 ben.
852 3545 933 3608 eccl.
951 3564 979 3608 c.
996 3564 1025 3609 c.
1040 3544 1095 3608 vel
1122 3565 1148 3609 s.
1174 3563 1213 3610 c:
1228 3544 1319 3609 licite
1347 3546 1508 3627 obtinere,
1524 3546 1605 3611 dum
1621 3554 1738 3613 tamen
1764 3548 1850 3615 alias
1865 3550 1925 3615 sibi

565 3648 727 3712 canonice
743 3648 943 3727 conferatur,
968 3647 1150 3732 dignemini
1179 3647 1382 3734 dispensare.
1410 3690 1453 3699 -
1480 3650 1558 3716 Fiat
1580 3651 1623 3716 de
1638 3672 1707 3718 uno
1734 3673 1764 3720 c.
1793 3674 1833 3734 c.,
1862 3655 1926 3719 alio

565 3772 590 3816 s.
608 3773 636 3816 c.
654 3751 694 3817 R.

606 3896 688 3957 629.
708 3889 763 3953 8⁰¹²
780 3888 889 3955 Pater.
906 3889 991 3955 Cum
1018 3892 1049 3956 S.
1066 3889 1106 3956 V.
1132 3909 1223 3956 anno
1249 3892 1396 3976 presenti
1423 3892 1538 3959 fecerit
1564 3893 1780 3960 beneficiales
1803 3893 1926 3981 gratias

562 3996 732 4078 speciales,
749 3994 907 4060 videlicet
919 3995 962 4060 ad
977 3996 1115 4080 suppl...
1133 3995 1227 4060 ducis
1238 3994 1431 4077 Brabantie,
1444 3996 1614 4063 Willelmo
1625 3997 1795 4083 Limpiaes
1805 4001 1924 4085 presb..

562 4097 709 4173 Johanni
736 4099 778 4163 de
805 4098 957 4178 Herlaer,
985 4107 1019 4162 et
1045 4096 1195 4175 Johanni
1211 4098 1253 4163 de
1278 4097 1525 4180 Wickenvorst,
1551 4100 1678 4166 clericis
1706 4100 1925 4168 Cameracen.

561 4200 658 4279 dioc..
684 4223 723 4266 ac
751 4200 925 4266 Florentio
949 4202 991 4267 de
1019 4201 1135 4282 Horst,
1152 4202 1272 4268 rectori
1297 4204 1450 4288 parroclr.
1467 4204 1550 4269 eccl.
1561 4204 1604 4269 de
1631 4206 1742 4284 Aerle,
1762 4203 1924 4272 Leodien.

561 4302 648 4367 dioc
664 4327 672 4380 ;
690 4312 701 4347 ⁵
1375 4335 1376 4338 ¹

606 4446 689 4506 630.
716 4439 802 4504 Item
819 4440 861 4505 ad
877 4442 1015 4527 supplic.
1033 4441 1253 4523 scabinorum,
1277 4444 1464 4528 juratorum
1489 4453 1523 4510 et
1550 4445 1679 4510 consilii
1698 4445 1790 4531 opidi
1815 4445 1924 4513 Lora-

562 4542 695 4623 niensis,
712 4542 858 4620 Johanni
875 4544 917 4609 de
935 4544 1149 4627 Hoesdenne,
1167 4547 1289 4613 clerico
1305 4547 1465 4613 Leodien.
1482 4549 1569 4616 dioc.
1586 4549 1598 4585 ⁶

595 4785 1044 4846 1601001001,2911-24110004,
1061 4788 1107 4851 Op.
1119 4789 1191 4852 dipl..
1211 4790 1544 4851 1,450-451;1V‚597-598
1560 4792 1669 4850 ;Eubel‚
1689 4791 1763 4841 Ball.
1786 4793 1924 4851 Priamum..

563 4858 606 4915 vl.
620 4871 644 4919 p.
658 4860 710 4917 143,
724 4874 748 4907 n.
761 4862 816 4908 2511.
836 4861 871 4908 Le
892 4863 921 4908 la
933 4862 1000 4908 avril
1015 4863 1082 4921 1346,
1102 4862 1219 4911 01601001
1236 4864 1271 4911 l'l
1291 4866 1406 4913 antor-isa
1427 4864 1546 4924 Mntlrias,
1567 4864 1663 4926 eaeque
1681 4864 1713 4913 de
1726 4864 1892 4925 Trebizomle,
1910 4869 1924 4915 τ’(

561 4945 694 4979 consecrer
711 4931 806 4990 l‘dglise
822 4934 857 4981 (10
869 4943 980 4983 convent
998 4935 1074 4997 (qu.
1100 4937 1186 4995 Valle..
1200 4943 1218 4985 t.
1233 4940 1285 4991 11111,
1302 4939 1320 4988 f.
1338 4941 1420 4997 3761;
1444 4939 1526 4986 Herae
1545 4933 1717 4997 Italiamne,
1738 4941 1808 4998 1903,
1826 4947 1846 4989 t.
1864 4940 1924 4999 XX.

562 5008 685 5056 ana-arm:
705 5006 793 5064 Eunu,
812 5007 881 5057 Ball.
895 5009 995 5066 Fruar..
1009 5009 1053 5059 Vl.
1066 5024 1108 5073 pp.
1122 5013 1234 5068 lit-17⁸.
1249 5026 1273 5060 n.
1286 5013 1354 5074 356).
1368 5040 1399 5046 —
1411 5014 1433 5063 3.
1454 5013 1549 5061 natant
1566 5012 1602 5061 du
1619 5013 1670 5061 ‹luc
1687 5013 1753 5061 dean
1772 5014 1798 5062 Il
1818 5015 1851 5063 (10
1865 5014 1924 5062 [lm-

562 5080 626 5126 bant
637 5096 642 5136 ;
654 5079 763 5137 allieurs.
778 5080 883 5141 indique<
896 5096 994 5130 comme
1012 5083 1129 5140 seigneur
1141 5085 1173 5132 (10
1182 5084 1296 5132 Willnnn
1308 5102 1313 5135 ε
1323 5086 1355 5136 cf.
1367 5086 1452 5133 Inane
1464 5085 1565 5146 labem,
1588 5085 1657 5138 1903.
1671 5083 1732 5142 XX,
1752 5089 1800 5135 250
1813 5104 1819 5138 :
1838 5088 1925 5136 Gulos-

562 5152 620 5211 loot,
635 5156 672 5210 29,
688 5156 717 5200 12
728 5170 733 5212 ;
746 5155 801 5201 voit·
813 5155 871 5216 plus
883 5155 953 5215 1000,
967 5171 991 5205 n.
1005 5157 1128 5206 11ῡ.---1.
1141 5157 1223 5218 Brom,
1235 5173 1259 5208 n.
1273 5162 1332 5207 1107
1346 5176 1351 5219 ;
1366 5160 1464 5218 Kirscli,
1476 5160 1549 5219 nult,
1564 5161 1619 5210 286,
1629 5163 1691 5209 -5,
1701 5159 1764 5208 Voir
1773 5176 1797 5211 n.
1808 5163 1925 5210 4664119.

562 5253 592 5260 —
601 5229 623 5274 ll.
637 5226 698 5273 l'oir
710 5242 734 5275 n.
747 5228 802 5277 471.
