4650 6059
899 811 989 886 1849,
1010 812 1093 876 18-21
1114 811 1233 876 ferrier.
1688 815 1754 881 405

452 991 481 1047 :.,
498 963 648 1031 noscitur
663 962 824 1042 obtinere,
841 970 875 1027 et
891 962 982 1047 quod
997 964 1074 1029 ben.
1090 963 1173 1028 eccl.
1185 982 1214 1028 c.
1227 983 1256 1028 c.
1268 965 1323 1028 vel
1339 984 1364 1030 s.
1376 985 1416 1046 c.,
1432 964 1475 1030 ad
1491 966 1567 1032 coll.
1583 973 1648 1032 etc.
1666 967 1750 1053 epis·

452 1072 471 1149 i,
487 1067 608 1134 decani
636 1074 671 1131 et
687 1064 825 1151 capituli
842 1062 1048 1131 Noviomen.
1064 1064 1215 1131 noscitur
1230 1074 1431 1151 expectare;
1448 1076 1483 1134 et
1499 1089 1577 1135 cum
1593 1069 1665 1135 aliis
1681 1091 1749 1136 non

452 1194 471 1239 z.
484 1212 530 1221 -
546 1169 623 1235 Fiat
640 1168 681 1234 R.

452 1319 533 1379 505.
558 1307 646 1372 Item
661 1326 757 1392 supp.
783 1313 876 1390 quat.
895 1303 1063 1391 [servitori
1088 1325 1148 1371 suo
1173 1305 1314 1390 antiquo
1329 1305 1477 1383 Johanni
1502 1308 1594 1375 dicto
1611 1308 1659 1374 Le
1676 1309 1753 1375 Fla·

452 1434 485 1479 1c
500 1412 545 1477 de
561 1409 713 1490 Lehun0,
729 1408 929 1495 presbitero]
948 1409 1153 1474 Ambianen.
1169 1407 1268 1489 dioc„
1284 1410 1326 1474 de
1342 1412 1496 1496 parroch.
1514 1413 1596 1478 eccl.
1612 1413 1654 1478 de
1670 1412 1751 1479 Cor·

452 1519 495 1598 is,
514 1514 682 1581 Morinen.
697 1512 795 1593 dioc,
811 1512 862 1578 bis
899 1532 959 1598 per
984 1511 1178 1597 Flamingos
1202 1515 1389 1595 combusta,
1415 1522 1558 1580 vacante
1574 1515 1676 1581 etiam
1692 1536 1752 1601 per

452 1629 534 1685 tem
548 1615 690 1703 predicti
715 1616 881 1695 Johannis
896 1616 939 1682 de
966 1615 1136 1699 Nexoni0,
1163 1616 1347 1703 dignemini
1370 1618 1562 1704 providere;
1579 1640 1647 1686 non
1664 1624 1752 1686 obst.

453 1724 476 1790 d
493 1742 568 1788 can.
584 1722 644 1785 sub
660 1741 736 1807 exp.
747 1723 840 1807 preb.
857 1720 888 1786 S.
902 1719 1042 1785 Firmini
1057 1721 1260 1787 Ambianen.
1270 1721 1419 1788 noscitur
1434 1722 1586 1788 obtinere
1601 1745 1610 1804 ;
1624 1731 1659 1788 et
1674 1744 1750 1788 cum

453 1828 545 1892 ribus
560 1824 633 1890 aliis
648 1845 718 1891 non
735 1826 820 1891 obst.
836 1863 880 1874 -
896 1822 974 1888 Fiat
990 1822 1031 1890 R.

452 1934 514 1995 lat.
530 1930 629 1995 Avin.
651 1950 689 2015 14
704 1929 772 1996 kal.
787 1936 886 1995 mart.
902 1936 937 1994 a⁰
953 1936 995 2013 7⁰.
1013 1929 1063 2013 (6,
1084 1929 1172 2014 148).

452 2067 587 2151 1506.
1405 2101 1500 2165 1549,
1517 2084 1559 2146 18
1565 2082 1708 2169 sevrier.

454 2206 536 2271 upp.
554 2183 692 2270 Egidius
708 2183 845 2268 Vaguel,
862 2183 1032 2250 familiaris
1048 2191 1159 2250 vester
1176 2195 1195 2266 ¹,
1220 2193 1323 2269 quat,
1341 2206 1417 2251 cum
1433 2185 1505 2271 ipse
1521 2194 1610 2251 auct.
1626 2187 1751 2251 littera-

452 2311 461 2353 ι
489 2296 677 2354 vestrarum
693 2307 799 2372 nuper
825 2286 1177 2372 archipresbiteratum
1193 2308 1252 2353 seu
1266 2288 1420 2374 parroch.
1437 2289 1519 2355 eccl.
1545 2288 1576 2354 S.
1604 2288 1752 2354 Severini

455 2392 560 2471 isien„
576 2413 649 2457 vac.
665 2412 725 2478 per
741 2395 795 2458 ob.
812 2391 998 2457 Guilhermi
1025 2390 1155 2473 Cantel,
1183 2394 1410 2479 acceptaverit
1438 2402 1474 2459 et
1497 2394 1558 2460 sibi
1573 2393 1616 2460 de
1632 2393 1752 2460 eadem

452 2496 507 2561 erit
522 2495 701 2582 provideri,
717 2497 915 2581 dubitetque
929 2496 1038 2582 ipsam
1054 2496 1233 2562 ecclesiam
1245 2517 1304 2562 seu
1319 2497 1669 2583 archipresbiteratum
1681 2498 1752 2564 fore

452 2599 459 2663 i
476 2607 585 2684 apost.
602 2600 792 2685 specialiter
806 2607 1024 2680 reservatum,
1040 2600 1095 2664 vel
1120 2599 1203 2664 alias
1227 2598 1316 2686 apud
1332 2599 1474 2665 eandem
1491 2602 1605 2666 sedem
1621 2622 1752 2681 vacare,

452 2702 662 2788 eptationem
677 2710 713 2768 et
727 2703 954 2789 provisionem
971 2702 1137 2789 predictas
1154 2702 1338 2787 'dignemini
1354 2725 1396 2769 ex
1412 2712 1503 2770 certa
1519 2706 1658 2771 scientia
1673 2726 1752 2772 con·

452 2826 522 2870 rare
549 2807 604 2871 vel
633 2806 743 2873 eidem
767 2806 810 2872 de
834 2826 926 2873 novo
949 2805 1149 2893 providere;
1177 2826 1246 2873 non
1271 2809 1358 2873 obst.
1382 2808 1473 2892 quod
1500 2808 1589 2873 idem
1616 2807 1753 2893 Egidius

452 2909 545 2975 roch.
572 2911 654 2975 eccl.
678 2909 721 2975 de
745 2909 1021 2995 Anquetiervilla,
1047 2908 1296 2995 Rothomagen.
1322 2909 1420 2991 dioc„
1436 2919 1471 2975 et
1497 2931 1568 2980 can,
1599 2919 1634 2976 et
1660 2914 1752 2997 preb.

451 3015 472 3078 l.
491 3011 671 3094 Morinen.,
688 3034 728 3079 ac
744 3015 909 3100 capellan.
925 3014 1023 3079 sitam
1038 3013 1073 3077 in
1096 3014 1179 3079 eccl.
1191 3014 1345 3099 parroch.
1362 3013 1394 3079 S.
1412 3011 1551 3079 Martini
1566 3007 1752 3099 Bergensis,

452 3117 562 3181 rinen.
578 3116 675 3198 dioc,
692 3126 850 3183 noscatur
865 3118 1029 3183 obtinere.
1046 3115 1132 3181 Cum
1148 3117 1221 3182 aliis
1237 3138 1305 3182 non
1329 3120 1414 3183 obst.
1432 3117 1465 3181 in
1491 3117 1607 3197 forma,
1623 3118 1752 3183 etiamsi

452 3238 501 3284 :us
517 3220 851 3306 archipresbiteratus
876 3223 931 3285 vel
959 3221 1100 3286 ecclesia
1129 3219 1252 3285 fuerint
1279 3220 1349 3286 sedi
1365 3230 1472 3307 apost.
1499 3222 1753 3305 quomodolibet

452 3325 563 3390 ervati.
579 3360 621 3370 —
639 3324 713 3390 Fiat
730 3325 770 3391 R.

452 3429 516 3494 )at.
534 3430 632 3494 Avin.
656 3451 691 3494 12
709 3431 776 3495 kal.
793 3439 889 3495 mart.
907 3438 941 3493 a⁰
958 3437 999 3512 7⁰.
1017 3431 1086 3512 (17,
1108 3433 1166 3512 156
1186 3430 1211 3507 ).

452 3565 589 3648 [507.
1410 3598 1502 3661 1349,
1520 3579 1709 3666 austerior.

452 3686 538 3768 tupp.
554 3681 573 3760 J
577 3682 727 3747 ohannes
742 3679 899 3765 Caprarii,
915 3679 969 3745 lic.
982 3680 1016 3743 in
1032 3680 1106 3762 leg„
1124 3679 1210 3744 filius
1226 3681 1395 3764 quondam
1417 3679 1580 3747 Guidonis
1596 3681 1752 3767 Caprarii,

452 3787 507 3851 itis
523 3786 624 3851 vestri
641 3797 663 3866 ²,
681 3784 906 3850 Matisconen.
923 3784 1063 3862 dioc.,...
1082 3791 1174 3867 quat.
1191 3783 1252 3848 sibi
1269 3784 1311 3848 de
1327 3805 1401 3849 can.
1419 3793 1453 3849 et
1471 3788 1593 3870 preb...
1612 3786 1752 3850 ecclesie

452 3891 620 3956 ailonem..
638 3888 820 3973 dignemini
837 3888 1012 3972 providere
1028 3910 1036 3966 ;
1054 3907 1121 3951 non
1139 3890 1225 3953 obst.
1242 3888 1332 3971 quod
1348 3907 1421 3953 can.
1438 3895 1472 3952 et
1488 3892 1579 3973 preb.
1596 3888 1753 3953 Camera-

458 3994 631 4059 .noscitur
655 3993 806 4057 obtinere
834 4000 869 4055 et
893 3993 983 4075 quod
1009 3992 1052 4055 sit
1079 3999 1261 4076 expectans
1285 3990 1328 4056 ad
1353 4012 1426 4056 can.
1443 3999 1478 4056 et
1504 3995 1596 4077 preb.
1613 3991 1753 4057 ecclesie

452 4096 628 4163 nacensis.
640 4137 683 4145 -
700 4095 778 4160 Fiat
795 4094 835 4159 R.

452 4204 516 4268 >at
532 4201 632 4267 Avin.
653 4222 690 4266 10
706 4200 771 4266 kal.
788 4209 886 4265 mart.
902 4207 935 4264 a⁰
952 4208 994 4283 7⁰.
1011 4201 1080 4284 (17,
1102 4201 1206 4284 162').

452 4341 1497 4432 [508.1349‚
1515 4369 1554 4412 21
1569 4348 1709 4435 seorz'er.

452 4469 538 4545 lupp.
557 4456 724 4521 Henricus
738 4456 780 4520 de
797 4454 918 4539 Wych,
935 4455 1021 4519 filius
1038 4454 1126 4518 Petri
1151 4473 1254 4539 parve
1270 4451 1421 4538 pecunie,
1438 4452 1577 4517 clericus
1592 4451 1753 4518 Leodien.

452 4585 488 4644 c.,
505 4571 598 4647 quat.
614 4560 687 4639 sibi,
700 4563 756 4643 qui
776 4558 808 4622 in
825 4567 928 4644 puteo
945 4566 978 4622 et
995 4559 1072 4623 alibi
1090 4559 1122 4621 in
1139 4557 1270 4643 palacio
1283 4565 1395 4620 vestro
1412 4556 1599 4640 apostolico
1616 4557 1754 4621 servivit

473 4687 600 4732 annum
627 4674 662 4729 et
688 4663 873 4749 amplius...
898 4663 940 4727 de
966 4665 1043 4726 ben.
1071 4662 1175 4727 eccl...
1201 4662 1243 4726 ad
1271 4661 1367 4726 coll...
1396 4660 1532 4745 capituli
1561 4660 1591 4723 S.
1609 4661 1752 4725 Servacii

452 4769 626 4856 vjectensis,
642 4768 732 4834 dicte
748 4765 907 4831 Leodien.
923 4765 999 4831 dioc
1003 4818 1052 4846 .....
1069 4764 1250 4850 dignemini
1267 4764 1441 4847 providere
1456 4786 1463 4843 ;
1478 4784 1546 4828 non
1562 4767 1647 4828 obst.
1664 4765 1753 4847 quod

452 4898 469 4939 ι.
486 4875 569 4940 eccl.
585 4894 614 4939 c.
631 4893 659 4938 c.
675 4872 730 4935 vel
746 4891 771 4936 s.
787 4892 816 4935 c.
844 4870 885 4934 ad
911 4871 986 4935 coll.
1008 4870 1127 4936 decani
1152 4878 1187 4934 et
1203 4866 1339 4953 capituli
1356 4868 1437 4931 eccl.
1454 4866 1613 4931 Oicteren
1626 4876 1646 4947 ³,
1663 4867 1752 4932 dicte

453 5001 491 5058 c.,
508 4978 657 5044 noscitur
673 4983 860 5061 expectare.
876 5015 919 5023 —
938 4973 1013 5039 Fiat
1032 4974 1071 5039 R.

452 5083 518 5147 )at.
534 5082 634 5146 Avin.
652 5101 669 5161 9
686 5079 754 5145 kal.
772 5087 870 5143 mart.
888 5086 921 5142 a⁰
939 5085 979 5161 7⁰.
998 5080 1067 5162 (17,
1091 5077 1178 5160 172).

452 5255 526 5301 loir
538 5269 562 5303 n.
575 5256 597 5308 5.
610 5253 664 5310 298,
677 5253 730 5308 378,
746 5252 815 5299 1298.
830 5279 858 5286 -
872 5253 893 5297 2.
906 5249 968 5296 Voir
980 5263 1005 5296 n.
1016 5251 1069 5297 161.
1083 5276 1113 5285 -
1126 5249 1150 5295 3,
1162 5246 1228 5293 Sans
1238 5243 1317 5291 doute
1330 5242 1457 5300 ssereret.
1472 5241 1577 5290 Sittard.
