4650 6059
987 778 1075 849 1345,
1098 777 1134 839 19
1156 775 1250 841 mai-4
1269 775 1346 857 juin.
1788 781 1850 846 207

533 935 607 995 831.
624 927 820 995 Christiano
846 929 889 994 de
907 928 990 1009 Elst,
1006 948 1093 1012 mag.
1119 927 1152 991 in
1180 935 1242 993 art.
1259 935 1278 1008 ¹,
1289 926 1332 992 ad
1346 927 1450 1012 pedes
1474 927 1506 993 S.
1522 926 1562 993 V.
1580 928 1624 993 ad
1647 949 1793 1013 presens,
1810 953 1850 998 ac

496 1033 567 1098 alias
583 1033 626 1099 ad
640 1032 695 1098 fel.
711 1054 777 1099 rec.
794 1033 885 1099 dom.
902 1032 1122 1097 Benedictum
1147 1051 1282 1116 papam,
1299 1050 1389 1096 anno
1415 1029 1525 1116 primo
1549 1033 1598 1096 sui
1622 1034 1849 1117 pontificatus

493 1145 638 1223 exparte
664 1138 755 1203 dicte
782 1136 1008 1202 universitatis
1033 1134 1192 1199 Parisien.
1217 1133 1409 1213 destinato;
1435 1134 1490 1218 qui
1508 1136 1610 1199 etiam
1637 1156 1696 1220 per
1722 1138 1851 1222 aliquos

490 1261 592 1306 annos
608 1241 642 1305 in
659 1242 852 1326 theologica
868 1239 996 1306 studuit
1012 1238 1183 1317 facultate,
1200 1236 1351 1302 nondum
1366 1245 1481 1302 tamen
1497 1237 1540 1302 de
1556 1240 1656 1303 vestri
1673 1242 1755 1305 sacri
1772 1262 1850 1327 pec·

487 1344 566 1409 toris
580 1344 675 1410 tonte
688 1344 835 1429 aliquam
850 1343 991 1428 gratiam
1007 1341 1116 1407 adhuc
1143 1341 1339 1426 reportavit,
1356 1341 1398 1405 de
1414 1361 1489 1406 cau.
1511 1349 1546 1406 et
1561 1344 1653 1427 preb.
1669 1345 1751 1409 eccl.
1764 1344 1849 1411 Leo·

485 1447 596 1529 dien.;
613 1468 683 1513 non
700 1451 786 1513 obst.
799 1447 890 1531 quod
906 1467 981 1512 can.
997 1453 1031 1510 et
1058 1446 1150 1530 preb.
1168 1446 1250 1509 eccl.
1275 1444 1306 1509 S.
1323 1443 1463 1510 Servatii
1487 1444 1712 1530 Trajectensis
1728 1459 1747 1529 ²,
1765 1449 1850 1516 Leo-

484 1550 574 1617 dien.
590 1551 690 1633 dioc,
706 1551 899 1617 dinoscatur
914 1550 1076 1616 obtinere.
1092 1589 1136 1598 —
1152 1547 1230 1613 Fiat
1247 1547 1287 1614 R.

527 1655 609 1721 Dat.
626 1675 680 1741 ap.
696 1654 947 1720 Villamnovam
967 1674 1004 1737 14
1020 1651 1087 1718 kal.
1115 1653 1186 1737 jun.
1203 1658 1238 1717 a⁰
1253 1658 1287 1736 4⁰
1302 1658 1324 1717 ⁸.
1341 1653 1388 1735 (9,
1410 1654 1470 1736 ιο).

533 1791 773 1879 832-833.
1558 1823 1653 1888 1345,
1671 1826 1711 1889 19
1729 1810 1806 1872 mai.

527 1911 606 1976 Hec
637 1920 716 1976 sunt
746 1910 1009 1996 supplicationes
1039 1912 1175 1991 recepte
1202 1905 1235 1969 in
1262 1904 1347 1971 testo
1373 1906 1589 1972 Ascensionis
1618 1907 1660 1973 de
1690 1910 1851 1977 mandato

479 2015 614 2080 domini
631 2014 747 2095 nostri,
768 2012 986 2099 pontificatus
1001 2012 1050 2077 sui
1067 2030 1156 2075 anno
1172 2009 1283 2076 tertio

527 2117 583 2183 De
593 2118 907 2205 permutationibus

526 2223 645 2309 Suppl.
673 2221 856 2288 Baldoinus
871 2220 913 2286 de
934 2219 1093 2299 Vallibus,
1109 2226 1220 2284 rector
1244 2218 1396 2303 parroch.
1413 2221 1495 2285 eccl.
1516 2220 1558 2285 de
1583 2220 1792 2306 Rupecurva,
1816 2233 1851 2288 et

482 2325 501 2404 J
506 2327 655 2392 ordanus
672 2325 716 2391 de
738 2324 870 2404 Manso,
882 2344 955 2390 can.
976 2325 1068 2409 preb.
1081 2323 1163 2387 eccl.
1182 2321 1428 2387 Rothnacensis
1437 2331 1457 2403 ³,
1469 2321 1665 2390 Narbonen.
1682 2332 1717 2389 et
1733 2323 1851 2390 Came-

482 2451 597 2495 racen.
613 2429 712 2510 dioc,
729 2429 902 2514 cupientes
918 2426 960 2493 ad
975 2425 1121 2491 invicem
1145 2445 1204 2490 sua
1225 2425 1390 2490 beneficia
1414 2435 1614 2511 permutare,
1639 2436 1729 2513 quat.
1752 2428 1850 2495 alicui

484 2533 577 2599 dom.
605 2532 764 2599 cardinali
792 2532 1004 2598 committere
1027 2529 1210 2614 dignemini
1234 2529 1324 2614 quod
1346 2529 1606 2614 resignationem
1622 2531 1664 2597 de
1680 2534 1851 2600 beneficiis

484 2637 678 2722 huJusmodi
694 2637 890 2722 recipiant...
905 2675 949 2684 —
965 2633 1119 2720 Recipiat
1139 2634 1399 2718 resignationem
1416 2637 1518 2701 abbas
1534 2634 1731 2703 Crassensis.

530 2741 612 2806 Dat.
628 2761 681 2826 ap.
698 2739 947 2806 Villamnovam
967 2758 1004 2822 14
1020 2737 1087 2803 kal.
1099 2739 1170 2822 jun.
1188 2744 1222 2803 a⁰
1237 2744 1281 2822 4⁰.
1294 2739 1340 2819 (9,
1362 2739 1426 2822 12).

531 2883 612 2943 833.
632 2874 795 2941 Secuntur
816 2876 868 2939 illi
886 2877 945 2959 qui
959 2880 1075 2961 petunt
1093 2876 1157 2939 sibi
1174 2878 1215 2939 de
1233 2874 1467 2940 tabellionatus
1478 2875 1588 2963 officio
1598 2879 1778 2963 provideri,
1795 2882 1854 2962 qui

493 3002 553 3044 non
573 2987 653 3045 sunt
674 2977 846 3065 conjugati
868 3001 924 3044 nee
947 2981 979 3044 in
1002 2981 1107 3044 sacris
1131 2980 1303 3044 ordinibus
1324 2979 1498 3045 constituti.
1604 3053 1606 3057 ¹

532 3084 705 3162 Johannes
720 3083 762 3149 de
780 3082 956 3149 Malbodio
970 3082 993 3163 ¹³,
1010 3086 1087 3150 cler.
1104 3082 1320 3148 Cameracen.
1337 3083 1423 3148 dioc.

535 3186 698 3252 Secuntur
720 3189 773 3251 illi
798 3190 858 3271 qui
873 3194 990 3273 petunt
1006 3195 1105 3274 szeper
1134 3188 1265 3274 defectu
1298 3189 1472 3267 natalium,
1492 3210 1588 3272 quem
1614 3192 1790 3275 patiuntur
1812 3196 1852 3256 de

493 3294 677 3376 presbiteris
694 3294 800 3377 geniti
818 3299 849 3356 et
869 3295 1102 3377 soluti's,p110d
1118 3294 1248 3379 dejectu
1266 3291 1459 3372 hujusmodi
1485 3315 1549 3357 non
1565 3295 1646 3358 obst.
1657 3297 1786 3381 possint
1805 3300 1852 3360 ad

497 3418 601 3460 sacros
625 3398 757 3462 ordines
775 3399 965 3482 promoueri
983 3405 1014 3460 et
1036 3399 1105 3461 ben.
1127 3399 1203 3461 ecel.
1227 3397 1401 3461 obtinere...

532 3500 551 3579 J
554 3503 680 3567 acobus
696 3498 715 3577 J
718 3501 814 3565 acobi
831 3501 872 3565 de
888 3501 1059 3585 Zagar010,
1076 3503 1153 3566 cler.
1173 3500 1341 3566 Morinen.
1357 3501 1443 3566 dioc.

532 3604 704 3681 Johannes
720 3603 839 3682 Jacobi
857 3605 898 3669 de
915 3604 1084 3684 Penestre,
1102 3607 1180 3670 cler.
1198 3603 1365 3669 Morinen.
1381 3605 1469 3671 dioc.
1490 3643 1522 3654 -
1545 3604 1619 3670 Fiat
1637 3605 1676 3670 R.

533 3707 610 3772 Dat.
628 3729 682 3792 ap.
702 3706 952 3772 Villamnovam
973 3728 1010 3792 14
1026 3708 1093 3772 kal.
1106 3709 1177 3792 jun.
1195 3715 1228 3772 a⁰
1244 3714 1287 3791 4⁰.
1305 3708 1353 3791 (9,
1375 3709 1455 3791 η’).

539 3843 790 3930 834-836.
1579 3877 1673 3941 1345,
1690 3883 1708 3942 4
1720 3858 1807 3939 juin.

530 3963 632 4048 Supp.
658 3961 841 4039 Johannes
869 3962 972 4025 abbas
1002 3960 1195 4025 monasterii
1222 3960 1253 4024 S.
1279 3958 1425 4024 Bavonis
1452 3958 1648 4041 GandensiS,
1674 3961 1716 4027 Ο.
1745 3962 1775 4027 S.
1802 3962 1850 4044 B,

493 4064 673 4132 lomacen.
689 4066 776 4131 dioc.
786 4077 807 4145 ⁴,
822 4086 922 4148 quem
938 4085 1043 4149 nuper
1053 4064 1095 4129 ad
1105 4064 1207 4148 ipsius
1219 4064 1410 4129 monasterii
1428 4063 1575 4148 regimen
1593 4065 1807 4131 assumereV.
1819 4068 1849 4133 S.

493 4181 537 4236 est
552 4171 702 4255 dignata,
719 4177 809 4254 quat.
826 4170 886 4233 sibi
904 4169 937 4233 in
953 4169 1157 4233 monasterio
1173 4168 1204 4233 S.
1222 4167 1368 4233 Bavonis
1391 4168 1543 4253 predicto
1559 4179 1666 4234 certas
1681 4191 1849 4255 personas

492 4275 514 4338 si
540 4275 622 4339 alias
647 4274 713 4337 sint
739 4274 807 4337 vite
833 4272 1006 4337 laudabilis
1030 4280 1064 4336 et
1092 4270 1356 4337 conversationis
1381 4271 1533 4352 honeste,
1550 4292 1627 4337 cum
1650 4273 1691 4338 ad
1715 4295 1851 4359 presens

492 4379 611 4445 ibidem
627 4379 671 4443 sit
686 4398 807 4462 magna
824 4378 971 4442 carentia
987 4397 1203 4462 personarum
1220 4383 1255 4441 et
1270 4377 1453 4441 secundum
1476 4377 1637 4462 temporis
1653 4378 1849 4462 qualitatem

492 4491 522 4545 et
546 4492 674 4547 statum
698 4481 805 4566 patrie
830 4480 872 4545 ad
897 4501 1042 4565 presenS,
1064 4488 1139 4560 etc,
1157 4501 1261 4564 usque
1277 4480 1510 4545 adnumerum
1531 4500 1566 4545 12
1584 4502 1799 4566 personarum
1816 4483 1849 4545 in

493 4585 607 4650 eodem
638 4584 843 4649 monasterio
873 4584 1021 4669 recipere
1051 4585 1161 4648 valeat
1193 4584 1226 4647 in
1257 4585 1443 4649 monachos
1474 4592 1508 4648 et
1535 4584 1568 4648 in
1593 4585 1710 4650 fratres
1737 4586 1849 4669 eisque

493 4691 672 4772 regularem
703 4688 854 4753 habitum
886 4689 1043 4752 exhibere
1073 4696 1108 4752 et
1138 4688 1268 4752 sincera
1300 4688 1333 4751 in
1365 4688 1513 4752 Domino
1544 4689 1682 4753 caritate
1706 4695 1849 4752 tractare

523 4877 549 4935 a)
562 4878 609 4924 Ceo
620 4875 770 4938 suppliques
781 4883 839 4922 sont
857 4878 949 4923 euivies
960 4876 991 4923 de
1003 4875 1029 4922 la
1040 4881 1100 4923 note
1112 4877 1230 4922 suivante
1247 4890 1252 4921 :
1275 4875 1374 4923 Curate
1392 4879 1449 4922 elini
1468 4876 1664 4938 mpplieutionee
1675 4877 1849 4938 suprascripte

497 4946 523 4992 de
535 4949 652 4995 niondato
663 4948 757 4995 driniini
770 4949 855 5005 nostri,
870 4964 926 4995 narn
942 4949 1001 5010 ipsiu
1013 4947 1152 4995 neolciribnu
1164 4949 1192 4994 in
1198 4947 1253 5009 fine
1265 4947 1326 4995 libri
1341 4950 1400 4995 tenti
1404 4950 1411 4994 i
1417 4948 1484 5008 feeit
1494 4949 1594 5012 pretias
1605 4947 1800 5010 arreplioren.Per
1813 4963 1849 4993 me

501 5019 525 5068 P.
536 5022 644 5071 Intonat.
656 5050 688 5056 -
699 5023 730 5082 b)
746 5021 803 5070 (lid.
821 5022 951 5069 lllallodio.

531 5206 548 5253 l.
563 5206 664 5266 Denifle,
682 5207 848 5268 Cnaieut.,11‚
862 5211 976 5256 bol-562.
988 5237 1019 5243 -
1031 5211 1054 5256 2.
1067 5208 1148 5267 Vidal,
1162 5222 1188 5254 n.
1202 5209 1254 5255 tlt.
1267 5234 1299 5242 -
1311 5209 1335 5259 3.
1347 5205 1427 5265 Vidal,
1440 5219 1465 5255 n.
1478 5207 1549 5254 5432.
1561 5233 1592 5243 -
1605 5208 1627 5253 4.
1641 5206 1701 5252 von
1713 5219 1738 5254 n.
1750 5208 1804 5253 576.
