4650 6059
479 821 540 890 356
1037 822 1122 892 1348,
1147 821 1186 885 28
1209 819 1276 884 mai.

481 987 600 1043 natum
624 978 759 1043 vincere
783 978 1002 1061 contingeret,
1019 974 1151 1040 insimul
1179 974 1270 1039 licite
1295 975 1447 1055 retinere,
1464 974 1625 1059 illumque
1656 978 1711 1043 vel
1737 979 1823 1056 illam,

481 1082 581 1146 etiam
598 1080 740 1162 divisim,
763 1102 839 1146 cum
864 1079 936 1146 aliis
963 1078 1192 1163 dignitatibus,
1217 1077 1389 1143 beneficiis
1415 1078 1468 1143 vel
1497 1077 1617 1145 officiis
1638 1090 1823 1166 permutare,

480 1194 514 1249 et
530 1192 755 1269 permutatum
783 1184 884 1249 etiam
911 1183 1059 1268 recipere
1083 1190 1118 1247 et
1144 1181 1278 1246 insimul
1305 1182 1455 1276 retinere
1475 1183 1600 1264 valeat,
1616 1192 1714 1250 motu
1741 1186 1822 1252 simili

480 1297 569 1354 auct.
580 1297 687 1373 apost.
703 1287 885 1373 dignemini
902 1287 1073 1372 indulgere
1088 1308 1097 1365 ;
1114 1306 1192 1351 cum
1207 1285 1279 1350 aliis
1295 1305 1363 1349 non
1381 1288 1512 1352 obst.-
1529 1284 1607 1353 Fiat
1616 1297 1654 1354 ut
1666 1288 1786 1375 petitur
1795 1298 1821 1354 et

479 1392 718 1477 dispensamus.
736 1390 776 1457 R.

525 1496 717 1560 Datilum.
736 1483 751 1579 5
774 1495 841 1561 kal.
854 1495 938 1579 junii
954 1502 987 1560 a⁰
1003 1500 1046 1577 7⁰.
1063 1494 1138 1577 (30,
1155 1492 1193 1557 P.
1210 1491 1255 1572 ll,
1274 1499 1357 1577 34¹).

536 1650 671 1733 1337.
1549 1663 1645 1745 1348,
1662 1664 1705 1728 28
1720 1664 1786 1729 mai.

523 1769 632 1852 Sign...
648 1767 667 1845 J
671 1769 822 1833 ohannes
836 1767 879 1833 de
894 1764 1130 1850 Aureocapite,
1144 1766 1222 1829 cler.
1249 1762 1469 1845 Coloniensis,
1486 1764 1578 1847 quod
1592 1764 1719 1832 dudum
1734 1766 1772 1832 ie.
1784 1785 1816 1830 re.

481 1892 567 1958 papa
585 1871 787 1937 Benedictus
802 1868 882 1951 Xll,
899 1871 1017 1935 volens
1033 1868 1182 1934 Roberto
1197 1866 1239 1934 de
1255 1867 1374 1933 Tuicio
1390 1878 1397 1902 ¹
1414 1869 1561 1952 graciam
1588 1868 1698 1935 facere
1712 1868 1816 1957 specis·

480 1977 556 2054 lem,
573 1995 646 2041 can.
663 1978 722 2040 sub
739 1994 814 2060 exp.
830 1971 1126 2061 preb.,dignitatis,
1142 1978 1341 2058 personatus
1355 1972 1409 2041 vel
1422 1970 1534 2052 officii,
1551 1992 1581 2037 c.
1597 1993 1626 2039 c.
1643 1973 1697 2037 vel
1713 1970 1815 2054 s.c.,in

479 2077 796 2144 eccl.Leodien.sibi
813 2077 957 2144 contulit
973 2085 1008 2143 et
1023 2074 1130 2141 voluit
1142 2074 1245 2159 quod,
1260 2074 1432 2159 quamcito
1443 2074 1535 2141 dicta
1551 2075 1659 2161 gratia
1670 2076 1817 2143 sortiretur

479 2182 648 2262 effectum,
679 2185 771 2267 preb.
803 2181 1034 2247 canonicalem
1059 2179 1093 2244 in
1120 2179 1203 2248 eccl.
1229 2176 1487 2247 Monasteriensi
1518 2200 1625 2267 prope
1657 2180 1816 2257 Sambian,

480 2284 640 2350 Leodien.
664 2286 762 2366 dioc,
787 2306 889 2369 qiram
916 2285 987 2371 ipse
1013 2284 1179 2349 Robertus
1209 2291 1290 2349 tunc
1320 2284 1439 2366 tenuit,
1460 2282 1631 2350 dimittere
1661 2292 1817 2351 teneretur.

479 2387 603 2453 Verum
618 2409 695 2454 cum
718 2389 867 2474 prefatus
894 2388 1071 2469 Robertus,
1087 2395 1269 2471 antequam
1283 2385 1375 2453 dicta
1402 2408 1461 2453 sua
1475 2388 1584 2473 gratia
1609 2390 1729 2456 sortita
1749 2393 1818 2455 esset

480 2491 648 2572 effectum,
662 2513 738 2557 cum
755 2493 884 2578 prefato
900 2490 920 2569 J
923 2492 1057 2557 ohanne
1073 2490 1128 2555 via
1153 2488 1320 2556 ordinaria
1337 2491 1462 2575 absque
1477 2490 1614 2560 licentia
1629 2492 1717 2559 sedis
1731 2495 1817 2579 aposl

479 2615 540 2680 pro
556 2594 702 2679 quodam
718 2596 785 2661 alio
800 2595 965 2661 beneficio
981 2594 1014 2659 in
1026 2594 1176 2682 partibus
1187 2594 1401 2680 permutavit,
1413 2603 1550 2682 propter
1565 2596 1657 2681 quod
1671 2597 1750 2665 dicti
1761 2612 1817 2664 cau.

479 2706 513 2762 et
537 2700 627 2784 preb.
653 2699 742 2784 apud
767 2699 881 2766 sedem
907 2698 1051 2764 eandem
1076 2716 1200 2763 vacare
1224 2696 1473 2764 dinoscuntur...
1498 2698 1600 2786 Supp.
1627 2700 1727 2786 igitur
1749 2699 1817 2767 idem

479 2800 652 2878 Johannes
667 2810 780 2886 quat...
797 2803 839 2869 de
855 2824 929 2869 can.
954 2810 989 2868 et
1015 2803 1107 2888 preb.
1134 2799 1325 2884 predictis...
1352 2800 1493 2867 eidem...
1520 2801 1704 2905 dignemini
1729 2799 1817 2891 prori-

479 2904 589 2971 dere...
606 2946 648 2956 —
666 2905 741 2972 Fiat
758 2906 799 2972 R.
851 2962 854 2975 .

523 3010 601 3075 Dat.
618 3011 716 3075 Asin.
736 3010 837 3094 5kal.
851 3010 934 3096 junii
953 3018 986 3074 a⁰
1003 3016 1044 3093 7⁰.
1062 3014 1131 3092 (15,
1149 3009 1222 3091 43l)

535 3164 668 3250 1338-
1540 3180 1634 3262 1348,
1654 3181 1697 3244 28
1719 3180 1787 3245 moi.

523 3284 645 3368 Supp...
664 3280 885 3366 Raymundus
899 3279 941 3344 de
966 3281 1110 3360 Arnaco,
1127 3281 1205 3345 cler.
1233 3279 1448 3345 Lemovicen.
1464 3279 1561 3360 dioc,
1578 3291 1670 3366 quat.
1687 3283 1776 3350 sibi...
1788 3278 1819 3346 de

480 3407 554 3452 can.
570 3395 605 3450 et
620 3389 712 3471 preb.
728 3394 762 3450 et
778 3384 949 3450 scolastrie
976 3382 1089 3449 officio
1115 3384 1197 3449 eccl.
1227 3383 1490 3465 MachliniensiS,
1507 3383 1725 3453 Cameracen.
1740 3388 1820 3461 dioc,

482 3511 505 3555 s
523 3511 551 3554 c.
569 3511 640 3554 vac.
657 3509 715 3575 per
731 3491 784 3554 ob.
801 3488 890 3553 dorn.
908 3486 1077 3553 Guillelmi
1102 3488 1144 3554 de
1167 3487 1411 3568 Brunschome,
1428 3488 1536 3555 ultimi
1553 3493 1723 3558 scolastici
1738 3503 1758 3574 ²,
1779 3488 1822 3576 qui

482 3603 575 3659 extra
595 3594 691 3659 Rom.
702 3614 770 3659 cur.
786 3594 875 3658 diem
892 3613 988 3657 suum
1004 3593 1122 3658 clausit
1138 3602 1336 3672 extremum,
1354 3594 1446 3678 cujus
1460 3593 1625 3659 beneficia
1640 3604 1721 3662 ante
1736 3594 1825 3682 ipsius

481 3701 534 3762 ob.
552 3698 735 3762 extiterunt
752 3705 965 3776 reservata,...
982 3696 1164 3782 dignemini
1182 3697 1365 3782 providere.
1381 3736 1425 3746 -
1442 3695 1517 3762 Fiat
1534 3696 1573 3763 R.

523 3802 599 3867 Dat.
611 3802 711 3867 Avin.
730 3823 746 3886 5
763 3800 829 3866 kal.
842 3801 925 3886 junii
950 3808 983 3866 a⁰
1000 3810 1042 3885 7⁰.
1060 3802 1130 3884 (15,
1149 3811 1216 3885 53).

536 3957 671 4041 1339·
778 3994 780 3997 ’
1536 3975 1631 4056 1348,
1656 3976 1699 4039 28
1720 3978 1794 4040 mai.
1818 4037 1821 4041 ,

524 4075 625 4159 Supp.
641 4072 814 4151 Alnoldus,
830 4072 920 4138 dom.
936 4073 978 4137 de
996 4070 1180 4152 iselsteine,
1197 4074 1288 4153 baro,
1301 4071 1488 4157 Trajecten.
1500 4072 1588 4141 dioc.
1604 4093 1625 4157 ³,
1639 4086 1732 4162 quat.
1754 4097 1834 4163 mag.

484 4177 626 4241 Rectoni
642 4175 734 4241 dicto
751 4175 853 4254 Bliec,
870 4197 944 4240 can.
972 4177 1053 4240 eccl.
1082 4176 1114 4241 S.
1142 4176 1322 4241 Salvatoris
1338 4175 1538 4262 Trajecten,
1554 4199 1643 4265 mag.
1660 4181 1693 4246 in
1716 4182 1835 4248 artibus

482 4290 516 4345 et
532 4280 584 4345 lic.
602 4281 635 4344 in
652 4280 827 4359 medicina,
844 4279 886 4343 de
902 4280 1137 4364 supplemento
1153 4289 1315 4345 consueto
1331 4280 1486 4365 assignari
1497 4283 1668 4351 canonicis
1677 4285 1711 4351 in
1722 4284 1835 4353 eadem

483 4384 654 4450 ecclesia...
671 4383 852 4468 dignemini
876 4382 1082 4468 providere...
1095 4406 1104 4462 ;
1130 4404 1199 4448 non
1223 4386 1308 4449 obst.
1326 4383 1415 4468 quod
1439 4383 1472 4447 in
1497 4385 1588 4451 dicta
1604 4387 1636 4453 S.
1661 4387 1837 4457 Salvatoris

482 4487 670 4569 Trajecten.
687 4498 721 4551 et
738 4487 770 4550 in
788 4485 986 4552 Condicensi
1012 4487 1161 4552 ecclesiis
1186 4508 1259 4553 can.
1280 4496 1314 4552 et
1333 4486 1519 4573 prebendas
1534 4512 1574 4557 ac
1590 4493 1744 4578 parrocb.
1759 4493 1835 4560 eccl.

483 4591 525 4656 de
552 4590 701 4678 Capella,
727 4590 942 4656 Cameracen.
971 4589 1052 4677 [etl]
1081 4589 1268 4675 Trajecten.
1296 4591 1392 4672 dioc,
1417 4590 1567 4658 noscitur
1591 4592 1775 4658 obtinere...
1797 4630 1835 4642 -

485 4694 559 4760 Fiat
578 4696 616 4761 R.

528 4800 604 4865 Dat.
622 4801 721 4865 Asin.
741 4820 756 4884 5
774 4799 839 4865 kal.
853 4800 936 4883 junii
952 4810 985 4865 u⁰
1003 4811 1043 4882 7⁰.
1062 4807 1132 4884 115,
1152 4807 1218 4884 56).

516 4989 543 5043 11)
566 4988 621 5035 (tad.
640 4989 677 5035 ln.

519 5182 538 5227 l.
553 5178 724 5225 l'oi1·n.l3:so.
738 5204 767 5212 -
782 5181 803 5222 2.
817 5175 840 5222 ll
851 5185 886 5222 cst
900 5177 951 5225 cite
962 5194 994 5226 eu
1006 5188 1074 5227 cette
1085 5178 1184 5238 ‹piulilc
1196 5194 1227 5228 cn
1243 5181 1303 5226 1332
1316 5178 1392 5237 illm.
1411 5180 1514 5228 (Victrice
1525 5178 1569 5227 dcx
1585 5181 1677 5230 elmlea
1688 5180 1719 5229 de
1731 5182 1832 5233 dicmur.

483 5267 507 5299 n.
520 5254 587 5311 543).
601 5278 631 5287 -
644 5252 666 5297 3.
680 5250 718 5295 tn.
733 5248 814 5305 Brom,
828 5246 901 5295 Ball.
916 5249 1029 5312 Trioni,
1048 5265 1072 5299 n.
1094 5254 1237 5299 lano-1251.
