4650 6059
479 764 537 829 310
1013 757 1100 835 1047,
1124 759 1208 825 11-10
1229 760 1313 826 avril.

480 922 516 978 et
530 914 624 999 preb.
639 913 722 977 eccl.
738 910 951 992 Brivatensis,
968 910 1000 974 S.
1018 907 1108 975 Flori
1124 909 1223 991 dioc,
1242 908 1423 994 dignemini
1441 908 1617 995 providere
1631 933 1640 989 ;
1663 929 1733 975 non
1758 912 1848 975 obst.

482 1015 573 1101 quod
597 1036 671 1081 can.
695 1023 730 1081 et
752 1018 844 1101 preb.
867 1015 948 1081 eccl.
971 1016 1003 1081 S.
1020 1013 1135 1080 Lazari
1157 1014 1392 1095 Avalonensis,
1416 1013 1546 1079 Eduen.
1568 1014 1667 1095 dioc,
1691 1015 1849 1081 obtinere

482 1120 633 1186 noscitur
655 1129 689 1185 et
711 1118 838 1185 dudum
859 1120 902 1185 de
923 1140 996 1185 can.
1016 1126 1052 1184 et
1073 1121 1167 1205 preb.
1183 1117 1215 1185 S.
1231 1117 1321 1184 Petri
1338 1117 1527 1200 InsulensiS,
1543 1117 1628 1185 dioc.
1644 1117 1850 1199 Tomacen.,

483 1223 595 1289 eidem
624 1222 826 1308 providistis,
861 1222 903 1288 de
938 1222 1057 1308 quibus
1093 1220 1245 1288 nondum
1275 1230 1326 1288 est
1355 1222 1600 1308 possessiouem
1634 1224 1850 1308 corporalem

484 1334 666 1392 assecutus.
696 1366 740 1375 -
766 1324 843 1392 Fiat
870 1325 911 1392 R.
939 1371 942 1375 -

529 1430 608 1495 Dat.
624 1430 724 1494 Auin.
742 1450 759 1514 3
778 1429 822 1495 id.
838 1429 932 1516 april.
948 1437 981 1495 a⁰
999 1436 1040 1515 5⁰.
1057 1431 1127 1512 (10,
1148 1432 1248 1515 132').

539 1566 677 1648 1184.
1535 1597 1629 1664 1347,
1646 1599 1687 1645 11
1703 1580 1805 1645 avril.

378 1769 380 1774 Δ
529 1686 630 1771 Supp.
650 1682 827 1749 Gaufridus
844 1682 1002 1769 Ruppini,
1018 1699 1092 1749 cau.
1108 1682 1305 1749 Leodiensis
1320 1692 1339 1763 ¹,
1358 1690 1393 1749 et
1409 1681 1585 1749 Gaufridus
1601 1682 1762 1769 Ruppini,
1779 1683 1852 1767 ejus

486 1787 764 1871 consanguinem,
780 1793 818 1851 ut
835 1806 913 1851 cum
928 1786 1001 1872 ipsi,
1017 1779 1176 1851 videlicet
1191 1784 1369 1851 Gaufn'dus
1381 1805 1454 1852 can.
1466 1806 1526 1873 per
1537 1786 1675 1852 Petrum
1691 1786 1852 1873 Freyne²

486 1893 565 1957 cler.
579 1890 768 1956 Tomacen.
783 1889 881 1970 dioc,
897 1894 1147 1975 procuratorem
1162 1908 1259 1954 suum
1274 1888 1394 1954 adhoc
1410 1888 1598 1976 specialiter
1612 1889 1851 1970 constitutum,

487 2016 563 2062 can.
587 2003 622 2059 ct
645 1996 738 2080 preb.
763 1993 935 2073 Leodien.,
952 1999 987 2058 et
1002 1987 1190 2072 Gaufridus,
1206 1991 1277 2077 ejus
1297 1992 1574 2077 consanguineus,
1589 1993 1720 2079 prefati,
1737 2013 1799 2079 per
1812 2012 1849 2058 se

487 2099 606 2185 ipsum,
623 2118 698 2163 can.
714 2105 749 2161 et
764 2099 856 2183 preb.
871 2096 904 2161 S.
920 2093 1034 2161 Crucis
1048 2090 1091 2160 de
1108 2094 1296 2177 Pertinace,
1313 2094 1491 2162 Pictaven.
1506 2095 1604 2178 dioc,
1620 2096 1849 2175 ecclesiarum,

488 2211 524 2269 et
548 2202 666 2287 capell.
693 2200 725 2265 S.
750 2200 911 2286 Stephani
927 2197 1056 2265 ineccl.
1071 2219 1131 2263 seu
1145 2198 1349 2265 monasterio
1371 2197 1404 2266 S.
1420 2198 1590 2265 Laurentii
1616 2208 1713 2266 extra
1736 2220 1850 2265 muros

489 2305 650 2372 Leodien.
675 2302 861 2385 fundatam,
888 2323 972 2387 quos
998 2301 1208 2384 obtinebant,
1235 2321 1404 2368 excausa
1425 2302 1685 2389 permutationis
1702 2303 1745 2369 de
1771 2303 1851 2389 ipsis

488 2412 566 2475 ben.
582 2408 669 2472 inter
684 2427 743 2471 eos
758 2405 920 2487 faciende,
936 2406 970 2471 in
985 2419 1077 2473 rn'an.
1094 2405 1134 2471 R.
1148 2404 1185 2470 Ρ.
1198 2406 1288 2473 dom.
1300 2408 1402 2495 episc.
1415 2407 1447 2473 S.
1460 2407 1572 2474 Pontii
1581 2407 1850 2488 Thomeriarum,

490 2512 645 2579 duxerint
660 2509 885 2595 resignandos,
902 2510 1057 2594 idemque
1073 2509 1175 2595 episc.
1190 2510 1298 2577 dictas
1312 2511 1552 2597 resignationes
1568 2511 1741 2578 admiserit
1762 2510 1852 2598 apud

490 2615 605 2681 sedem
619 2621 728 2700 apost.
744 2613 963 2681 demandato
978 2610 1064 2679 S.E.
1079 2634 1088 2693 ς
1105 2620 1199 2697 quat.
1214 2612 1384 2697 Gaufiido,
1400 2615 1482 2682 olim
1497 2635 1572 2682 can.
1588 2614 1761 2696 Leodien.,
1777 2635 1850 2681 can.

490 2719 633 2806 et'preb.
649 2718 681 2784 S.
698 2717 814 2783 Crucis
834 2726 868 2782 et
884 2716 1002 2803 capell.
1014 2715 1172 2803 prefatos,
1185 2725 1220 2783 et
1231 2716 1324 2785 dicto
1336 2717 1505 2801 Gaufrido,
1518 2720 1589 2805 ejus
1600 2709 1852 2804 consanguineo

491 2844 567 2890 can.
582 2831 618 2889 et
632 2825 726 2909 preb.
740 2821 910 2902 Leodien.,
926 2821 974 2887 sic
989 2840 1063 2887 vac.
1079 2819 1230 2886 conferre
1252 2821 1435 2908 dignemini
1451 2830 1486 2888 et
1501 2822 1549 2889 de
1559 2822 1607 2889 eis
1622 2823 1727 2888 etiam
1744 2822 1853 2909 provi·

491 2927 594 3007 dere3
621 2947 690 2993 non
717 2928 804 2992 obst.
831 2924 1094 3009 quibuscumque
1117 2925 1399 2992 reservationibus
1423 2934 1532 3012 apost.
1554 2927 1597 2992 de
1612 2926 1692 3012 ipsis
1706 2928 1785 2992 ben.
1800 2925 1853 2990 vel

493 3051 608 3096 eorum
634 3031 742 3095 altero
768 3028 878 3096 forsan
902 3028 1024 3109 factis;
1041 3047 1100 3095 seu
1115 3030 1207 3114 quod
1221 3029 1311 3095 idem
1327 3029 1505 3096 Gaufridus
1520 3050 1595 3096 can.
1612 3037 1647 3095 et
1662 3032 1756 3116 preb.
1772 3029 1854 3096 eccl.

493 3134 682 3199 Tomacen.
699 3133 839 3197 obtinet.
856 3131 988 3198 —Fiat
1003 3153 1065 3218 pro
1080 3141 1221 3217 utroque
1239 3132 1279 3200 R.

539 3237 619 3301 Dat.
636 3238 735 3301 Avin.
753 3257 771 3319 3
789 3237 831 3302 id.
848 3237 941 3321 april.
958 3243 992 3300 a⁰
1009 3243 1050 3319 5⁰.
1067 3238 1140 3319 (10,
1161 3237 1263 3322 1371).

548 3373 684 3455 1185.
1546 3403 1642 3469 1347,
1659 3405 1700 3449 12
1717 3386 1814 3449 avril.

541 3490 671 3554 Placuit
696 3491 728 3554 S.
755 3488 806 3567 V.,
830 3488 873 3554 ad
900 3489 1094 3554 instantiam
1118 3490 1251 3555 comitis
1276 3488 1571 3576 Valen[tinensis],
1597 3488 1774 3573 providere
1798 3509 1857 3552 suo

496 3594 676 3659 secretario
691 3591 711 3670 J
714 3593 838 3658 ohanni
856 3581 986 3658 Greelle
1001 3603 1022 3673 ³,
1038 3592 1124 3659 dioc.
1152 3590 1338 3659 Nivemen.
1355 3595 1443 3673 cler,
1459 3592 1502 3657 de
1529 3613 1603 3658 can.
1624 3602 1660 3658 et
1675 3595 1769 3678 preb.
1784 3613 1856 3657 vac.

498 3699 531 3762 in
548 3699 630 3763 eccl.
646 3697 678 3762 S.
693 3695 860 3774 Johannis
872 3695 1031 3762 Leodien.
1045 3720 1054 3776 ;
1067 3718 1184 3761 verum
1200 3717 1277 3762 cum
1288 3698 1322 3761 in
1334 3696 1578 3782 supplicatione
1603 3716 1702 3781 super
1717 3696 1783 3761 hoc
1799 3714 1858 3780 per

499 3802 530 3867 S.
547 3801 587 3867 V.
603 3801 735 3885 signata
752 3800 934 3865 obmissum
950 3801 993 3865 sit
1008 3800 1157 3886 exprimi,
1175 3801 1265 3884 quod
1285 3810 1337 3866 est
1352 3801 1412 3866 sibi
1441 3800 1612 3886 provisum
1627 3799 1670 3864 de
1686 3820 1760 3863 can.
1777 3800 1858 3865 eccl.

499 3906 530 3970 S.
547 3904 708 3970 Odomari
735 3903 778 3968 de
794 3903 825 3969 S.
842 3902 1024 3985 Odomaro,
1042 3902 1210 3970 Morinen.
1226 3905 1324 3984 dioc,
1341 3925 1417 3970 cum
1433 3903 1660 3970 reservatione
1684 3905 1777 3988 preb.
1799 3902 1859 3967 sibi

499 4010 698 4075 conferendo
714 4032 721 4089 ;
740 4010 873 4095 placeat
888 4008 1048 4073 mandare
1071 4010 1200 4074 litteras
1226 4009 1374 4094 expediri
1400 4030 1476 4075 cum
1500 4007 1714 4094 suppletione
1740 4007 1864 4073 obmis-

499 4114 600 4178 sionis
615 4112 775 4199 predicte,
789 4119 823 4176 et
839 4112 960 4177 addere
986 4112 1018 4175 in
1036 4111 1127 4179 dicta
1143 4135 1191 4198 gr.
1209 4114 1362 4198 «quovis
1388 4113 1489 4179 modo
1516 4112 1598 4179 dicti
1626 4132 1701 4178 can.
1719 4121 1754 4177 et
1770 4114 1868 4198 preb.

499 4223 624 4281 vacent
641 4239 670 4295 u,
687 4224 721 4281 et
738 4219 798 4281 sub
815 4216 915 4300 priori
932 4216 1018 4281 data.
1040 4254 1072 4264 -
1094 4216 1171 4282 Fiat
1188 4217 1229 4282 R.

545 4321 623 4385 Dat.
639 4320 739 4403 Avin.
757 4341 774 4384 2
792 4319 835 4384 id.
852 4320 935 4404 april
950 4327 983 4383 a⁰
1000 4327 1041 4403 5⁰.
1059 4321 1130 4405 (10,
1152 4322 1254 4405 129l).

554 4456 688 4538 1186·
1542 4472 1697 4554 1347,16
1718 4473 1819 4537 avril.

544 4576 599 4638 50ὓ
614 4585 720 4659 pater.
738 4573 822 4638 Cum
835 4573 1008 4650 Johannes
1023 4573 1065 4637 de
1082 4572 1297 4656 Molendinis,
1315 4575 1395 4641 olim
1418 4584 1530 4641 rector
1544 4575 1697 4661 parroch.
1721 4576 1805 4641 eccl.
1821 4576 1864 4641 de

500 4679 716 4758 VassinhacO,
734 4678 898 4743 Tutellen.
922 4678 1016 4758 dioc,
1032 4698 1137 4762 prope
1162 4677 1387 4762 Brivasacum,
1409 4690 1444 4747 et
1471 4681 1659 4768 Stephanus
1674 4680 1716 4745 de
1733 4680 1865 4760 Bordis,

500 4785 581 4849 olim
609 4804 682 4848 can.
709 4785 801 4868 preb.
828 4782 861 4845 in
885 4781 966 4847 eccl.
992 4780 1023 4847 S.
1040 4780 1206 4858 Johannis
1231 4784 1390 4851 Leodien.
1408 4794 1442 4850 et
1467 4794 1578 4852 rector
1604 4785 1757 4870 parroch.
1780 4785 1866 4850 eccl.

535 5047 556 5091 l.
568 5045 599 5091 de
612 5045 707 5100 Thoan,
719 5045 790 5089 00-01
806 5060 811 5092 ;
826 5041 942 5100 Berlibro,
954 5044 1050 5092 lue-eut.
1058 5044 1165 5107 ernulfi..
1177 5059 1202 5093 n.
1214 5047 1265 5103 125,
1281 5047 1334 5096 132,
1344 5074 1375 5081 ——
1384 5048 1406 5096 2.
1417 5047 1451 5096 Cc
1460 5059 1617 5110 personnage
1625 5050 1662 5094 est
1674 5045 1860 5108 {roonemment

502 5117 553 5165 cite
565 5119 630 5163 dans
643 5119 678 5164 les
691 5119 766 5164 lirrcs
778 5117 809 5163 dc
822 5117 846 5164 la
859 5117 986 5165 Chambre
1003 5119 1164 5180 apostolique
1185 5117 1317 5180 (Berlibrc,
1337 5121 1433 5171 lateat.
1450 5120 1556 5183 auolyt,
1575 5120 1629 5178 503,
1642 5121 1698 5180 513,
1712 5124 1800 5178 alu...
1814 5117 1857 5166 693

501 5191 570 5251 695).
583 5219 613 5225 —
626 5194 649 5238 3.
664 5192 843 5241 1011111181.
