4650 6059
483 796 545 859 280
1015 796 1100 868 1346,
1124 797 1158 857 14
1181 796 1306 860 octobre.

538 948 682 1029 1078.
1493 962 1587 1046 1346,
1605 984 1645 1047 14
1664 966 1802 1032 octobre.

528 1066 629 1151 Supp.
645 1075 842 1151 procurator
857 1065 1006 1150 episcopi
1024 1063 1236 1144 MorinensiS,
1253 1064 1343 1149 quod
1360 1085 1436 1129 cum
1454 1065 1524 1150 ipse
1551 1065 1636 1131 duos
1651 1069 1730 1134 cler.
1747 1070 1842 1135 servi-

484 1178 575 1233 tores
590 1169 739 1249 haberet,
755 1169 913 1234 videlicet
929 1168 1099 1253 quondam
1114 1167 1133 1244 J
1137 1167 1305 1233 ohannem
1328 1168 1371 1233 de
1388 1167 1507 1249 Prella,
1524 1179 1678 1236 curatum
1693 1174 1841 1257 parroch.

485 1274 567 1337 eccl.
583 1273 625 1338 de
653 1272 825 1353 MambriS,
853 1281 887 1337 et
912 1272 1079 1349 Jacobum
1105 1270 1260 1355 Hugonis
1287 1271 1329 1336 de
1355 1271 1479 1356 Hagia,
1505 1273 1654 1359 ejusdem
1680 1274 1842 1353 Johannis

485 1377 769 1461 consanguineum
797 1387 816 1458 ¹,
844 1378 922 1442 cler.
948 1375 1128 1441 Treveren.
1152 1374 1250 1456 dioc.,
1275 1374 1450 1460 dictusque
1476 1377 1647 1461 quondam
1671 1378 1842 1456 Johannes

484 1480 574 1543 viam
591 1481 633 1544 sit
649 1482 802 1546 universe
818 1480 927 1546 camis
941 1480 1118 1564 ingressuS,
1142 1486 1235 1562 quat.
1262 1478 1390 1544 dictam
1416 1481 1499 1545 eccl.
1524 1489 1688 1562 curatam,
1713 1504 1787 1549 vac.
1811 1484 1841 1548 in

485 1603 551 1647 cur.
568 1603 627 1668 per
643 1582 743 1669 ipsius
758 1583 778 1662 J
781 1583 923 1649 ohannis
940 1585 1005 1663 ob,
1021 1581 1151 1668 pretato
1167 1580 1186 1657 J
1190 1583 1308 1662 acobo,
1324 1580 1405 1647 dicti
1419 1582 1567 1649 defuncti
1584 1587 1842 1671 consanguineo,

485 1686 634 1752 conferre
650 1686 844 1771 dignemini.
862 1727 901 1735 -
917 1685 995 1751 Fiat
1011 1685 1052 1751 R.

528 1788 607 1853 Dat.
624 1789 724 1855 Avin.
742 1811 759 1854 2
777 1789 820 1854 id.
837 1798 904 1854 oct.
920 1796 934 1823 ²
949 1796 981 1854 a⁰
1000 1795 1040 1873 5⁰.
1058 1788 1129 1873 (12,
1148 1808 1164 1873 5
1171 1789 1232 1872 5').

536 1926 679 2009 1079.
1489 1941 1584 2023 1346,
1602 1961 1642 2024 14
1660 1944 1801 2007 octobre.

528 2043 627 2108 Motu
643 2044 778 2129 proprio
800 2042 1015 2127 providemus
1035 2040 1183 2119 Johanni
1212 2039 1372 2123 Gervasii,
1400 2063 1472 2128 cap.
1501 2043 1629 2128 capelle
1654 2053 1780 2127 nostre,
1803 2047 1844 2112 de

483 2169 556 2214 can.
573 2157 607 2213 et
623 2150 714 2233 preb.
731 2148 812 2213 eccl.
829 2146 1000 2226 Leodien.,
1016 2165 1090 2212 vac.
1106 2166 1167 2232 per
1190 2147 1243 2212 ob.
1270 2145 1401 2211 Thome
1425 2147 1467 2213 de
1493 2147 1630 2213 Perusio
1646 2157 1665 2229 ²,
1690 2150 1842 2233 grossarii

481 2252 596 2331 nostri,
622 2252 677 2333 qui
705 2259 799 2316 extra
824 2249 922 2315 Rom.
939 2270 1006 2315 cur.
1029 2248 1119 2314 diem
1146 2249 1265 2314 clausit
1289 2259 1487 2332 extremum,
1513 2252 1606 2335 cujus
1620 2254 1698 2317 ben.
1715 2254 1844 2319 ratione

482 2355 563 2418 dicti
581 2354 680 2419 officii
697 2354 830 2418 luerunt
845 2361 1023 2418 reservata.
1039 2393 1082 2401 -
1099 2351 1175 2417 Fiat
1191 2360 1286 2418 motu
1301 2353 1437 2438 proprio
1455 2352 1494 2417 R.

526 2457 606 2522 Dat.
622 2456 721 2521 Avin.
740 2477 756 2521 2
775 2457 818 2522 id.
835 2466 901 2523 oct.
918 2464 951 2522 a⁰
967 2464 1010 2541 5⁰.
1027 2457 1099 2540 (12,
1118 2456 1186 2540 57).

536 2593 681 2676 1080.
1489 2605 1584 2689 1346,
1603 2626 1642 2689 14
1660 2608 1801 2673 octobre.

526 2712 626 2796 Supp.
643 2709 880 2797 B[emardus],
907 2711 958 2776 tit.
975 2710 1007 2776 S.
1024 2709 1145 2774 Ciriaci
1173 2708 1206 2773 in
1234 2707 1364 2774 Termis
1386 2713 1495 2795 presb.
1521 2709 1609 2776 card.
1625 2720 1645 2790 ³,
1662 2719 1754 2795 quat.
1773 2712 1843 2791 sibi,

483 2816 516 2879 in
532 2835 711 2900 personam
727 2835 801 2899 cap.
817 2823 852 2880 et
867 2814 1038 2898 longinqui
1055 2834 1096 2878 ac
1124 2812 1274 2879 continui
1299 2813 1467 2878 servitoris
1492 2823 1526 2879 et
1552 2816 1779 2899 procuratoris
1795 2818 1842 2881 sui

484 2921 517 2984 in
534 2920 740 3005 prepositura
755 2919 797 2984 de
815 2917 973 2997 Faveriis,
990 2914 1477 2996 Suessionen.dioc.,Jobannis
1488 2916 1705 2998 Trotemenu,
1722 2921 1843 3004 presb,

482 3044 556 3089 can.
572 3025 664 3109 preb.
680 3024 762 3089 eccl.
779 3023 898 3106 colleg.
913 3021 945 3087 S.
962 3020 1050 3086 Piati
1073 3020 1277 3086 Sicliniensis
1291 3032 1312 3100 ⁴,
1339 3019 1527 3087 Tomacen.
1554 3021 1651 3100 dioc.,
1678 3042 1770 3107 spec.
1797 3043 1843 3108 gr.

482 3127 652 3207 facientes
668 3127 710 3192 de
726 3126 894 3192 decanatu
910 3148 935 3191 s.
952 3147 980 3191 c.
996 3125 1087 3190 dicte
1103 3126 1185 3190 eccl.
1202 3124 1416 3204 Sicliniensis,
1434 3126 1526 3209 cujus
1542 3125 1708 3191 fructus...
1729 3131 1771 3192 60
1787 3128 1843 3191 lib.

480 3231 558 3296 Tur.
575 3252 666 3316 parv.
683 3231 840 3296 residenti
867 3231 1016 3320 valorem
1042 3250 1190 3294 annuum
1216 3249 1285 3293 non
1310 3229 1478 3294 excedunt
1499 3232 1554 3293 vel
1580 3229 1676 3310 circa,
1703 3250 1777 3296 vac.
1801 3232 1846 3297 ad

481 3355 618 3420 presens
634 3355 692 3420 per
707 3343 851 3399 mortem
867 3333 1038 3417 quondam
1053 3332 1072 3409 J
1076 3332 1218 3396 ohannis
1233 3332 1314 3397 dicti
1327 3330 1453 3396 Ovette
1465 3333 1507 3398 de
1519 3334 1845 3419 Dompnomedardo

483 3439 516 3501 in
540 3437 694 3517 Pontiv0,
721 3438 830 3502 ultimi
857 3436 975 3502 decani
1003 3436 1161 3520 ejusdem,
1189 3436 1244 3519 qui
1270 3443 1364 3500 extra
1392 3434 1490 3502 Rom.
1516 3457 1583 3501 cur.
1611 3437 1705 3518 obiit,
1734 3438 1846 3504 eidem

482 3540 631 3618 Jobanni
647 3538 893 3605 Trotemenu,..
912 3540 1094 3625 dignemini
1110 3539 1286 3624 providere
1296 3562 1304 3619 ;
1321 3560 1389 3604 non
1407 3543 1492 3605 obst.
1510 3540 1599 3624 quod
1615 3561 1689 3606 can.
1707 3549 1742 3605 et
1752 3546 1846 3628 preb.

482 3645 515 3708 in
532 3644 622 3709 dictu
638 3645 719 3709 eccl.
735 3644 767 3708 S.
785 3643 882 3724 Piati,
899 3653 934 3710 et
950 3643 1136 3709 custodiam
1165 3664 1224 3707 seu
1246 3644 1504 3707 matriculariam
1529 3644 1571 3709 de
1600 3644 1716 3727 Essen,
1740 3645 1846 3712 Mori-

481 3769 569 3828 nen,
587 3768 627 3812 ac
643 3768 717 3812 can.
734 3748 815 3813 eccl.
833 3748 864 3812 S.
881 3747 970 3813 Petri
988 3747 1179 3827 Insulensis,
1195 3745 1284 3811 dicte
1309 3746 1498 3812 Tornacen.
1522 3748 1619 3829 dioc.,
1644 3749 1787 3824 obtinet,
1811 3761 1844 3815 et

483 3854 573 3937 preb.
589 3852 623 3914 in
641 3850 758 3916 eadem
775 3852 856 3916 eccl.
873 3850 904 3916 S.
922 3850 1010 3916 Petri
1027 3858 1197 3936 expectat.
1214 3889 1256 3898 -
1273 3848 1350 3915 Fiat
1368 3849 1407 3915 R.

525 3956 602 4019 Dat.
619 3957 718 4020 Avin.
737 3978 754 4021 2
771 3956 814 4022 id.
832 3965 898 4021 oct.
916 3963 949 4020 a⁰
968 3962 1008 4039 5⁰.
1026 3955 1098 4037 (12,
1118 3956 1199 4039 581).

537 4092 673 4174 1081.
1489 4109 1584 4192 1346,
1603 4129 1642 4193 14
1660 4113 1801 4176 octobre.

526 4208 626 4272 Motu
641 4210 775 4292 proprio
801 4209 1015 4293 providemus
1041 4208 1188 4285 Johuuni
1216 4210 1376 4292 Gervasii,
1402 4214 1529 4298 capelle
1554 4223 1667 4279 nostre
1693 4236 1779 4303 cap,
1801 4217 1841 4281 de

483 4332 555 4377 can.
572 4320 605 4374 et
622 4315 713 4395 preb.
731 4312 811 4375 eccl.
829 4309 999 4392 Leodien,
1017 4333 1090 4378 vac.
1107 4336 1167 4399 per
1194 4317 1248 4380 ob.
1275 4315 1406 4380 Thome
1424 4315 1577 4381 Guiducii
1602 4316 1644 4382 de
1669 4317 1807 4384 Perusio
1821 4328 1840 4396 ⁵,

482 4415 626 4480 condam
643 4415 813 4500 scriptoris
829 4423 864 4479 et
880 4417 1097 4482 abreviatoris
1112 4418 1227 4498 nostri,
1245 4419 1300 4501 qui
1317 4428 1412 4483 extra
1438 4419 1535 4484 Rom.
1553 4441 1620 4486 cur.
1646 4421 1737 4486 diem
1754 4424 1839 4488 clau·

480 4520 522 4584 sit
539 4520 836 4601 extremumcuius
851 4521 1013 4585 beneficia
1026 4522 1155 4587 ratione
1168 4523 1355 4605 hujusmodi
1369 4524 1508 4589 officii...
1523 4534 1837 4593 erant...reservata.

480 4661 522 4669 —
540 4619 616 4684 Fiat
631 4630 726 4685 motu
742 4622 887 4706 proprio,
905 4623 930 4686 si
946 4623 1100 4707 predicto
1116 4633 1174 4689 aut
1191 4627 1309 4709 quovis
1326 4626 1392 4690 alio
1408 4626 1511 4691 modo
1527 4637 1662 4693 vacant.

524 4723 601 4787 Dat.
619 4725 717 4789 Avin.
737 4747 752 4787 2
771 4726 813 4790 id.
837 4735 903 4791 oct.
921 4736 954 4791 a⁰
972 4734 1013 4810 5⁰.
1032 4730 1101 4808 (12,
1120 4730 1184 4811 87).

510 4929 538 4988 o)
552 4928 590 4975 On
604 4930 672 4975 rrs'oit
686 4929 747 4976 ecrit
761 4931 866 4978 ‹l'ubonl
878 4936 938 4994 rel-rt.
950 4931 1027 4991 qu'on
1040 4947 1055 4979 a
1066 4934 1166 4980 ensuite
1178 4931 1247 4981 bille.

511 5150 531 5194 l.
546 5147 644 5266 ls'Cifrscb,
657 5147 731 5204 Koll,
745 5149 764 5206 l,
779 5151 832 5196 loo.
842 5177 873 5183 —
886 5152 908 5196 2.
919 5149 980 5196 l'oir
993 5163 1017 5196 rr.
1027 5152 1088 5198 1019
1101 5159 1125 5197 et
1141 5151 1210 5199 1081.
1222 5178 1254 5185 -
1267 5153 1289 5199 3.
1302 5152 1413 5200 Bemarrl
1426 5152 1520 5202 ‹l'Albi
1530 5181 1562 5188 -
1574 5156 1596 5201 4.
1607 5154 1669 5202 b'oir
1681 5169 1706 5205 n.
1719 5157 1773 5214 31⁶,
1786 5156 1836 5204 tet.

476 5248 507 5256 -—
521 5224 542 5267 5.
573 5234 631 5267 1.n.
646 5223 715 5268 1079.
749 5235 752 5242 ·
