4650 6059
1025 770 1114 852 1843,
1138 771 1179 838 28
1197 771 1308 854 J'uillet
1796 779 1853 844 1⁰8

480 924 603 1008 colleg.
619 922 703 990 eccl.
719 921 763 989 de
778 921 964 1008 Camajore,
981 921 1108 991 Lucan.
1123 924 1222 1006 dioc,
1237 918 1312 993 vac.
1326 946 1387 1012 per
1401 928 1456 993 ob.
1472 925 1563 994 dom.
1577 881 1723 1010 Andree,
1750 929 1802 997 tit.
1818 931 1851 1000 S.

480 1028 637 1094 Susanne
651 1028 763 1112 presb.
779 1025 880 1107 card,
894 1026 1078 1112 dignemini
1092 1028 1279 1115 providere.
1294 1070 1338 1081 -
1354 1028 1432 1097 Fiat
1448 1029 1488 1097 R.
1584 1067 1588 1075 ·

526 1130 610 1196 Dat.
626 1150 683 1215 ap.
699 1127 949 1196 villamnovam
967 1149 985 1215 5
1002 1128 1069 1198 kal.
1079 1151 1154 1218 aug.
1171 1139 1205 1198 a⁰
1221 1141 1263 1199 2⁰.
1280 1134 1331 1217 (5,
1351 1136 1437 1220 124).

532 1265 794 1372 troo-474.
1007 1356 1009 1359 ,
1517 1303 1614 1368 1343,
1631 1283 1806 1366 assultat.

524 1385 654 1473 Supp...
663 1379 849 1468 johannes,
858 1384 926 1451 dux
935 1383 1129 1468 Brabantie,
1145 1394 1237 1471 quat
1245 1385 1323 1473 [suo
1337 1393 1421 1453 nato
1431 1384 1451 1464 J
1454 1386 1580 1453 ohanni
1591 1387 1635 1453 de
1643 1387 1851 1476 Overysche,

482 1489 580 1578 cler]
599 1488 822 1556 Cameraoen.
836 1487 934 1570 dloc,
950 1509 1027 1556 curn
1043 1509 1086 1557 eo
1100 1509 1200 1576 super
1212 1488 1348 1556 deiectu
1361 1490 1537 1572 natalium,
1549 1511 1650 1574 quem
1666 1492 1794 1578 patitur
1807 1491 1851 1558 de

484 1594 673 1680 conjugato
686 1592 820 1680 genitus
834 1600 870 1660 et
884 1591 1023 1659 moniali
1033 1581 1191 1680 professa,
1205 1592 1439 1680 dispensantes
1453 1593 1545 1679 quod
1555 1594 1660 1681 possit
1675 1594 1718 1661 ad
1733 1614 1851 1662 omnes

484 1697 620 1764 ordines
642 1695 835 1784 promoveri
850 1704 886 1762 et
911 1697 993 1764 eccl.
1018 1695 1185 1762 beneficia
1207 1696 1366 1783 recipere,
1386 1696 1568 1783 dignemini
1590 1699 1791 1786 dispensare.
1807 1739 1851 1750 —

485 1801 563 1869 Fiat
578 1801 624 1868 ad
639 1819 744 1866 unum
758 1799 961 1867 beneficium
977 1820 1007 1867 c.
1023 1820 1053 1867 c.
1068 1807 1104 1865 et
1119 1798 1210 1866 aliud
1225 1818 1251 1866 s.
1266 1820 1296 1866 c.
1312 1809 1347 1867 et
1362 1800 1406 1868 ad
1421 1821 1539 1868 omnes
1553 1802 1696 1870 ordines.
1713 1803 1754 1869 R.

524 1944 612 2006 461.
626 1935 715 2004 Item
724 1956 821 2024 supp.
831 1935 920 2004 idern
929 1936 996 2004 dur
1008 1945 1100 2023 quat.
1112 1957 1190 2004 cum
1199 1935 1277 2025 [suo
1285 1945 1368 2005 nato
1378 1935 1398 2015 J
1401 1937 1537 2004 ohanne
1548 1938 1591 2005 de
1601 1937 1764 2022 Lovanio,
1772 1940 1850 2008 cler.

485 2039 832 2128 Cameracen.dioc.,]
848 2040 932 2128 disp.
947 2061 1047 2127 super
1060 2040 1126 2108 def.
1140 2043 1248 2109 natal.
1259 2062 1360 2127 quem
1371 2042 1499 2129 patitur
1512 2044 1556 2110 de
1568 2045 1749 2130 conjugato
1758 2045 1851 2131 geni-

486 2156 538 2213 tus
552 2155 590 2212 et
605 2145 798 2232 conjugata,
813 2143 1007 2231 dispensare
1015 2145 1198 2231 dignemini
1219 2145 1310 2231 quod
1321 2145 1427 2233 possit
1442 2145 1486 2213 ad
1501 2167 1620 2213 ornnes
1634 2147 1797 2215 ordines...
1813 2157 1851 2215 ut

488 2271 596 2337 supra.
617 2287 652 2300 -
672 2247 750 2315 Fiat
765 2256 927 2336 utsupra.
945 2249 984 2315 R.

529 2385 619 2448 462.
636 2376 725 2445 Item
740 2398 837 2466 supp.
852 2376 962 2466 [quat.
978 2377 1151 2466 dispenset
1166 2398 1244 2445 cum
1259 2400 1320 2446 suo
1342 2387 1426 2446 nato
1447 2379 1613 2466 Dyonisio
1626 2380 1670 2448 de
1686 2379 1850 2462 Lovani0,

491 2483 583 2571 cler]
610 2481 831 2550 Cameracen.
857 2480 955 2564 dioc,
982 2502 1082 2569 super
1106 2480 1173 2549 def.
1197 2482 1303 2548 natal.
1329 2487 1430 2580 quem
1453 2483 1580 2570 patitur
1605 2482 1648 2550 de
1670 2483 1852 2570 conjugato

489 2589 619 2674 genitus
634 2595 669 2653 et
685 2586 894 2674 conjugata...
911 2594 1073 2675 utsupra.
1094 2623 1127 2684 '.'
1148 2584 1226 2652 Fiat
1241 2594 1278 2653 ut
1293 2605 1403 2673 supra.
1421 2585 1461 2652 R.

528 2731 614 2793 463.
632 2723 721 2790 Item
743 2743 840 2811 supp.
856 2723 946 2791 idem
973 2723 1041 2792 dux
1068 2732 1160 2810 quat.
1176 2724 1239 2792 sibi
1264 2723 1447 2810 dignemini
1473 2723 1645 2810 indulgere
1671 2733 1709 2792 ut
1734 2724 1853 2792 decem

489 2828 597 2895 clerici
624 2827 674 2894 sui
700 2827 772 2913 ejus
794 2827 962 2913 obsequiis
990 2827 1192 2910 insistentes,
1219 2835 1392 2915 presentes
1414 2835 1450 2893 et
1472 2828 1607 2915 posteri,
1623 2849 1708 2913 quos
1721 2825 1855 2895 duxerit

489 2932 669 3018 eligendos,
686 2931 843 2998 fructus...
854 2931 1094 2998 beneficiorum
1109 2951 1276 2998 suorum...
1298 2928 1441 3018 [absque
1460 2930 1656 3018 residentia]
1682 2931 1854 3018 percipere

490 3037 655 3104 ualeant...
676 3073 714 3087 -
732 3033 810 3102 Fiat
826 3035 860 3101 in
876 3034 985 3101 sonna
1000 3034 1044 3101 ad
1059 3034 1254 3102 triennium.
1270 3034 1311 3101 R.

527 3173 618 3234 464.
636 3166 725 3231 Item
740 3165 822 3250 sign.
840 3165 927 3231 idem
943 3166 1010 3231 dux
1026 3166 1117 3250 quod
1132 3165 1374 3231 monasterium
1390 3165 1421 3230 S.
1438 3164 1609 3231 Gertrudis
1622 3165 1850 3246 Louaniensis,

490 3270 526 3336 0.
539 3272 571 3335 S.
584 3274 683 3354 Aug,
692 3267 852 3335 Leodierr.
869 3270 967 3349 dioc,
978 3269 1138 3356 quodper
1149 3269 1354 3355 prepositum
1367 3272 1576 3353 gubernatur,
1587 3270 1852 3356 progenitoribus

489 3376 550 3439 suis
566 3374 629 3439 suit
645 3383 681 3438 et
696 3373 757 3438 sibi
774 3382 825 3438 est
842 3371 943 3437 simili
960 3371 1142 3437 dilectione
1161 3392 1202 3437 ac
1221 3370 1449 3462 familiaritate
1470 3372 1696 3457 conjunctum,
1721 3381 1756 3438 et
1774 3393 1851 3438 cum

489 3488 624 3564 propter
634 3477 712 3554 hoc,
725 3487 796 3542 tum
813 3483 955 3562 propter
970 3476 1184 3540 honestatem
1200 3495 1417 3560 personarum
1432 3475 1625 3560 degentium
1639 3477 1671 3541 in
1684 3477 1805 3543 eodem
1815 3487 1851 3543 et

488 3583 547 3648 loci
565 3582 817 3666 congruitatem
833 3588 867 3645 et
877 3580 1072 3663 qualitatem
1083 3578 1249 3645 desideret
1259 3579 1366 3664 ipsum
1376 3581 1625 3661 monasterium,
1639 3582 1731 3666 cujus
1743 3581 1849 3647 reddi-

488 3697 535 3752 tus
550 3695 586 3752 et
603 3693 788 3771 proventus
804 3684 891 3750 adeo
913 3683 1053 3768 pingues
1066 3682 1135 3747 fore
1151 3690 1343 3762 noscuntur,
1367 3682 1458 3766 quod
1484 3691 1623 3768 possunt
1645 3685 1847 3750 abbatialem
1920 3699 1922 3703 ·

487 3790 686 3875 dignitatem
710 3798 745 3853 et
770 3788 933 3854 honorem
949 3786 1067 3851 leviter
1081 3799 1287 3873 supportare,
1304 3807 1364 3871 per
1379 3787 1408 3850 S.
1425 3785 1465 3852 V.
1481 3788 1696 3852 clementiam
1712 3789 1847 3854 lionoris

487 3895 588 3960 titulis
609 3893 772 3960 decorari.
794 3893 906 3976 Quare
918 3891 1084 3976 supplicat
1096 3891 1187 3975 quod
1201 3879 1447 3976 preposituram
1463 3891 1565 3975 ipsius
1580 3892 1774 3956 monasterii
1798 3892 1846 3957 di-

485 3998 631 4081 gnemini
645 3998 678 4061 in
692 3997 862 4062 abbatiam
872 3996 997 4079 erigere
1010 4003 1045 4060 et
1057 4015 1179 4074 creare,
1187 3996 1227 4060 ac
1237 3995 1444 4080 prepositum
1456 3994 1511 4078 qui
1524 4014 1613 4058 nunc
1625 4002 1676 4058 est
1689 3995 1847 4078 preficere

485 4101 514 4166 in
526 4105 699 4183 abbatem,
716 4108 903 4167 statuentes
919 4109 956 4165 ut
971 4098 1013 4164 de
1029 4106 1143 4164 cetero
1158 4099 1397 4163 monasterium
1410 4098 1518 4184 ipsum
1532 4118 1590 4183 per
1599 4100 1759 4162 abbatem
1775 4119 1847 4183 per-

485 4205 593 4290 petuis
617 4204 735 4270 futuris
752 4204 957 4290 temporibus
968 4203 1092 4268 debeat
1104 4202 1289 4286 gubenrari,
1305 4212 1340 4267 et
1356 4201 1592 4267 nichilominus
1608 4203 1847 4268 monasterium

486 4309 590 4394 Ipsum
609 4307 763 4393 ampliori
778 4307 991 4394 prerogativa
1001 4307 1136 4372 honoris
1152 4315 1185 4371 et
1200 4306 1305 4390 gratie
1321 4306 1551 4372 decorantes...
1568 4307 1683 4371 abbati
1696 4308 1847 4392 predicto

485 4412 528 4477 sic
544 4411 753 4498 preficiendo
767 4420 802 4477 et
818 4410 1061 4477 successoribus
1076 4410 1142 4474 suis
1158 4410 1336 4475 abbatibus
1351 4408 1431 4474 dicti
1458 4411 1662 4493 monasterii,
1679 4412 1734 4495 qui
1751 4424 1848 4478 erunt

485 4536 543 4600 pro
558 4525 715 4600 tempore
730 4515 986 4601 imperpetuum,
1003 4514 1050 4578 uti
1067 4513 1188 4578 baculo
1203 4513 1362 4599 pastorali
1385 4513 1522 4579 ualeant
1545 4515 1745 4581 auctoritate
1769 4537 1849 4601 apo·

483 4620 602 4685 stolica
619 4617 806 4685 concedere
820 4617 1003 4702 dignemini
1020 4617 1062 4683 de
1072 4617 1180 4702 gratia
1191 4616 1327 4702 speciali
1345 4627 1363 4682 ¹.
1376 4617 1538 4684 —Possit
1548 4619 1628 4704 erigi
1647 4620 1848 4686 auctoritate

516 4787 537 4832 1.
550 4785 575 4833 J.
588 4784 620 4832 (l.
631 4783 664 4832 de
678 4783 774 4846 Ryclrol
785 4783 850 4831 «lans
861 4798 905 4831 son
921 4783 1036 4830 Historia
1045 4784 1071 4830 Ν.
1082 4782 1218 4831 (lertruulix
1226 4783 1353 4844 (Insanit,
1366 4784 1434 4834 11137.
1445 4784 1501 4831 Lib.
1515 4784 1564 4842 III,
1572 4787 1640 4846 1143),
1653 4799 1684 4832 cn
1704 4785 1807 4847 parlanl
1818 4786 1850 4834 rlr¹

485 4857 563 4905 lla-nri
576 4857 609 4906 ‹le
621 4857 772 4914 Tervuercn,
785 4858 829 4917 qui
843 4856 883 4904 fut
894 4856 982 4920 procot
996 4858 1080 4904 linus
1091 4861 1115 4904 ot
1128 4855 1195 4905 abur<
1205 4859 1273 4904 :lans
1285 4857 1360 4918 (1344
1369 4862 1395 4915 -1-
1404 4859 1683 4922 21nw.13⁴7),rrepout
1697 4858 1851 4921 s'oxpliquur

483 4937 614 4979 comment
626 4931 649 4979 le
661 4933 724 4978 titre
735 4929 850 4977 alrbatIol
864 4929 899 4976 lui
911 4944 927 4977 a
938 4927 980 4978 ac·
991 4928 1076 4977 donne
1088 4943 1134 4992 par
1146 4929 1169 4978 le
1181 4929 1313 4990 rntnnlnge
1324 4931 1360 4977 ‹lu
1372 4929 1523 4980 monastbre.
1540 4930 1580 4978 On
1593 4934 1676 4979 snvuit
1687 4946 1719 4979 on
1730 4931 1789 4980 offet
1800 4947 1850 4992 qur·

484 5005 506 5053 la
519 5004 626 5068 paucae
638 5005 681 5051 lut
693 5002 777 5064 iulg&
787 5017 819 5052 eu
831 5003 931 5066 ablnye
943 5017 989 5065 pur
1001 5002 1104 5050 Nicobts
1115 5003 1137 5048 V
1150 5003 1173 5051 le
1186 5006 1200 5050 2
1220 5018 1288 5052 mars
1307 5005 1370 5051 14511
1381 5003 1467 5066 (Gall.
1480 5004 1574 5063 alarin,
1588 5005 1617 5062 V,
1634 5007 1724 5056 ‹tl-62:
1746 5005 1849 5067 Ryckcl,

483 5081 531 5126 fill
544 5095 550 5129 :
563 5078 691 5134 Ilolanus,
704 5076 767 5124 Iler.
782 5075 881 5137 [aral.
895 5077 914 5134 l,
928 5079 975 5125 2213
986 5092 992 5134 3
1005 5076 1144 5134 Atalantes,
1154 5076 1257 5130 XXIX.
1270 5079 1365 5138 art-28),
1379 5078 1529 5141 Cepcnrlant
1541 5076 1658 5140 l’ablnyc
1669 5079 1709 5126 lut
1722 5077 1850 5126 effective·

484 5161 553 5201 ment
566 5151 650 5213 erigte
661 5165 695 5201 en
706 5150 808 5212 abbaye
819 5165 850 5199 en
872 5151 933 5198 1344
946 5149 1023 5213 (llep.
1035 5149 1110 5199 ,ltin
1125 5152 1161 5211 74,
1179 5150 1196 5199 i.
1211 5152 1276 5212 115),
1296 5153 1360 5199 mals
1377 5151 1400 5200 lc
1412 5154 1472 5200 titre
1484 5152 1522 5199 lut
1537 5152 1667 5214 supprime<
1678 5153 1693 5200 a
1706 5151 1730 5199 lu
1742 5159 1807 5198 mort
1820 5152 1852 5200 ‹lo

482 5224 567 5274 l'abut
582 5225 659 5274 Herm
672 5224 706 5272 «le
723 5223 875 5273 Toruueren.
938 5272 941 5276 ,
