4650 6059
490 771 552 836 296
1024 768 1113 841 1347,
1138 767 1178 832 26
1197 764 1325 847 janvier.

491 925 582 1008 preb.
598 943 698 1006 quam
716 920 878 988 Colardus
893 921 936 987 de
951 919 1058 1005 Ligne
1074 915 1250 985 obtinebat
1265 918 1299 983 in
1316 921 1398 986 eccl.
1414 918 1641 999 Cameracen.,
1651 941 1727 988 vac.
1740 943 1803 1008 pro
1814 945 1853 990 eo

491 1027 581 1111 quod
596 1026 685 1092 idem
702 1026 864 1093 Colardus
879 1027 913 1092 in
930 1025 1079 1091 exercitu
1093 1024 1217 1090 bellico
1233 1024 1321 1089 inter
1335 1024 1436 1108 episc.
1460 1021 1622 1088 Leodien.
1634 1032 1670 1089 et
1681 1026 1753 1110 ejus
1765 1028 1854 1094 cives

491 1131 628 1194 suborto
653 1129 826 1194 accinctus
841 1129 903 1194 fuit
919 1128 1053 1213 cingulo
1076 1126 1222 1207 militari,
1247 1126 1282 1190 in
1307 1146 1375 1210 quo
1399 1124 1535 1209 quidem
1565 1128 1715 1193 exercitu
1743 1131 1853 1196 extitit

490 1254 612 1317 magna
636 1241 774 1317 strages,
799 1240 834 1298 et
859 1233 893 1297 in
920 1253 988 1318 quo
1012 1231 1126 1312 etiam,
1148 1250 1189 1296 ac
1212 1230 1245 1296 in
1268 1251 1384 1316 guerra
1399 1230 1480 1295 dicti
1496 1229 1587 1296 dom.
1602 1232 1698 1316 regis,
1715 1234 1805 1300 sevis
1819 1257 1852 1300 se

490 1337 621 1403 notorie
645 1337 837 1402 immiscens
860 1345 895 1401 et
916 1335 1082 1423 stipendia
1108 1334 1265 1399 militaria
1287 1334 1451 1420 recipiens
1475 1334 1508 1398 in
1533 1334 1651 1400 habitu
1665 1336 1804 1402 militari
1819 1347 1852 1404 et

489 1440 638 1505 vestibus
654 1439 809 1506 radicatis
825 1460 860 1505 se
875 1440 988 1525 gessit,
998 1447 1034 1504 et
1042 1459 1103 1525 per
1112 1446 1364 1524 procuratorem
1379 1437 1460 1503 dicti
1477 1459 1550 1523 cap.
1567 1447 1601 1503 et
1616 1439 1790 1507 familiaris
1804 1443 1850 1508 sui

488 1545 653 1630 Amulpbi
669 1544 711 1610 de
729 1543 962 1631 Magnoponte
979 1555 988 1582 ¹
1005 1543 1039 1608 in
1056 1564 1129 1609 can.
1146 1545 1206 1608 sub
1222 1563 1297 1627 exp.
1310 1544 1401 1628 preb.
1418 1542 1508 1608 dicte
1520 1545 1613 1624 eccl,
1624 1552 1714 1610 auct.
1727 1546 1850 1612 littera-

488 1670 561 1713 rum
577 1657 824 1730 vestrarum-et
839 1649 881 1715 ad
897 1647 1047 1734 ejusdem
1062 1646 1156 1713 ducis
1171 1646 1451 1733 supplicationem
1466 1648 1603 1731 recepti,
1625 1657 1850 1734 acceptatam,

488 1752 679 1838 provisione
703 1754 745 1818 de
771 1754 843 1839 ipsa
865 1753 954 1819 sacta
977 1772 1037 1837 per
1060 1758 1276 1816 executorem
1299 1757 1424 1829 secuta,
1440 1750 1520 1815 licet
1535 1758 1672 1836 propter
1687 1751 1766 1833 hoc,
1783 1761 1850 1819 tam

487 1877 528 1920 ex
544 1865 640 1942 parte
656 1857 795 1942 capituli
810 1857 900 1924 dicte
916 1858 998 1923 eccl.
1015 1877 1116 1942 quam
1131 1854 1214 1922 dicti
1230 1852 1372 1935 Colardi,
1383 1854 1506 1920 fuerint
1517 1854 1663 1939 quedam
1686 1860 1849 1944 supplica·

485 1960 596 2025 tiones
617 1959 814 2047 interposite
827 1984 835 2041 ;
858 1960 900 2026 de
911 1961 1035 2045 quibus
1050 1959 1248 2024 militaribus
1263 1958 1393 2024 actibus
1407 1958 1556 2042 ejusdem
1573 1958 1709 2026 Colardi
1726 1962 1848 2047 poterit

486 2064 526 2130 V.
542 2064 574 2130 S.
591 2064 772 2130 clementia
794 2086 855 2151 per
877 2073 1034 2150 potentes
1050 2072 1084 2129 et
1099 2062 1229 2128 nobiles
1244 2061 1334 2127 viros
1345 2061 1436 2127 dom.
1453 2061 1617 2127 Karolum
1639 2062 1682 2129 de
1702 2056 1846 2152 Yspania

485 2177 519 2233 et
535 2167 554 2245 J
558 2169 728 2234 ohannem
743 2168 786 2233 de
802 2168 1019 2234 Claromonte
1034 2167 1068 2232 in
1085 2166 1126 2232 E.
1141 2166 1173 2232 S.
1190 2166 1358 2252 presentia
1374 2166 1586 2247 constitutos,
1601 2168 1735 2253 plenius
1751 2170 1847 2235 infor-

485 2272 567 2336 mari
583 2294 591 2351 ;
618 2272 797 2338 decernere
822 2281 857 2337 et
881 2272 1049 2338 declarare
1064 2269 1248 2355 dignemini
1264 2269 1374 2335 eidem
1389 2270 1565 2356 Amulpho
1580 2269 1623 2335 de
1636 2271 1710 2355 jure
1725 2272 1845 2353 deberi,

485 2377 538 2439 vel
570 2375 669 2441 certis
699 2376 933 2441 executoribus
962 2374 1133 2453 mandare,
1163 2373 1255 2459 quod
1285 2373 1311 2438 si
1343 2373 1503 2460 premissa
1524 2375 1567 2439 de
1592 2374 1686 2442 dicto
1702 2375 1846 2443 Colardo

483 2487 618 2543 narrata
634 2478 702 2544 sint
716 2499 806 2560 vera,
822 2480 877 2543 vel
892 2479 1004 2563 aliqua
1020 2498 1085 2563 que
1101 2476 1269 2543 sufficiant
1279 2497 1321 2542 ex
1336 2476 1473 2559 eisdem,
1489 2478 1657 2562 prefatum
1670 2478 1846 2547 Colardum

484 2582 618 2667 privent
633 2590 668 2648 et
683 2582 851 2668 privatum
867 2582 1072 2648 denuncient
1087 2584 1180 2666 preb.
1189 2581 1341 2667 predicta
1351 2581 1541 2663 summarie,
1552 2582 1750 2669 simpliciter
1762 2592 1796 2650 et
1807 2584 1845 2650 de

485 2686 597 2772 plan0,
614 2686 788 2773 ipsamque
804 2689 896 2772 preb.
906 2685 999 2752 dicto
1010 2684 1188 2771 Amulpho
1200 2694 1288 2751 auct.
1301 2692 1410 2772 apost.
1426 2685 1601 2752 conferant
1616 2694 1651 2752 et
1667 2687 1845 2773 assignent,

484 2790 696 2875 eundemque
710 2790 923 2876 Amulphum
939 2790 994 2854 vel
1009 2797 1262 2876 procuratorem
1278 2809 1384 2870 suum,
1396 2789 1439 2855 de
1454 2789 1643 2874 hujusmodi
1657 2794 1751 2876 preb.
1772 2812 1845 2857 cum

483 2894 550 2958 suis
562 2895 688 2979 juribus
706 2894 868 2961 universis
890 2903 926 2960 et
947 2892 1158 2981 pertinentiis
1173 2891 1317 2977 gaudere
1332 2892 1470 2975 saciant,
1486 2902 1521 2959 et
1537 2893 1724 2960 decernant
1739 2896 1846 2982 ipsum

484 2997 666 3065 Colardum
683 3020 740 3065 seu
756 2998 909 3083 quemvis
931 2998 1143 3064 detentorem
1168 2997 1270 3062 alium
1291 2997 1540 3077 amovendum;
1567 3018 1636 3063 non
1653 3001 1742 3064 obst.
1758 2999 1846 3085 quod

483 3102 573 3167 idem
588 3104 781 3190 Amulphus
797 3125 870 3170 can.
886 3110 921 3168 et
935 3106 1028 3189 preb.
1045 3102 1078 3167 in
1094 3103 1177 3168 eccl.
1194 3102 1226 3167 S.
1239 3100 1397 3188 Exuperii
1410 3101 1453 3167 de
1466 3101 1634 3184 Corbolio,
1647 3109 1683 3167 et
1694 3105 1845 3188 parrocb.

483 3207 565 3271 eccl.
593 3206 624 3271 S.
653 3206 831 3272 Michaelis
857 3206 899 3272 de
928 3205 1138 3284 Houtevilla,
1166 3225 1206 3270 ac
1229 3225 1321 3291 perp.
1345 3206 1462 3291 capell.
1480 3205 1513 3269 in
1530 3207 1612 3271 eccl.
1628 3209 1783 3292 parrocb.
1806 3207 1846 3273 de

483 3313 593 3390 Artra,
605 3310 774 3391 Parisien,
787 3310 945 3394 Bajocen.
958 3318 992 3374 et
1005 3309 1222 3374 Cameracen.
1234 3309 1332 3389 dioc,
1346 3309 1494 3375 noscitur
1510 3310 1662 3375 obtinere
1676 3333 1684 3389 ;
1702 3332 1845 3391 necnon,

483 3421 520 3477 ut
537 3414 707 3498 prefertur,
724 3415 757 3477 in
781 3414 852 3498 ipsa
876 3412 1093 3478 Cameracen.
1109 3413 1192 3478 eccl.
1208 3420 1363 3503 receptus
1379 3420 1429 3477 est
1446 3413 1478 3476 in
1495 3433 1569 3478 can.
1585 3415 1645 3478 sub
1662 3435 1739 3500 exp.
1755 3418 1846 3501 preb.

484 3557 527 3565 -
543 3516 761 3582 Providemus
777 3517 838 3582 sibi
853 3518 896 3582 de
911 3516 1002 3582 dicta
1016 3519 1118 3604 preb,
1131 3516 1158 3580 si
1175 3514 1327 3601 predicto
1340 3524 1399 3580 aut
1411 3516 1478 3580 alio
1490 3516 1608 3600 quovis
1619 3515 1724 3582 modo
1737 3526 1846 3596 vacat,

485 3619 615 3684 etiamsi
633 3621 729 3687 suedt
744 3642 804 3707 per
819 3642 881 3686 nos
896 3630 955 3686 aut
970 3622 1223 3707 predecessores
1237 3629 1371 3686 nostros
1383 3613 1567 3686 reservata.
1587 3620 1628 3687 R.

528 3724 606 3789 Dat.
621 3726 722 3791 Avin.
739 3729 757 3792 8
774 3726 840 3792 kal.
856 3727 937 3792 febr.
953 3734 986 3792 a⁰
1003 3734 1044 3811 5⁰.
1062 3728 1134 3812 (lo,
1152 3747 1169 3811 3
1174 3727 1236 3811 3').

538 3884 670 3970 1139·
1493 3919 1588 3984 1347,
1605 3902 1646 3965 26
1657 3899 1804 3982 Jonurer.

527 4003 628 4089 Supp.
645 4004 830 4090 capitulum
846 4006 928 4071 eccl.
944 4004 976 4070 S.
992 4003 1175 4069 Audomari
1187 4010 1222 4068 et
1233 4003 1432 4068 universitas
1451 4004 1529 4068 ville
1541 4004 1583 4070 de
1596 4004 1627 4069 S.
1639 4005 1845 4086 Audomam,

484 4103 651 4172 Morinen.
667 4108 765 4190 dioc,
776 4118 866 4193 quat.
879 4107 1005 4174 eisdem
1021 4128 1110 4193 spec.
1126 4128 1173 4192 gr.
1190 4107 1350 4173 facientes
1365 4106 1399 4169 in
1415 4126 1500 4192 pers.
1515 4107 1716 4173 venerabilis
1731 4117 1765 4173 et
1781 4108 1845 4173 dis·

483 4210 563 4273 creti
577 4211 649 4291 viri,
659 4232 747 4295 mag.
757 4210 922 4288 Johannis
936 4212 978 4277 de
989 4209 1203 4276 Wannerrua
1213 4221 1233 4291 ²,
1246 4210 1337 4277 doct.
1353 4210 1386 4274 in
1403 4211 1517 4290 theol,
1531 4210 1586 4276 off.
1602 4212 1797 4277 scolasterie
1813 4212 1846 4277 in

481 4311 632 4395 predicta
655 4315 747 4393 eccl,
772 4324 970 4380 consuetum
986 4314 1029 4380 ad
1043 4315 1329 4402 presentationem
1346 4314 1505 4400 prepositi
1523 4315 1670 4399 ejusdem
1687 4316 1770 4382 eccl.
1787 4337 1846 4402 per

481 4435 555 4500 cap.
572 4417 808 4501 supradictum,
825 4419 1025 4503 quandoque
1045 4420 1222 4500 bacalari0,
1238 4420 1438 4502 quandoque
1454 4420 1610 4500 cursari0,
1635 4428 1671 4485 et
1695 4422 1845 4503 quando·

481 4539 545 4601 que
570 4520 730 4604 magistro
754 4522 788 4585 in
814 4523 984 4607 theologia
1010 4524 1146 4608 singulis
1171 4524 1268 4589 annis
1293 4523 1460 4589 committi
1482 4544 1540 4588 seu
1561 4523 1713 4604 conferri,
1734 4523 1844 4589 eidem

480 4643 566 4708 mag.
593 4623 750 4706 Jolranni,
776 4626 832 4710 qui
860 4627 987 4692 dictum
1016 4627 1071 4693 off.
1098 4649 1159 4714 per
1183 4628 1362 4692 triennium
1393 4627 1589 4712 preteritum
1630 4627 1846 4693 laudabiliter

480 4728 638 4809 exercuit,
669 4748 796 4793 sacram
827 4729 1029 4815 Scripturam
1060 4730 1204 4815 legendo
1235 4731 1362 4797 scilicet
1393 4738 1428 4795 et
1457 4731 1584 4817 populo
1607 4732 1747 4795 verbum
1779 4730 1843 4795 Dei

479 4832 690 4918 exponendo,
722 4841 757 4897 et
787 4832 911 4898 fructus
940 4834 1100 4919 plurimos
1131 4842 1166 4898 et
1197 4836 1313 4899 uberes
1340 4835 1411 4919 jam
1435 4834 1549 4899 attulit
1573 4834 1665 4900 dicto
1689 4835 1778 4915 loc0,
1810 4843 1844 4900 et

479 4936 646 5000 uberiores
662 4944 811 5021 speratur
826 4937 971 5023 proferre
989 4938 1021 5001 in
1038 4937 1195 5020 futurum,
1208 4938 1234 5002 si
1246 4938 1278 5002 in
1291 4938 1383 5003 dicto
1396 4937 1452 5004 off.
1465 4945 1666 5024 perseveret,
1682 4937 1842 5021 quamdiu

509 5205 531 5251 l.
544 5204 606 5250 l'oir
617 5216 643 5250 n.
655 5203 694 5251 24.
706 5230 738 5237 -
751 5204 773 5251 2.
785 5203 847 5251 Voir
858 5218 883 5253 n.
896 5207 934 5264 51,
947 5206 1003 5253 233.
