4650 6059
918 839 1003 903 1346.
1029 842 1099 904 9-15
1121 843 1308 919 septembre
1723 850 1784 914 275

474 985 506 1048 S.
523 983 575 1064 B.,
591 984 782 1053 Tomacen.
805 988 904 1070 dioc,
923 988 1012 1075 [vac.
1028 992 1081 1054 vel
1098 990 1236 1077 vacat.‚]
1248 991 1341 1058 dicto
1357 993 1461 1060 Paulo
1477 994 1657 1079 dignemini
1674 999 1783 1083 provi-

462 1109 507 1152 re.
528 1129 565 1137 —
584 1087 697 1157 Fiat...
714 1092 758 1157 ad
774 1093 905 1159 coll......
920 1096 995 1159 abb.
1012 1094 1043 1159 S.
1061 1093 1150 1158 Petri
1167 1093 1363 1162 Gandensis.
1381 1096 1420 1161 R.

467 1190 543 1256 Dat.
559 1193 662 1259 Avin.
679 1196 697 1259 8
714 1194 758 1261 id.
775 1207 860 1283 sept.
875 1205 908 1262 a⁰
925 1205 966 1281 5⁰.
983 1199 997 1282 (
1007 1205 1056 1279 12,
1075 1201 1157 1283 55l).

480 1327 623 1410 1060.
1401 1352 1494 1432 1346,
1512 1370 1531 1432 9
1548 1354 1737 1437 septembre.

470 1445 566 1532 Supp.
583 1447 705 1533 Dynus
719 1448 762 1513 de
780 1448 921 1530 Urbino,
937 1450 1025 1516 decr.
1041 1450 1143 1530 (1001,
1156 1458 1191 1514 01
1207 1450 1308 1514 vestri
1324 1450 1355 1514 S.
1372 1449 1492 1516 Palatii
1510 1453 1642 1519 auditor
1655 1468 1675 1535 ¹,
1688 1464 1781 1539 quat.

461 1551 487 1613 bi
508 1550 549 1615 de
570 1571 644 1617 can.
676 1560 711 1617 et
744 1554 835 1635 preb.
859 1554 941 1619 eccl.
968 1554 999 1619 S.
1028 1553 1209 1618 Donatiani
1238 1552 1423 1638 Brugensis,
1451 1575 1524 1621 vac.
1551 1577 1611 1642 per
1636 1565 1781 1622 mortem

461 1672 514 1718 om.
530 1652 665 1720 Nicolai
681 1654 723 1720 de
739 1657 903 1740 Anagnia,
916 1658 971 1740 qui
987 1658 1021 1720 in
1037 1656 1186 1742 partibus
1202 1655 1299 1721 Italie
1314 1677 1420 1743 nuper
1435 1657 1524 1722 diem
1540 1660 1657 1725 clausit
1673 1670 1780 1726 extre-

461 1767 546 1832 rum²,
558 1756 740 1841 dignemini
753 1759 927 1845 providere
942 1783 950 1839 ;
971 1759 1055 1846 [non
1069 1759 1172 1847 obst.]
1187 1760 1276 1844 quod
1292 1761 1381 1826 idem
1398 1761 1518 1846 Dynus
1529 1763 1781 1849 archipresbite-

461 1867 534 1923 atum
548 1862 630 1926 eccl.
648 1860 777 1943 Pisane,
793 1871 828 1927 et
844 1883 916 1928 can.
933 1871 968 1928 01
983 1866 1074 1949 preb.
1090 1864 1172 1929 0001.
1190 1862 1372 1944 Urbinatis,
1389 1886 1428 1930 ac
1444 1885 1516 1931 can.
1530 1869 1589 1931 sub
1603 1888 1678 1953 exp.
1690 1870 1781 1953 preb.

461 1964 564 2029 10001.
591 1962 763 2031 Nucerina
788 1965 938 2031 obtinere
960 1976 1125 2047 noscatur,
1146 1988 1280 2033 necnon
1303 1970 1379 2034 ben.
1400 1971 1482 2035 eccl.
1507 1991 1535 2035 0.
1560 1990 1588 2035 0.
1612 1972 1666 2035 vel
1689 1992 1714 2037 s.
1742 1991 1782 2051 c.,

461 2065 528 2131 tiam
548 2068 573 2133 si
597 2067 688 2152 dign.
711 2070 765 2134 vel
788 2090 872 2155 pers.
896 2071 1027 2151 existat,
1050 2079 1085 2135 01
1108 2070 1300 2156 principalis
1322 2070 1412 2155 dign.
1435 2072 1469 2137 in
1492 2074 1574 2140 eccl.
1592 2075 1719 2159 colleg,
1747 2083 1782 2140 et

461 2168 533 2250 naj0r
545 2178 622 2255 post
638 2170 864 2257 episcopalem
880 2173 949 2237 sive
965 2174 1194 2258 pontificalem
1206 2175 1240 2239 in
1252 2175 1334 2240 eccl.
1351 2176 1495 2257 cathed,
1506 2186 1540 2243 et
1553 2177 1597 2242 ad
1609 2178 1699 2262 quod
1711 2178 1783 2262 quis

461 2274 598 2338 insuevit
623 2294 683 2359 per
710 2275 909 2340 electionem
934 2277 1067 2358 assumi,
1092 2277 1134 2342 ad
1157 2279 1395 2363 cujuscumque
1417 2300 1475 2345 seu
1498 2301 1783 2365 quorumcumque

461 2374 535 2441 ull...
557 2378 591 2441 in
616 2377 681 2443 civ.
708 2386 743 2443 et
769 2378 856 2445 dioc.
881 2381 1078 2466 Aquilegen.
1095 2390 1130 2447 et
1145 2380 1331 2446 Tridentin.
1354 2382 1503 2447 noscitur
1526 2393 1715 2468 expectare.
1741 2423 1785 2432 —

462 2474 516 2557 iat,
531 2481 555 2546 si
571 2503 641 2548 non
658 2481 702 2547 sit
716 2482 749 2547 in
765 2504 800 2547 re
816 2484 910 2548 alteri
923 2484 976 2569 jus
992 2485 1168 2568 quesitum.
1187 2483 1228 2550 R.

482 2582 549 2651 Dat.
563 2586 665 2651 Am'n.
683 2606 700 2671 5
717 2586 761 2653 id.
777 2597 861 2673 sept.
878 2595 910 2651 a⁰
927 2594 969 2671 5⁰.
987 2589 1058 2670 (12,
1078 2589 1158 2671 13').

488 2725 616 2809 1061,
1381 2738 1476 2821 1346,
1494 2757 1534 2818 15
1551 2739 1740 2824 septembre.

480 2841 569 2930 Supp.
582 2852 696 2909 vester
705 2842 808 2908 famil.
822 2841 976 2907 Galterus
991 2841 1100 2907 dictus
1116 2841 1231 2922 Gorre,
1247 2842 1438 2927 pelliparius
1453 2840 1495 2905 de
1511 2841 1540 2905 T
1542 2842 1651 2926 ongris
1663 2852 1683 2921 ³,
1700 2842 1785 2908 Leo-

461 2941 622 3029 1101111100,
635 2953 727 3031 quat.
743 2945 777 3010 in
793 2967 878 3032 pers.
894 2946 943 3011 sui
959 2946 1195 3030 consanguinei
1206 2945 1344 3011 Arnoldi
1355 2944 1397 3009 (10
1408 2943 1666 3025 Coeninkshem,
1677 2947 1784 3031 presb.

461 3043 516 3112 1010
529 3050 628 3130 dioc,
645 3069 736 3135 spec.
752 3049 813 3113 sibi
828 3069 874 3133 gr.
902 3047 1064 3113 iacientes
1080 3047 1123 3112 de
1149 3048 1300 3133 patrocli.
1328 3047 1468 3112 0001.(10
1495 3047 1674 3133 Sprimont,
1696 3048 1785 3114 dicte

461 3148 522 3231 100,
538 3175 609 3218 vac.
624 3153 714 3239 apud
730 3153 845 3218 sedem
861 3161 978 3237 apost,
992 3159 1029 3215 ut
1044 3150 1189 3215 triennio
1201 3161 1235 3215 et
1246 3151 1388 3236 amplius
1395 3152 1465 3235 jam
1479 3152 1594 3237 elapso
1609 3172 1785 3237 perperam

464 3266 601 3340 cceptata
618 3265 652 3320 et
670 3265 834 3340 occupata
851 3277 870 3319 a
887 3255 1043 3332 Johanne
1059 3255 1101 3319 de
1120 3254 1216 3340 Rupe
1227 3265 1247 3334 ⁴,
1260 3253 1349 3317 dicte
1362 3254 1458 3331 dioc,
1471 3274 1562 3318 nunc
1573 3257 1691 3339 presb,
1704 3264 1785 3319 tunc

461 3359 608 3437 0100101,
625 3359 684 3424 sed
700 3358 838 3422 inhabili
854 3369 1030 3442 acceptare
1045 3361 1121 3423 ben.
1135 3358 1217 3423 eccl.
1233 3366 1369 3442 propter
1385 3357 1672 3440 irregularitatem,
1685 3378 1785 3442 quam

461 3459 514 3526 rius
522 3464 705 3529 incurrerat
716 3462 959 3527 committendo
969 3461 1265 3546 presbitericidium
1278 3462 1310 3525 in
1320 3461 1511 3538 Jolrannem
1521 3461 1563 3526 de
1577 3461 1664 3543 Lira,
1677 3466 1784 3547 presb.

461 3558 644 3632 laneracen.
670 3566 774 3644 dioc.;
803 3587 871 3649 quo
897 3565 1072 3630 detentore
1096 3586 1153 3629 seu
1181 3574 1382 3650 occupatore
1407 3565 1583 3649 dupliciter
1607 3566 1784 3648 irregulari,

461 3667 513 3748 pia,
536 3679 717 3757 postquam
733 3669 859 3735 dictum
886 3670 1098 3735 commiserat
1115 3669 1343 3747 homicidium,
1363 3690 1397 3731 se
1421 3668 1547 3732 10011111
1565 3669 1782 3752 presbiterum

461 3776 622 3856 romoveri,
654 3778 697 3840 ab
727 3774 804 3838 inde
835 3784 975 3854 semot0,
1006 3773 1188 3858 dignemini
1217 3773 1309 3838 dicto
1335 3772 1485 3836 Arnoldo
1512 3773 1553 3836 de
1580 3773 1671 3837 dicta
1701 3775 1782 3837 eccl.

461 3879 596 3943 tondere
612 3901 620 3957 ;
644 3899 713 3942 non
736 3882 820 3942 obst.
837 3878 927 3962 quod
942 3899 1034 3963 perp.
1052 3878 1180 3962 capell„
1198 3876 1289 3960 cujus
1305 3875 1460 3952 redditus,
1478 3896 1542 3939 sec.
1559 3884 1626 3939 tax.
1642 3876 1781 3955 decime,

461 3977 521 4046 sium
546 3983 676 4048 march.
697 4003 765 4066 arg.
787 3983 935 4047 valorem
951 4002 1098 4046 annuum
1123 4001 1192 4046 non
1208 3981 1384 4060 excedunt,
1400 3980 1545 4044 noscitur
1562 3980 1722 4045 obtinere.
1739 4020 1782 4028 —

461 4074 555 4147 11111.

476 4182 543 4250 Dat.
566 4188 669 4250 Arin.
697 4205 734 4268 17
758 4185 823 4249 kal.
848 4196 914 4252 oct.
937 4198 970 4251 a⁰
995 4197 1035 4269 5⁰.
1061 4188 1133 4268 (12,
1160 4189 1226 4267 222).

483 4320 616 4404 1062.
1381 4337 1474 4418 1346,
1494 4358 1533 4417 15
1549 4341 1737 4424 septembre.

477 4434 554 4522 Sign.
578 4439 763 4518 Johannes,
780 4439 847 4504 dux
864 4438 1054 4518 Brabantie,
1072 4438 1161 4522 quod
1178 4438 1257 4502 olim
1273 4437 1362 4502 dom.
1380 4437 1581 4504 Benedictus
1597 4462 1685 4526 papa
1700 4439 1780 4520 Xll,

462 4555 504 4604 um
518 4562 590 4628 cap.
606 4563 667 4607 suo
683 4542 833 4608 Amoldo
848 4542 941 4608 dicto
958 4542 1070 4606 Rorer
1085 4542 1126 4606 de
1143 4540 1347 4607 Buscoducis
1359 4549 1378 4621 ⁵,
1392 4545 1499 4626 presb.
1513 4542 1671 4609 Leodien.
1685 4544 1781 4624 (1100,

461 4639 478 4702 le
497 4650 599 4729 presb.
620 4647 736 4732 genito
751 4655 786 4711 et
802 4648 921 4727 soluta,
939 4656 975 4711 ut
991 4647 1033 4710 ad
1050 4667 1166 4711 omnes
1182 4646 1314 4711 ordines
1329 4648 1528 4731 promoveri,
1546 4658 1580 4711 et
1596 4650 1671 4713 ben.
1688 4650 1781 4726 0001.,

461 4744 569 4815 tiamsi
586 4771 697 4816 curam
714 4751 853 4816 haberet
869 4751 1064 4829 animarum,
1082 4750 1232 4814 obtinere
1248 4751 1385 4830 valeret,
1409 4750 1596 4833 hujusmodi
1613 4772 1680 4816 non
1697 4754 1781 4816 obst.

461 4842 506 4929 101,
525 4853 754 4939 dispensavit;
782 4854 905 4919 virtute
933 4855 1025 4938 cujus
1050 4853 1307 4938 dispensationis
1332 4854 1438 4917 altare
1465 4852 1495 4917 S.
1518 4852 1566 4917 M.
1589 4854 1621 4917 in
1644 4854 1725 4919 0001.
1741 4854 1783 4918 (10
1889 4917 1890 4920 ,

461 4943 549 5035 110101,
565 4957 755 5043 Trajecten.
780 4957 877 5038 dioc,
902 4980 927 5023 s.
953 4979 992 5038 c.,
1021 4959 1113 5041 cujus
1137 4958 1261 5022 fructus
1285 4967 1400 5022 tamen
1428 4978 1596 5040 nunquam
1624 4958 1784 5042 percepit,

461 5055 540 5123 extitit
555 5069 751 5145 assequutus
767 5084 775 5140 ;
792 5061 882 5145 quod
898 5072 1016 5147 postea
1033 5083 1093 5147 pro
1108 5061 1205 5126 altari
1221 5061 1252 5125 S.
1265 5060 1410 5125 Barbare
1427 5060 1460 5124 in
1476 5061 1557 5125 eccl.
1575 5060 1605 5125 S.
1622 5059 1786 5136 Johannis

461 5185 679 5211 g—

482 5257 497 5304 l·
508 5261 559 5312 l'oir
569 5281 593 5314 u.
607 5269 661 5315 tal.
674 5294 707 5301 -
718 5269 740 5315 2.
753 5268 815 5315 Voir
826 5282 851 5316 n.
865 5270 935 5316 lusu.
948 5297 978 5302 —
991 5271 1013 5318 3.
1027 5269 1087 5315 l'oir
1099 5284 1123 5318 n.
1137 5269 1190 5325 190,
1204 5269 1258 5314 tls'n'».
1271 5293 1304 5303 -
1314 5268 1338 5315 4.
1348 5264 1411 5313 Voir
1422 5279 1447 5313 n.
1460 5266 1593 5315 320-1.
1605 5264 1667 5313 Voir
1679 5280 1703 5313 n.
1718 5268 1787 5313 1029.
