4650 6059
482 817 545 881 ass
736 789 741 798 ’
1015 813 1101 887 1849,
1124 812 1177 877 al
1194 812 1305 894 juno.

483 975 519 1032 et
535 966 689 1044 retinere,
705 972 781 1045 etc,
797 983 856 1049 per
879 962 992 1027 omnia
1015 970 1053 1027 ut
1078 982 1189 1048 supra,
1215 962 1399 1048 dignemini
1427 963 1686 1030 misericorditer
1712 964 1838 1050 dispen-

484 1091 568 1135 sare.
590 1108 634 1118 —
651 1067 727 1134 Fiat
744 1066 786 1132 R.

526 1173 607 1238 Dat.
621 1171 721 1237 Avin.
750 1170 817 1236 kal.
829 1169 901 1254 julii
918 1177 952 1235 a⁰
968 1173 1009 1235 8⁰.
1025 1169 1095 1252 (19,
1115 1170 1181 1254 69).

537 1276 834 1390 17571758.
1531 1320 1802 1405 nussum

525 1428 626 1513 Supp.
654 1425 884 1511 Engelbertus,
908 1424 1095 1511 episcopus,
1111 1431 1147 1489 et
1172 1423 1380 1489 devotissimi
1407 1424 1508 1491 vestri
1535 1432 1689 1493 oratores
1711 1425 1841 1492 vicede-

481 1551 584 1597 canus
599 1539 635 1595 et
649 1530 834 1616 capitulum
849 1527 991 1594 ecclesie
1006 1526 1180 1608 Leodien.,
1204 1534 1371 1612 quatenus
1398 1548 1475 1593 cum
1490 1549 1598 1615 nuper
1613 1528 1748 1615 Egidio,
1763 1540 1842 1596 nato

480 1634 689 1715 Theoderici,
705 1633 832 1699 domini
847 1632 891 1698 de
907 1630 1095 1717 Rupeforti,
1112 1630 1239 1713 militis,
1256 1631 1379 1698 clerico
1395 1632 1496 1719 ipsius
1523 1633 1674 1720 episcopi
1700 1655 1841 1701 consan-

480 1739 611 1824 guineo,
627 1738 683 1822 qui
699 1736 742 1802 de
766 1736 946 1821 maioribus
972 1734 1141 1802 nobilibus
1164 1735 1269 1801 totius
1294 1736 1403 1821 patn'e
1430 1734 1590 1803 Leodien.
1616 1738 1722 1803 traxit
1749 1738 1842 1824 origi·

481 1864 559 1907 nem
577 1852 671 1927 ¹,per
687 1841 795 1926 ipsum
811 1839 1016 1925 episcopum,
1040 1838 1243 1904 auctoritate
1265 1846 1452 1905 vestrarum
1474 1840 1662 1907 litterarum
1684 1842 1843 1928 apostoli·

482 1965 594 2011 carum
625 1943 751 2009 dudum
767 1942 877 2007 eidem
892 1941 1053 2027 episcopo
1078 1942 1224 2025 gratiose
1251 1962 1495 2024 concessarum,
1523 1944 1614 2029 quod
1639 1943 1683 2010 de
1710 1953 1843 2011 canet

481 2050 573 2134 preb.
589 2067 663 2112 vac.
679 2046 733 2111 vel
749 2054 858 2111 vacat.
873 2045 977 2131 ipsius
992 2044 1132 2110 ecclesie
1148 2053 1263 2131 posset
1275 2066 1419 2132 persone
1430 2046 1564 2133 ydonee
1579 2048 1769 2133 providere,
1781 2058 1842 2114 etc.

482 2151 650 2237 provisum
666 2149 764 2215 fuerit
779 2149 824 2215 de
840 2169 914 2214 can.
931 2156 965 2213 et
980 2150 1071 2233 preb.
1088 2149 1230 2215 ecclesie
1252 2148 1424 2232 Leodien.,
1439 2160 1522 2217 tunc
1536 2171 1610 2217 vac.
1626 2171 1687 2237 per
1701 2160 1842 2218 mortem

482 2253 652 2339 quondam
667 2252 832 2331 Johannis
845 2252 888 2318 de
906 2252 1074 2335 Hocxem,
1091 2253 1193 2341 ipsius
1215 2254 1356 2320 ecclesie
1380 2254 1545 2336 canonici,
1569 2255 1624 2339 qui
1642 2254 1679 2320 in
1695 2256 1842 2342 partibus

482 2357 546 2422 illis
560 2356 650 2423 diem
666 2356 787 2422 clausit
801 2363 989 2421 extremum
1004 2371 1026 2437 ²,
1043 2357 1137 2443 cujus
1167 2356 1365 2442 provisionis
1380 2364 1536 2442 pretextu
1551 2365 1603 2423 est
1618 2357 1691 2443 ipse
1707 2356 1842 2444 Egidius

481 2461 612 2526 illorum
628 2460 873 2545 possessionem
901 2460 1077 2545 pacificam
1104 2467 1286 2539 assecutus,
1313 2460 1495 2545 dignemini
1523 2460 1714 2546 hujusmodi
1736 2461 1842 2549 provi·

482 2564 611 2630 sionem
627 2571 662 2628 et
677 2583 875 2648 quecunque
890 2562 968 2629 inde
983 2572 1100 2630 secuta
1116 2562 1315 2629 confirmare
1330 2573 1367 2629 et
1382 2566 1569 2651 approbare
1581 2573 1616 2630 et
1632 2565 1717 2632 alias
1734 2568 1840 2632 valere

479 2666 660 2733 decernere
673 2690 682 2747 ;
698 2687 767 2733 non
783 2670 869 2733 obst.
882 2666 908 2732 si
924 2666 1089 2732 beneficia
1105 2666 1207 2752 ipsius
1230 2666 1403 2751 quondam
1425 2665 1592 2744 Johannis
1606 2676 1710 2735 antea
1724 2668 1840 2735 suerint

481 2779 659 2851 reservata,
685 2790 726 2836 ac
750 2772 777 2836 si
800 2778 971 2836 reservata
987 2769 1126 2834 minime
1151 2769 1351 2852 extitissent,
1375 2791 1574 2857 quacunque
1601 2773 1839 2840 constitutione

483 2875 649 2941 contraria
663 2895 732 2940 non
749 2876 847 2955 obst,
864 2894 941 2940 cum
957 2872 1112 2939 omnibus
1126 2893 1195 2938 non
1212 2876 1299 2939 obst.
1320 2911 1352 2922 -
1375 2874 1454 2940 Fiat
1471 2873 1512 2941 R.

526 3017 629 3080 1758.
646 3010 735 3076 Item
751 3011 833 3095 sign.
850 3012 881 3077 S.
898 3010 938 3076 V.
955 3010 1045 3075 idem
1060 3009 1248 3096 episcopus,
1270 3011 1361 3095 quod
1386 3011 1513 3077 dudum
1532 3031 1610 3078 curn
1637 3011 1838 3100 Engelberto

481 3118 523 3183 de
538 3118 661 3182 Altena
676 3126 696 3196 ³,
713 3136 811 3202 super
826 3115 960 3181 defectu
975 3114 1138 3179 natalium
1154 3135 1255 3199 quem
1282 3114 1409 3201 patitur
1436 3115 1479 3180 de
1504 3115 1616 3181 soluto
1638 3117 1786 3202 ¹genitus
1809 3123 1838 3181 et

482 3222 601 3300 soluta,
618 3219 708 3305 quod
724 3218 912 3302 hujusmodi
929 3239 999 3283 non
1016 3220 1102 3283 obst.
1118 3218 1262 3299 defectu,
1287 3227 1401 3304 posset
1428 3219 1471 3284 ad
1487 3219 1604 3284 omnes
1620 3220 1757 3287 ordines
1772 3241 1837 3308 pro

483 3324 620 3402 moveri,
637 3331 671 3387 et
686 3324 768 3388 eccl.
784 3325 861 3387 ben.
878 3322 982 3387 etiam
998 3343 1027 3388 c.
1045 3343 1073 3387 c.
1089 3322 1251 3403 obtinere,
1277 3323 1338 3388 fuit
1354 3323 1559 3389 auctoritate
1582 3331 1693 3409 apost.
1720 3324 1836 3391 miseri·

483 3428 627 3494 corditer
653 3427 891 3512 dispensatum,
919 3434 1076 3511 pretextu
1102 3427 1195 3511 cujus
1219 3426 1478 3512 dispensationis
1505 3426 1594 3492 idem
1622 3425 1837 3513 Engelbertus

483 3540 543 3610 est,
560 3529 761 3595 auctoritate
776 3537 962 3595 vestrarum
978 3530 1165 3594 litterarum
1182 3530 1242 3595 sibi
1258 3530 1401 3615 gratiose
1412 3549 1657 3610 concessarum,
1668 3533 1837 3598 ecclesiam

483 3635 524 3700 de
541 3632 625 3698 Lare
641 3653 671 3698 c.
688 3653 727 3712 c.,
745 3631 905 3698 Leodien.
921 3632 1021 3712 dioc,
1037 3652 1136 3717 super
1152 3653 1218 3716 qua
1235 3633 1368 3698 dubitat
1385 3632 1445 3698 sibi
1469 3632 1564 3697 litem
1590 3634 1733 3716 moveri,
1760 3654 1837 3701 asse·

481 3745 598 3816 cutus;
616 3735 785 3800 humiliter
800 3757 895 3822 supp.
913 3736 1001 3801 idem
1018 3736 1205 3821 episcopus,
1224 3746 1388 3821 quatenus
1411 3737 1503 3820 quod
1529 3735 1703 3822 predictus
1721 3737 1838 3824 Engel-

480 3843 593 3905 bertus
608 3839 713 3924 possit
728 3839 838 3904 adhuc
865 3841 927 3906 tria
953 3840 1017 3905 alia
1040 3841 1122 3905 eccl.
1138 3842 1216 3905 ben.
1243 3841 1521 3926 compassibiliter
1546 3861 1613 3905 una
1639 3861 1718 3906 cum
1746 3841 1838 3929 priori

479 3944 626 4029 recipere
642 3951 677 4008 et
691 3943 845 4023 retinere,
862 3953 896 4007 et
912 3964 952 4007 ea
966 3943 1079 4008 omnia
1094 3951 1129 4007 et
1145 3964 1261 4009 eorum
1287 3944 1471 4029 quodlibet,
1499 3945 1770 4031 quandocunque
1784 3945 1838 4011 sibi

481 4047 588 4111 visum
606 4046 712 4120 suerit,
729 4054 920 4131 permutare
935 4070 944 4125 ;
962 4054 996 4111 et
1012 4045 1103 4130 quod
1117 4045 1159 4111 de
1176 4046 1363 4130 hujusmodi
1381 4046 1514 4113 defectu
1540 4068 1610 4114 non
1636 4057 1794 4115 teneatur
1808 4050 1838 4115 in

482 4151 592 4233 aliqua
606 4150 714 4234 gratia
731 4170 791 4234 pro
808 4149 880 4235 ipso
896 4149 1107 4236 impetranda
1123 4149 1231 4215 facere
1252 4151 1461 4216 mentionem
1476 4174 1485 4232 ;
1502 4152 1644 4218 ecclesia
1659 4162 1695 4218 et
1710 4152 1839 4220 defectu

483 4253 653 4339 premissis
667 4274 735 4317 non
752 4254 970 4334 obstantibus,
987 4254 1169 4338 dignemini
1187 4275 1263 4320 cum
1291 4275 1332 4319 eo
1355 4255 1614 4321 misericorditer
1639 4256 1840 4343 dispensare.

484 4355 678 4422 —ffimR

527 4460 605 4524 Dat.
628 4459 728 4524 Avin.
753 4480 769 4543 5
795 4481 872 4525 non.
892 4459 964 4544 julii
991 4468 1024 4525 a⁰
1048 4462 1089 4525 8⁰.
1118 4461 1193 4545 (19,
1211 4463 1293 4546 90').

538 4596 675 4679 1759.
1532 4633 1628 4697 1349,
1645 4638 1664 4698 4
1676 4615 1800 4697 jmllet.

525 4715 626 4800 Supp.
655 4712 807 4800 H[ugo]‚
839 4713 929 4778 card.
956 4713 1168 4794 Tutellensis,
1193 4725 1287 4799 quat.
1318 4715 1510 4802 [capellano
1536 4721 1758 4786 commensali
1783 4738 1840 4786 suo

517 4884 536 4929 l.
549 4882 630 4930 Gilles
641 4881 673 4929 de
685 4879 921 4936 Rocbelort,donn<·v
934 4880 1029 4942 parlois
1041 4895 1139 4928 commo
1153 4880 1193 4928 fils
1204 4879 1236 4928 dc
1245 4880 1368 4939 Wunder,
1382 4883 1499 4940 seigneur
1509 4879 1542 4929 de
1549 4880 1660 4932 Heneffe
1670 4886 1698 4932 et
1709 4883 1839 4935 d'chain.

478 4961 506 5002 et
519 4952 937 5015 (1101111111(11111111111611117111.
950 4953 1003 5001 Soc.
1016 4952 1125 5003 urrlaol.
1135 4952 1166 4999 de
1179 4953 1287 5010 ,117771171
1302 4954 1362 5010 XX,
1376 4956 1442 5016 395),
1455 4958 1494 5003 ost
1504 4954 1559 5004 cite
1567 4970 1669 5006 comme
1683 4958 1840 5007 archidiacre

481 5029 513 5076 ‹le
527 5030 601 5087 Lupe
614 5030 637 5077 lo
651 5031 675 5075 ll
691 5027 749 5089 juin
763 5028 825 5074 1366
839 5027 1047 5086 (schoonbnmlt,
1065 5028 1121 5076 1111.
1140 5028 1166 5076 S.
1185 5027 1312 5076 Lambert.
1326 5028 1345 5087 l,
1359 5043 1383 5091 p.
1396 5030 1462 5089 241),
1475 5043 1574 5078 comme
1585 5032 1714 5080 cbanoine
1724 5032 1757 5081 de
1769 5031 1839 5092 Litge

477 5105 592 5153 11111301,
604 5104 671 5152 1303.
686 5103 747 5148 13111
760 5101 805 5161 (sle
818 5101 912 5157 Tbonx,
926 5100 959 5156 IL
975 5102 1130 5161 lor-103),1e
1144 5100 1281 5149 1010111111
1295 5103 1358 5150 1373
1370 5102 1485 5164 (timul.
1495 5102 1526 5151 de
1537 5103 1563 5153 S.
1576 5103 1704 5162 Lonrberi,
1717 5106 1763 5166 lv,
1776 5108 1839 5164 000).

485 5177 506 5222 11
519 5176 626 5223 succedo
638 5178 653 5221 a
665 5174 730 5222 Jeon
744 5175 847 5222 Puntior
858 5190 956 5222 comme
968 5174 1092 5223 cbanoinc
1104 5175 1256 5238 prebendier
1267 5177 1399 5225 ‹l'lncourt
1411 5176 1524 5239 (liirscb,
1537 5177 1612 5239 Koa,
1626 5180 1695 5241 ³60).
1705 5208 1738 5220 -
1748 5183 1770 5231 a.
1782 5180 1839 5228 Voir

483 5264 510 5296 n.
525 5251 591 5306 1201,
607 5249 675 5304 1490,
691 5248 759 5294 1517.
771 5274 802 5281 —
821 5248 842 5295 3.
855 5247 918 5294 Voir
930 5262 954 5295 n.
968 5249 1037 5296 1351.
