4650 6059
922 793 1010 867 1342,
1033 793 1127 857 29-30
1146 794 1257 874 juillet.
1732 800 1773 865 25

448 943 532 1005 124.
550 939 640 1005 Item
664 961 759 1027 supp.
776 949 869 1025 quat.
885 941 1015 1026 phisico
1042 962 1102 1008 suo
1127 943 1228 1009 Petro
1244 943 1375 1025 Cliasle,
1400 965 1486 1030 mag.
1510 947 1543 1011 in
1565 947 1653 1026 med.
1670 957 1705 1015 et
1720 951 1772 1015 lic.

402 1046 437 1107 in
452 1052 528 1121 art„
544 1044 673 1109 decan.
689 1053 724 1110 et
739 1047 831 1130 preb.
845 1044 888 1109 ·S.
906 1044 1090 1110 Donatiani
1107 1044 1284 1131 Brugensis
1301 1061 1321 1128 ¹,
1346 1048 1532 1115 Tomacen.
1548 1051 1645 1132 dioc.,
1660 1052 1776 1137 digne-

400 1148 482 1212 mini
499 1148 690 1233 proiidere,
706 1169 776 1246 non
793 1150 877 1213 obst.
894 1145 984 1231 quod
1000 1150 1152 1233 parroch.
1169 1152 1248 1215 eccl.
1260 1151 1304 1216 de
1316 1151 1480 1238 Vlevaing
1492 1163 1613 1220 elcan.
1630 1163 1665 1220 et
1680 1160 1775 1241 preb.

402 1252 482 1315 eccl
516 1251 561 1316 de
591 1249 752 1316 Comines
774 1259 810 1316 et
839 1250 882 1316 de
916 1249 1087 1331 Haudiou,
1118 1253 1293 1338 hospitalis
1324 1254 1345 1318 S
1376 1254 1494 1332 Jacobi
1523 1257 1566 1322 de
1595 1257 1772 1344 Wastines,

402 1354 434 1418 S.
451 1354 584 1420 Nicasii
602 1354 747 1421 Insulen.
765 1364 800 1420 et
816 1355 852 1421 B.
870 1353 917 1420 M.
934 1355 968 1421 in
986 1355 1240 1435 Hardebourch,
1268 1356 1454 1424 Tomacen.
1471 1359 1569 1441 dioc.,
1594 1371 1774 1446 perpetuas

402 1459 613 1544 capellanias
640 1459 782 1539 obtinet,
799 1459 917 1543 quibus
946 1458 1175 1546 [capellaniis]
1203 1469 1255 1525 est
1278 1463 1467 1528 renuntiare
1491 1474 1637 1548 paratus,
1658 1466 1773 1531 habita

402 1562 615 1646 possessione
630 1562 798 1629 dictorum
815 1583 889 1627 can.
906 1570 941 1627 et
958 1566 1060 1648 preb„
1077 1564 1103 1628 si
1120 1563 1159 1627 V.
1176 1565 1312 1649 placeat
1328 1566 1358 1630 S.
1378 1605 1420 1616 -
1438 1565 1515 1631 Fiat
1539 1568 1576 1631 R.

446 1701 528 1762 125.
548 1694 637 1760 Item
653 1714 748 1781 supp.
763 1703 854 1779 quat.
879 1693 1033 1760 Gilberto
1059 1692 1175 1759 Boitat
1200 1714 1270 1780 cap.
1287 1715 1348 1760 suo
1368 1695 1411 1760 de
1439 1716 1513 1761 can.
1530 1706 1564 1760 et
1580 1700 1669 1781 preb.
1687 1701 1770 1763 eccl.

401 1800 436 1864 S.
462 1799 650 1866 Salvatoris
669 1798 971 1879 Haerlebercensis,
995 1797 1291 1878 Tomacen.·dioc.,
1306 1798 1487 1883 dignemini
1503 1800 1687 1885 providere,
1704 1821 1772 1867 non

402 1908 491 1969 obst„
518 1903 611 1989 quod
641 1905 722 1969 eccl.
765 1904 795 1969 S.
821 1902 968 1969 Bavonis
997 1901 1040 1966 de
1070 1900 1174 1966 Lau'e
1204 1902 1298 1967 etin
1325 1901 1361 1966 B.
1380 1901 1427 1967 M.
1451 1924 1492 1969 ac
1518 1903 1550 1967 S.
1576 1900 1713 1969 Martini
1738 1915 1772 1969 et

401 2007 526 2074 domus
540 2009 749 2093 leprosorum
777 2006 1015 2085 Curtracensis,
1040 2005 1226 2070 Tomaceu.
1251 2005 1349 2087 dioc.,
1366 2015 1544 2091 perpetuas
1567 2000 1772 2094 capellanias

403 2111 548 2177 obtine&
565 2152 608 2163 -
632 2110 708 2178 Fiat
725 2110 765 2177 R.

451 2246 531 2305 126.
550 2238 637 2304 Item
654 2259 748 2326 supp.
765 2249 853 2323 quat
870 2241 966 2306 alteri
982 2261 1055 2327 cap.
1071 2261 1132 2305 suo
1146 2240 1317 2306 Richardo
1330 2240 1575 2307 Probilrominis
1590 2242 1633 2307 de
1649 2264 1721 2309 can.
1737 2253 1771 2309 et

407 2346 497 2427 preb.
513 2343 596 2408 eccl.
612 2343 643 2406 S.
661 2342 816 2408 Marcelli
828 2345 925 2428 juxta
943 2344 1097 2423 Parisius,
1108 2344 1289 2427 dignemini
1303 2344 1487 2428 providere,
1501 2365 1569 2410 non
1579 2349 1665 2411 obst.
1681 2348 1771 2431 quod

408 2448 560 2532 patrocli.
576 2447 657 2511 eccl.
673 2447 716 2512 de
731 2445 886 2512 l'lardslo
898 2467 938 2512 ac
954 2448 987 2512 in
1003 2447 1033 2512 S.
1049 2447 1195 2512 Ainandi
1211 2456 1246 2512 et
1262 2447 1292 2513 S.
1308 2447 1531 2513 Salvatorisin
1545 2448 1672 2533 BrugiS,
1684 2450 1770 2515 dioc.

407 2549 603 2628 'lomacen.,
619 2570 660 2615 ac
676 2550 710 2615 in
726 2550 756 2613 S.
775 2549 935 2616 Mederici
964 2550 1117 2617 Parisien.
1134 2550 1283 2615 ecclesiis
1310 2551 1512 2636 capellanias
1541 2553 1672 2618 obtinet
1698 2574 1772 2639 per-

407 2664 534 2739 petuas.
556 2694 599 2701 -
614 2652 676 2718 l'el
692 2654 736 2719 de
753 2674 823 2719 can.
840 2662 875 2718 et
889 2657 979 2740 preb.
996 2655 1078 2720 eccl.
1095 2654 1123 2717 S.
1140 2652 1160 2731 J
1163 2653 1306 2718 ohannis
1321 2652 1517 2720 Laudunen.
1534 2694 1576 2705 -
1594 2655 1670 2721 Fiat
1688 2656 1727 2722 R.

451 2799 528 2859 127.
547 2791 634 2876 Item
652 2812 747 2877 supp.
764 2800 856 2875 quat.
873 2791 891 2868 J
895 2796 1005 2858 acobo
1019 2791 1061 2857 de
1079 2792 1187 2872 l'acis,
1214 2792 1378 2877 receptori
1401 2811 1472 2868 suu,
1488 2791 1531 2856 de
1546 2794 1713 2858 decanatu
1737 2803 1770 2858 et

411 2899 496 2980 preb.
529 2897 611 2961 eccl.
627 2896 656 2959 S.
674 2895 764 2960 Petri
780 2894 991 2971 Casletensis‚
1008 2893 1172 2961 Morinen.
1189 2895 1285 2976 dioc.,
1301 2894 1484 2978 dignemini
1501 2895 1686 2980 providere,
1702 2918 1771 2962 non

411 3003 490 3064 obst.
505 2998 597 3083 quod
612 3021 684 3065 cau.
701 3010 736 3064 et
752 3003 841 3084 preb.
858 3000 938 3065 eccl.
955 2998 1163 3063 Cominensis
1179 3008 1214 3064 et
1229 3000 1384 3084 parroch.
1400 3000 1480 3066 eccl.
1498 2997 1772 3080 Belliuniensem,

411 3103 589 3168 lomaceu.
606 3114 640 3167 et
656 3106 866 3167 Attrebaten.
879 3103 987 3188 dyoe,
1014 3112 1047 3166 et
1064 3102 1234 3186 qnannlan
1261 3102 1378 3187 capell.
1403 3102 1434 3164 in
1464 3103 1544 3167 eccl.
1561 3105 1769 3167 Attrebaten.

414 3210 553 3272 nuscitur
570 3208 729 3272 obtinere.
747 3249 789 3256 -
807 3207 833 3269 1³
837 3208 883 3271 int
903 3207 941 3269 R.

452 3313 528 3377 [nt.
546 3335 601 3397 ap.
619 3312 867 3376 l'illamnuuani
887 3337 904 3395 4
923 3311 989 3375 kal.
1008 3332 1081 3390 aug.
1096 3322 1129 3373 a⁰
1151 3321 1185 3373 1⁰.
1205 3310 1247 3387 ll,
1267 3324 1333 3392 uf).

460 3442 562 3523 128.
1442 3471 1534 3533 1342,
1553 3474 1592 3531 29
1603 3451 1725 3531 jm'lll.

449 3561 546 3646 Supp.
569 3559 768 3644 Raynurdus
784 3558 908 3643 Gaytu,
925 3561 1042 3643 presb„
1060 3556 1144 3618 lilius
1173 3554 1340 3637 qumiduni
1360 3553 1478 3630 laconi
1508 3555 1619 3639 Gaytu
1637 3555 1678 3619 de
1695 3555 1769 3619 Clu-

415 3675 568 3739 :unronte,
587 3674 678 3745 quat.
695 3661 756 3725 sibi
770 3661 942 3745 providere
959 3659 1138 3741 dignemini
1157 3657 1199 3721 de
1217 3679 1292 3722 can.
1311 3661 1380 3721 sub.
1398 3680 1472 3742 exp.
1489 3662 1579 3743 preli.
1597 3661 1678 3723 eccl.
1696 3661 1770 3723 coll.

415 3766 448 3828 de
463 3767 492 3830 S.
509 3765 695 3842 ilduinum,
715 3763 878 3828 llon'nen.
895 3760 992 3840 dioc.,
1018 3783 1084 3826 non
1112 3764 1197 3825 ubst.
1215 3761 1305 3844 qnod
1322 3783 1393 3824 can.
1411 3773 1445 3824 et
1473 3766 1563 3845 preli.
1579 3762 1769 3830 Belineen..

416 3883 442 3932 et
455 3869 708 3934 Claronionten.
726 3868 855 3944 eccles„
872 3887 1003 3930 necnon
1028 3878 1062 3928 et
1079 3865 1231 3949 pannuli.
1249 3865 1330 3928 eccl.
1350 3863 1385 3927 Β.
1406 3863 1513 3927 llarie
1530 3865 1571 3927 de
1591 3864 1770 3935 Cluuianis,

363 3997 365 4004 ·
417 3970 565 4057 Bajocen.
583 3973 679 4046 dioc.,
697 3973 847 4036 obtinere
864 3980 1028 4034 noscatur.
1051 4007 1082 4015 -
1106 3968 1183 4032 Fiat
1203 3967 1239 4031 R.

449 4077 526 4142 Dat.
544 4097 599 4160 ap.
618 4076 865 4140 l'illanmovam
885 4099 902 4157 4
920 4073 986 4137 kal.
1005 4094 1077 4153 ang.
1096 4085 1129 4136 u'
1152 4084 1185 4135 1⁰.
1205 4074 1247 4148 (l,
1272 4094 1322 4135 101
1336 4090 1353 4143 l.

459 4215 1728 4306 129.1542‚5‹›jn.⁵llrl.

448 4335 548 4419 Supp.
568 4331 755 4396 Bernardus
773 4331 942 4416 Espinatz,
954 4331 1061 4413 presb.
1079 4327 1294 4391 Lernovicen.
1316 4327 1414 4405 dioc.,
1428 4327 1580 4392 ollicialis
1603 4326 1769 4409 qnomlam

419 4437 560 4502 luraneus
591 4440 669 4500 bon.
701 4457 802 4500 mein.
829 4434 918 4499 dom.
947 4431 1146 4512 (iluillelrni)
1171 4431 1271 4515 episc.
1298 4430 1326 4493 T
1329 4432 1518 4495 ornacensis
1535 4444 1554 4504 ²,
1580 4452 1668 4494 nunc
1693 4451 1772 4493 veru

420 4540 504 4606 nmil.
521 4541 639 4626 prioris
655 4542 821 4613 Alvemie,
840 4549 928 4622 quat.
946 4536 1007 4600 sibi
1032 4535 1074 4598 <le
1097 4555 1170 4599 can.
1188 4535 1216 4598 S.
1234 4534 1381 4617 caprasii
1399 4538 1573 4614 :lgennen
1590 4534 1769 4612 dignemini

421 4646 591 4724 iiruridere,
609 4647 700 4729 preb.
718 4665 798 4707 reru
813 4661 991 4706 reservare.
1009 4681 1050 4686 —
1068 4638 1093 4700 F
1097 4639 1140 4702 iat
1162 4638 1197 4700 R.

453 4748 523 4814 Dat.
542 4770 594 4834 ap.
613 4747 862 4812 l'illamnovam
883 4767 899 4828 3
916 4743 982 4809 kal.
998 4764 1069 4826 aug.
1087 4754 1119 4805 u·
1143 4754 1177 4803 1⁴¹.
1197 4739 1239 4815 ll,
1265 4749 1334 4823 105x>
1346 4760 1360 4808 l.

374 4909 380 5082 p
464 4887 565 4972 130
1443 4915 1536 4975 1542,
1554 4914 1596 4974 ju
1608 4893 1698 4971 suilli
1709 4902 1729 4953 l.

456 5003 546 5090 Supp.
565 5003 644 5066 (ldo
663 5001 705 5065 de
721 5000 894 5079 Turrione,
906 5000 1007 5064 frater·
1018 4999 1186 5062 Guillelini
1204 4999 1291 5062 duni.
1306 4998 1385 5061 (licii
1399 4999 1463 5062 luci
1477 4998 1519 5062 (le
1536 4997 1706 5075 Tuniune,
1720 4997 1772 5058 lic.

427 5112 660 5127 *—

378 5170 381 5196 ¹
451 5167 466 5210 l.
484 5168 564 5216 l'icrrc
584 5165 683 5213 l'basle.
704 5165 838 5228 prdrdtrlu
859 5166 941 5212 l'assel
964 5170 989 5211 et
1009 5165 1084 5212 chan.
1110 5164 1141 5210 ‹lc
1160 5165 1184 5211 θ’.
1206 5164 1338 5211 llinulicn.
1359 5170 1461 5210 ninnml
1483 5179 1513 5209 vn
1540 5165 1605 5209 1:350.
1629 5157 1772 5221 (llunpend.

371 5211 390 5636 Χ
430 5234 522 5287 rlrunul..
536 5241 662 5298 lli-1⁴2).
717 5242 740 5284 2.
752 5237 898 5284 (luillanme
909 5238 941 5285 ‹lc
953 5239 1109 5287 Vernadum
1122 5236 1147 5287 l·
1163 5240 1222 5284 1:333
1234 5239 1335 5297 (Bubul.
1353 5239 1368 5293 l,
1383 5241 1448 5297 51⁴3).
