4650 6059
965 786 1051 861 1842,
1075 786 1172 853 28-28
1193 790 1368 869 septembre.
1808 806 1849 870 45

481 934 730 1020 Rothomagen.
746 936 846 1017 dioc.,
862 935 1044 1020 dignemini
1060 937 1292 1021 providere-
1312 942 1366 1006 vel
1383 942 1513 1010 decan.
1530 955 1564 1013 et
1591 951 1682 1033 preb.
1706 952 1789 1017 eccl.
1817 952 1848 1019 S.

482 1037 570 1103 Petri
588 1038 784 1121 Insulensis,
801 1039 988 1106 Tomacen.
1003 1040 1091 1106 dioc.
1107 1081 1150 1091 —
1167 1040 1243 1108 Fiat
1260 1043 1300 1109 R.

524 1142 603 1207 Dat.
619 1142 723 1208 Avin.
744 1163 782 1208 10
798 1143 865 1209 kal.
882 1152 948 1209 oct.
964 1151 997 1209 a⁰
1018 1152 1056 1209 1⁰.
1074 1144 1117 1226 (l,
1136 1147 1225 1229 214).

527 1296 642 1379 216.
1445 1333 1540 1397 1312,
1557 1336 1576 1377 2
1576 1335 1597 1397 3
1615 1318 1804 1402 septembre.

522 1416 629 1501 Supp.
645 1413 828 1495 lohannes,
846 1413 985 1479 Boemie
1000 1434 1068 1495 rex,
1085 1424 1176 1498 quat.
1193 1416 1285 1500 [cler.
1302 1424 1336 1481 et
1353 1418 1531 1482 secretario
1554 1437 1614 1483 suo
1630 1418 1792 1504 Johanni]
1807 1422 1849 1487 de

481 1516 690 1582 llaehaudio
705 1516 748 1582 de
764 1537 837 1595 can,
865 1524 901 1581 et
926 1518 1018 1601 preb.
1035 1518 1117 1584 ecel.
1134 1517 1322 1584 Virdunen..
1334 1569 1353 1600 .,
1369 1520 1551 1603 dignemini
1575 1523 1762 1607 providere,
1780 1546 1848 1589 non

479 1624 567 1685 obst.
583 1620 677 1705 quod
692 1640 765 1685 can.
782 1628 817 1685 et
832 1622 925 1706 preb.
942 1621 1024 1685 eccl.
1039 1620 1081 1686 de
1098 1620 1234 1704 Lutosa,
1251 1622 1466 1689 Cameracen.
1482 1623 1579 1706 dioc.,
1595 1626 1744 1692 noscitur
1763 1628 1848 1693 obti-

480 1744 561 1788 nere
574 1738 595 1788 ¹.
612 1763 657 1773 -
673 1721 749 1788 Fiat
766 1722 806 1788 R.
1264 1788 1268 1796 ,

525 1828 605 1892 Dat.
622 1827 723 1892 Avin.
743 1847 760 1907 9
777 1825 843 1892 kal.
860 1835 927 1892 oct.
942 1834 976 1892 a⁰
995 1835 1034 1894 1⁰.
1052 1827 1095 1912 (1,
1115 1831 1205 1913 214).

532 1982 641 2064 217.
1444 2015 1540 2080 1312,
1557 2017 1596 2080 23
1614 2001 1818 2085 septembre.

524 2101 629 2186 Supp.
645 2098 774 2175 Petrus,
790 2116 848 2161 rex
859 2096 1062 2180 diagonum,
1075 2105 1166 2180 quat.
1179 2098 1271 2181 [cler.
1284 2118 1344 2163 suo
1355 2097 1542 2166 domestico
1558 2100 1720 2186 Gerardo]
1737 2101 1848 2169 Brune

480 2204 523 2268 de
540 2203 662 2289 Dyest,
679 2199 947 2280 Leodiendioc,
959 2199 1001 2265 de
1012 2220 1084 2265 can.
1095 2202 1177 2266 eccl.
1197 2201 1441 2267 Barchinonen.
1460 2203 1643 2289 dignemini
1662 2207 1847 2291 providere,

483 2308 535 2371 vel
551 2306 665 2371 eidem
680 2305 723 2371 de
738 2307 814 2369 ben.
830 2304 912 2370 eccl.
928 2305 970 2371 ad
986 2305 1062 2370 coll.
1079 2304 1273 2390 archiepisc.
1290 2313 1325 2371 et
1341 2326 1413 2392 cap.
1429 2305 1652 2374 Terraconen.
1665 2309 1794 2375 -Fiat
1808 2310 1847 2375 R.

526 2410 606 2475 Dat.
621 2409 724 2473 Avin.
742 2428 759 2488 9
776 2408 842 2472 kal.
859 2417 925 2474 oct.
941 2418 974 2475 a⁰
994 2416 1033 2473 1⁰.
1051 2408 1094 2492 (l,
1113 2410 1203 2487 218).

531 2562 642 2644 218.
1444 2598 1539 2661 1342,
1557 2596 1598 2661 27
1614 2582 1803 2665 septembre.

526 2681 629 2767 Supp.
658 2678 833 2756 Iohannes
858 2679 901 2745 de
932 2678 1122 2764 Morcamp,
1161 2680 1334 2764 burgensis
1359 2681 1438 2744 ville
1466 2683 1498 2746 S.
1529 2682 1723 2764 Audomari,
1754 2694 1846 2769 quat.

485 2784 586 2867 [fiatri
603 2805 666 2850 suo
682 2782 817 2868 Egidio]
832 2782 874 2848 de
892 2781 1099 2868 Morcamp²,
1116 2783 1158 2848 de
1175 2803 1248 2848 can.
1259 2792 1293 2849 et
1302 2787 1394 2869 preb.
1408 2785 1489 2849 eccl.
1506 2785 1537 2849 S.
1549 2787 1664 2851 Amati
1685 2788 1846 2866 Duacen,

485 2901 516 2954 et
531 2890 654 2973 capell.
668 2907 763 2973 perp.
778 2885 811 2952 S.
828 2885 927 2966 Petri,
952 2888 1016 2951 sita
1041 2887 1074 2950 in
1099 2887 1182 2951 eccl.
1207 2887 1239 2953 S.
1263 2888 1445 2952 Audomari
1467 2889 1509 2953 de
1534 2887 1672 2969 Lileriis,
1691 2893 1847 2956 1111101121-

485 3001 549 3058 ten.
564 3001 601 3057 et
618 2989 788 3057 Morinen.
804 2990 890 3056 dioc.
906 3013 914 3069 ;
932 2991 1025 3075 cujus
1041 2990 1227 3075 capellanie
1243 2990 1399 3057 fructus...
1420 2997 1457 3055 16
1474 2992 1529 3062 lib.
1547 2991 1660 3073 Paris,
1688 3014 1753 3059 sec.
1779 3002 1867 3076 tax„

486 3095 622 3174 decime,
641 3095 792 3159 valorem
807 3114 954 3157 annuum
970 3114 1039 3158 non
1066 3093 1243 3172 excedunt,
1270 3116 1343 3159 vac.
1369 3115 1428 3180 per
1455 3098 1508 3160 ob.
1536 3116 1623 3179 mag.
1654 3095 1774 3173 Jacobi
1805 3097 1846 3162 dc

489 3197 691 3283 llorcamp³,
709 3198 934 3283 predictorum
962 3198 1126 3274 Joliannis
1156 3210 1190 3262 et
1224 3199 1330 3282 ligidii
1363 3200 1479 3274 fratris,
1506 3201 1676 3283 quondam
1707 3203 1788 3267 eccl.
1814 3202 1845 3266 S.

488 3305 595 3367 linati
614 3324 699 3381 ean,
716 3304 807 3386 preb.
825 3312 858 3365 et
875 3303 993 3386 capell.
1011 3303 1236 3386 predictarum
1254 3324 1325 3387 01111.
1342 3304 1421 3367 dum
1444 3305 1526 3367 vixit
1543 3328 1550 3384 ;
1574 3306 1665 3387 cujus
1681 3307 1844 3370 beneficia

488 3409 593 3470 omnia
611 3417 691 3469 ante
708 3407 808 3491 ipsius
825 3410 888 3485 ob,
905 3407 948 3471 ad
964 3408 1242 3491 supplicationem
1259 3408 1339 3472 dicti
1355 3407 1529 3487 JohanniS,
1548 3410 1717 3474 collationi
1735 3420 1844 3475 vestre

489 3512 671 3594 specialiter
687 3511 878 3574 reservastis
892 3533 899 3588 ;
917 3531 993 3574 cum
1020 3513 1174 3574 011111111115
1195 3512 1321 3593 juribus
1346 3520 1379 3575 et
1407 3514 1618 3596 pertinentiis
1645 3515 1710 3579 suis
1735 3515 1842 3579 eidem

491 3613 602 3697 Egidio
618 3614 801 3696 dignemini
819 3614 992 3699 providere
1010 3638 1017 3693 ;
1035 3636 1101 3678 non
1120 3618 1205 3679 obst.
1223 3616 1312 3698 quod
1329 3619 1480 3699 parrocli.
1498 3619 1579 3681 eccl.
1597 3618 1628 3682 S.
1646 3617 1785 3682 Martini
1811 3620 1842 3683 in

491 3716 595 3782 lnsula
614 3719 647 3781 in
662 3718 740 3781 villa
753 3719 784 3781 S.
795 3718 1086 3798 Andomari,dicte
1109 3718 1384 3800 lllorinendioc,
1402 3722 1494 3805 cujus
1510 3722 1634 3784 fructus
1650 3729 1714 3784 etc.
1733 3725 1771 3783 26
1789 3722 1844 3785 lib.

492 3820 595 3901 Paris,
609 3843 676 3885 sec.
693 3830 760 3886 tax.
776 3822 915 3900 decime,
934 3824 1082 3887 valorem
1099 3844 1247 3887 annuum
1265 3844 1331 3887 11011
1350 3825 1528 3903 excedunt,
1558 3845 1597 3886 ac
1614 3844 1687 3886 can.
1706 3824 1787 3886 eccl.
1812 3825 1843 3888 S.

491 3925 568 3990 Petri
583 3925 776 4005 InsulensiS,
789 3924 977 3989 Toniacen.
994 3925 1091 4005 dioc.,
1104 3929 1164 3990 sub
1182 3948 1257 4012 exp.
1274 3930 1375 4011 preb,
1393 3936 1479 3991 auct.
1508 3927 1692 3990 litterarum
1721 3934 1846 3990 vestra-

490 4050 552 4093 mm
568 4030 719 4094 noscitur
735 4029 896 4093 obtinere.
913 4070 956 4076 —
973 4028 1049 4092 Fiat
1061 4038 1095 4092 et
1112 4030 1153 4092 de
1171 4051 1243 4093 can.
1261 4039 1295 4093 et
1312 4034 1403 4116 preb.
1421 4030 1451 4093 S.
1468 4030 1582 4092 Amati
1602 4029 1794 4108 Duacensis,
1812 4037 1846 4092 et

473 4131 523 4222 ¹de
539 4133 594 4197 illa
613 4133 745 4217 capella
763 4132 795 4195 111
813 4133 893 4196 eccl.
911 4133 942 4195 S.
959 4131 1141 4195 Audonari
1159 4131 1201 4195 de
1219 4131 1355 4195 Lileriis.
1376 4132 1414 4196 R.

526 4237 602 4302 Dat.
620 4237 721 4301 Avin.
736 4256 752 4319 5
770 4234 837 4300 kal.
854 4244 920 4300 oct.
938 4243 970 4299 21⁰
991 4245 1028 4298 1⁰.
1047 4234 1088 4315 (l,
1107 4256 1167 4314 219
1181 4241 1222 4314 vl.

533 4391 640 4471 219.
1444 4420 1537 4482 1312,
1556 4403 1597 4463 28
1613 4402 1803 4486 septembre.

527 4509 626 4593 Supp.
643 4506 845 4569 Galteronus
860 4504 902 4568 de
920 4503 1101 4578 Barrivilla,
1120 4503 1304 4587 Lingonen.
1321 4504 1417 4578 dioc.,
1435 4504 1515 4566 olim
1544 4504 1742 4568 camererius
1767 4505 1847 4565 bon.

491 4631 579 4676 inem.
596 4612 688 4676 dom.
707 4607 934 4692 Neapoleonis
952 4609 1038 4672 card.
1051 4621 1071 4686 ⁴,
1090 4608 1268 4671 fidelissimi
1287 4608 1383 4671 amici
1411 4608 1509 4670 vestri
1538 4608 1617 4672 dum
1645 4607 1738 4685 vixit,
1756 4614 1847 4689 quat.

492 4715 550 4794 sibi,
567 4716 623 4799 qui
640 4714 736 4778 dicto
751 4711 839 4776 dom.
857 4712 944 4776 card.
961 4712 1102 4776 fideliter
1118 4713 1219 4795 longo
1244 4720 1395 4795 tempore
1423 4711 1569 4789 servivit,
1597 4710 1638 4774 de
1665 4730 1736 4774 can.
1765 4709 1847 4772 eccl.

492 4815 678 4904 lingonen,
696 4836 736 4880 ac
752 4818 842 4900 preb.
859 4815 893 4878 in
910 4837 949 4879 ea
966 4836 1037 4879 vac.
1055 4815 1107 4877 vel
1125 4825 1243 4892 vacat,
1261 4814 1441 4897 dignemini
1459 4814 1644 4899 providere,
1675 4833 1742 4877 non
1761 4815 1846 4875 obst.

491 4924 566 5002 quod
582 4924 615 4986 in
635 4921 668 4985 S.
686 4918 803 4983 Crucis
818 4916 988 4997 Leodien,
1006 4927 1039 4981 et
1058 4917 1225 4982 Δ1111011011.
1243 4925 1263 4997 ⁵,
1281 4939 1320 4981 ac
1344 4917 1374 4981 S.
1404 4915 1531 4981 Macati
1560 4916 1601 4980 de
1630 4915 1733 4980 Barro
1749 4935 1847 4999 super

493 5068 733 5080 -d

517 5156 534 5200 l.
545 5154 650 5212 Kirscb,
665 5148 743 5206 Keil..
758 5152 1034 5211 171,223,238;.11011,
1051 5151 1104 5198 lid.
1123 5150 1195 5204 Bali,
1216 5150 1234 5206 l,
1254 5165 1278 5197 11.
1299 5152 1455 5198 1119111).-
1473 5152 1495 5197 2.
1508 5149 1606 5198 1’011·11.
1621 5150 1675 5197 168.
1688 5174 1719 5181 —
1732 5149 1753 5194 3.
1768 5145 1846 5193 Vidal

493 5229 584 5275 11611311,
600 5255 629 5261 -—
645 5228 668 5272 l.
680 5224 722 5271 Ci.
731 5237 756 5270 n.
769 5226 790 5273 l.
801 5253 831 5259 —
843 5229 865 5273 5.
878 5225 960 5282 Vidal,
974 5240 998 5273 11.
1012 5227 1065 5272 1.·13.
