4650 6059
479 771 540 836 396
994 766 1083 841 1849,
1105 766 1189 830 13-15
1208 765 1336 846 januar.

524 924 624 983 1477.
650 915 739 981 Item
762 915 853 1001 quod
878 912 1009 992 Jacobo
1033 911 1199 992 Falconis,
1226 912 1348 978 clerico
1371 912 1574 979 Ambianen.
1590 912 1692 994 dioc,
1718 916 1832 980 cantori

479 1022 606 1107 capelle
622 1041 690 1100 sue,
706 1020 749 1086 de
764 1023 841 1087 ben.
858 1019 940 1085 eccl.
956 1016 1000 1083 ad
1013 1017 1123 1083 coll...
1141 1016 1284 1083 ecclesie
1300 1015 1339 1082 B.
1366 1014 1416 1083 M.
1442 1014 1707 1099 Courtracensis,
1733 1018 1831 1104 digne·

480 1125 561 1190 mini
585 1124 776 1211 providere.

526 1279 629 1338 1478.
646 1270 776 1336 Item...
794 1278 884 1355 quat.
901 1267 1054 1334 familiari
1071 1288 1131 1332 suo
1146 1266 1287 1352 antiquo
1303 1266 1473 1333 Bemardo
1486 1267 1650 1354 Stephani
1668 1268 1828 1355 Rapnaldi,

480 1376 602 1440 clerico
618 1373 856 1440 Carcassonen.
869 1371 967 1452 dioc,
983 1370 1185 1436 beneficium
1201 1369 1334 1437 ecclad
1351 1371 1468 1436 coll...
1489 1372 1687 1438 monasterii
1697 1371 1729 1437 S.
1739 1370 1826 1436 Triui-

479 1480 560 1544 tatis
576 1477 818 1544 Fiscanensis...
841 1474 1023 1561 dignemini
1039 1495 1239 1540 reservare...
1253 1497 1261 1554 ;
1275 1494 1344 1540 non
1360 1476 1446 1540 obst.
1462 1475 1553 1561 quod
1568 1474 1720 1541 officium
1731 1474 1826 1540 matri-

480 1583 602 1648 cularie
628 1603 653 1647 0.
670 1602 699 1647 0.
726 1580 925 1647 11100018.
954 1577 1093 1645 Martini
1123 1577 1166 1643 de
1198 1578 1307 1660 Alost,
1337 1577 1553 1646 cameracen.
1574 1578 1674 1662 dioc,
1696 1579 1825 1645 noscitur

481 1686 642 1750 obtinere.
665 1725 709 1735 —
733 1684 811 1750 Fiat
828 1684 869 1749 R

524 1789 602 1853 Dat.
618 1788 719 1854 Avin.
735 1787 780 1854 id.
792 1788 924 1872 januar.
940 1794 974 1853 a⁰
991 1793 1033 1871 7⁰.
1050 1788 1118 1868 (16,
1140 1788 1243 1869 rod).

534 1932 677 2015 1479.
1495 1964 1647 2029 1349,13
1658 1945 1794 2028 anvr'er.

525 2051 627 2137 Supp.
639 2047 834 2129 Anibaldus,
857 2047 959 2133 episc.
975 2046 1194 2127 Tusculanus,
1211 2055 1305 2132 quat.
1321 2047 1448 2114 Simoni
1466 2046 1635 2130 Bonnelli,
1661 2049 1826 2135 presbitero

483 2152 810 2233 Cameracendioc,
826 2151 1002 2237 capellano
1012 2159 1049 2216 et
1064 2150 1217 2215 familiari
1233 2171 1294 2216 suo
1317 2150 1515 2232 domestico,
1530 2152 1709 2238 providere
1731 2152 1825 2238 digne·

482 2258 564 2322 mini
579 2256 622 2323 de
638 2277 711 2322 can.
727 2264 763 2321 01
776 2257 870 2341 preb.
886 2254 1026 2320 ecclesie
1043 2255 1119 2320 coll.
1137 2253 1396 2336 Rothnacensis,
1408 2253 1500 2321 dicte
1514 2254 1613 2336 dioc,
1624 2276 1701 2323 vac.
1714 2256 1826 2342 adpre·

482 2382 559 2426 sens
576 2361 609 2425 in
626 2360 717 2426 curia
731 2380 791 2446 per
805 2358 1064 2443 resignationem
1081 2357 1183 2444 ipsius
1198 2358 1348 2444 episcopi
1364 2358 1491 2425 10010111
1514 2359 1549 2423 in
1564 2360 1721 2426 manibus
1738 2360 1767 2425 S.
1777 2358 1825 2435 V.;

483 2485 551 2529 non
575 2466 661 2529 obst.
678 2463 769 2547 quod
794 2463 828 2527 in
856 2461 1096 2527 canonicatum
1123 2470 1158 2527 et
1184 2465 1277 2547 preb.
1302 2462 1384 2527 eccl.
1400 2462 1433 2527 S.
1449 2460 1627 2548 Gaugerici
1645 2461 1824 2538 Haltrensis,

482 2570 572 2634 dicte
588 2568 686 2648 dioc,
699 2568 753 2653 jus
768 2567 902 2647 habeat,
918 2566 999 2631 licet
1013 2568 1055 2631 ab
1068 2566 1137 2631 alio
1148 2565 1191 2631 de
1207 2566 1300 2632 facto
1315 2568 1472 2653 occupati
1486 2567 1698 2634 dicantur.-
1713 2562 1824 2632 Fiatll

528 2673 607 2738 Dat.
618 2672 720 2737 Avin.
737 2671 781 2738 id.
794 2671 924 2757 januar.
940 2677 973 2735 a⁰
990 2678 1032 2753 7⁰.
1050 2670 1120 2753 (16,
1141 2673 1242 2752 101l).
1794 2673 1795 2678 ’

538 2817 682 2899 1480.
1088 2834 1090 2836 '
1494 2849 1590 2913 1349,
1607 2848 1650 2911 15
1659 2828 1794 2912 ybnvier.

528 2937 615 3022 Sign.
633 2935 663 3000 S.
681 2933 720 3000 V.
738 2934 969 3019 Engelbertus,
986 2933 1162 3019 episcopus
1179 2930 1349 3013 Leodien,
1366 2931 1456 3017 quod
1471 2931 1552 2997 alias
1568 2932 1660 2999 cives
1683 2929 1823 2999 Leodien

483 3062 536 3106 000
552 3061 591 3106 00
602 3040 764 3105 nonnulle
781 3038 1043 3105 communitates
1068 3036 1246 3122 opidorum
1262 3044 1298 3101 et
1312 3036 1468 3102 villarum
1484 3034 1682 3101 Leodiensis
1696 3032 1824 3110 diocesis,

484 3144 639 3209 homines
655 3153 689 3208 et
705 3141 826 3208 subditi
843 3141 924 3208 dicti
941 3141 1091 3227 episcopi
1117 3148 1152 3204 01
1179 3139 1320 3205 ecclesie
1346 3139 1550 3219 LeodiensiS,
1568 3148 1688 3205 contra
1704 3138 1825 3205 eundem
1854 3161 1856 3168 ·

484 3248 679 3332 episcopum
696 3254 731 3309 01
746 3243 872 3309 dictam
888 3244 1076 3321 ecelesiam,
1093 3242 1225 3307 cervice
1237 3242 1427 3307 rebellionis
1437 3251 1472 3307 et
1482 3242 1712 3309 inobedientie
1727 3250 1827 3313 erecta,

486 3371 521 3414 se
537 3350 647 3414 eidem
663 3350 821 3434 episcopo
838 3356 873 3412 et
888 3347 1030 3412 ecclesie
1047 3355 1268 3432 opponentes,
1285 3347 1448 3412 nonnulla
1461 3355 1570 3411 castra
1593 3353 1628 3410 et
1643 3347 1830 3412 munitiones

488 3452 589 3536 ipsius
605 3451 753 3536 episcopi
770 3457 804 3514 01
820 3450 960 3515 ecclesie
976 3471 1077 3514 manu
1093 3448 1208 3513 hostili
1224 3448 1558 3529 diruerunt,redditus
1574 3470 1709 3535 quoque
1725 3458 1759 3516 et
1771 3468 1832 3536 pro

489 3563 611 3619 ventus
627 3574 667 3618 ac
683 3554 747 3619 alia
763 3557 853 3620 bona
877 3554 957 3619 dicti
984 3554 1133 3639 episcopi
1158 3562 1193 3617 01
1209 3553 1360 3633 ecclesie,
1382 3562 1482 3639 prout
1504 3562 1674 3639 poterant,
1687 3556 1835 3620 violenter

488 3666 669 3742 rapuerunt
684 3666 718 3721 et
734 3662 967 3723 subtraxerunt
984 3658 1145 3734 eidem,ac
1160 3656 1384 3743 alia-dampna
1399 3656 1542 3743 plurima
1552 3665 1587 3721 et
1603 3658 1740 3743 injurias
1753 3656 1838 3724 dictis

488 3763 647 3847 episcopo
659 3771 694 3827 01
710 3762 851 3827 ecclesie
867 3762 1012 3846 graviter
1028 3760 1220 3840 intulerunt,
1237 3768 1375 3846 propter
1390 3760 1481 3844 quod
1496 3760 1586 3825 idem
1602 3762 1789 3849 episcopus,
1804 3761 1840 3827 ad

486 3866 707 3932 resistendum
724 3866 827 3932 tantis
842 3866 969 3951 injuriis
984 3874 1018 3930 et
1028 3863 1199 3930 violentiis
1212 3873 1246 3929 et
1262 3865 1304 3929 ad
1320 3864 1568 3930 defendendum
1595 3864 1724 3930 dictam
1745 3865 1840 3931 eccle·

486 3971 571 4035 siam
596 3979 630 4035 et
652 3972 726 4055 jura
754 3970 913 4055 ejusdem,
939 3970 1039 4034 subiit
1065 3970 1259 4054 gravissima
1278 3955 1386 4035 011010
1412 3989 1646 4054 expensarum,
1675 3972 1842 4056 ipsumque

486 4076 634 4159 oportuit
650 4075 837 4140 necessario
862 4074 993 4139 infinita
1011 4075 1211 4139 contrahere
1238 4074 1352 4140 debita
1379 4073 1642 4160 apuddiversos
1658 4075 1842 4151 creditores

486 4179 605 4260 quibus
621 4188 671 4243 est
687 4188 824 4264 propter
838 4178 904 4243 1100
924 4179 1162 4262 ,10011101101101
1185 4179 1372 4262 obligatus;
1398 4178 1550 4244 nonnulli
1579 4178 1685 4250 etiam
1711 4199 1844 4246 consan-

486 4282 596 4365 guinei
614 4283 661 4345 sui
679 4292 712 4346 01
729 4282 838 4361 amici,
851 4282 981 4347 nobiles
996 4291 1030 4346 01
1043 4282 1109 4361 0111,
1126 4282 1188 4346 sibi
1205 4291 1239 4346 01
1256 4282 1396 4346 ecclesie
1408 4281 1443 4345 111
1455 4281 1622 4367 premissis
1638 4281 1844 4356 adherentes,

488 4396 521 4448 et
549 4386 741 4450 manuforti
771 4395 928 4471 potenter
953 4387 1146 4451 assistentes
1173 4386 1375 4451 detrimenta
1390 4392 1403 4419 ⁸
1417 4386 1530 4470 gravia
1547 4386 1579 4449 in
1596 4386 1665 4452 suis
1687 4387 1845 4452 castriset

489 4489 655 4553 fortalitiis
667 4499 701 4553 et
717 4490 789 4554 aliis
805 4490 1026 4554 eorumbonis
1036 4499 1172 4574 propter
1182 4489 1343 4574 premissa
1354 4497 1553 4576 receperunt
1565 4499 1601 4554 et
1612 4490 1845 4568 sustinuerunt,

487 4592 542 4676 qui
571 4601 707 4677 propter
734 4593 969 4678 impotentiam
986 4602 1020 4657 et
1047 4593 1268 4675 indigentiam
1293 4593 1442 4673 ejusdem
1473 4593 1621 4679 episcopi
1650 4593 1846 4678 nequeuntis

487 4695 613 4759 eisdem
627 4696 792 4760 nobilibus
808 4703 842 4760 et
858 4697 930 4761 aliis
946 4696 1133 4781 hujusmodi
1152 4698 1301 4783 dampna
1325 4698 1491 4777 resarcire,
1508 4704 1545 4761 ut
1562 4704 1709 4779 tenetur,
1727 4697 1846 4765 cotidie

487 4799 649 4864 invadunt
665 4808 699 4878 et
716 4800 874 4865 invadere
891 4801 1042 4866 nituntur
1056 4801 1182 4866 dictam
1204 4801 1380 4866 ecclesiam
1405 4809 1439 4865 et
1465 4800 1609 4887 patriam
1626 4799 1845 4869 Leodienseur

486 4903 599 4987 spoliis
615 4912 649 4967 et
680 4904 813 4988 rapinis,
840 4913 874 4968 et
901 4925 935 4968 se
963 4906 1161 4969 subtrahunt
1186 4927 1205 4970 a
1232 4906 1367 4970 servitio
1392 4914 1427 4969 01
1451 4905 1618 4990 adjutorio
1644 4906 1792 4992 episcopi
1815 4916 1846 4969 et

485 5006 625 5070 ecclesie
642 5008 830 5092 supradicte
847 5031 854 5087 ;
873 5009 1049 5092 ex-quibus
1065 5011 1184 5074 eadem
1201 5010 1342 5075 ecclesia
1359 5010 1507 5096 pluribus
1516 5010 1668 5095 subjacet
1683 5010 1844 5097 periculis,

518 5198 544 5253 n)
561 5195 616 5241 (bd,
629 5195 660 5243 dc
674 5199 793 5257 primunr.
