4650 6059
860 1161 1208 1261 raoisilsmr.
1243 1167 1453 1262 Auurtn

734 1426 791 1509 19
828 1428 928 1507 mai
969 1428 1098 1513 1344
1134 1475 1185 1484 -
1224 1429 1281 1509 18
1320 1428 1418 1509 mai
1459 1430 1586 1515 1345

531 1796 640 1879 729.
982 1796 986 1803 ¹
1174 1830 1176 1832 ’
1432 1828 1526 1892 1344,
1543 1826 1585 1891 27
1604 1810 1795 1894 septembre.

523 1915 624 2000 Supp.
641 1934 733 1979 soror
748 1914 861 1997 Agnes
878 1911 926 1977 Le
951 1912 1241 1992 Cuveliere,·tertii
1267 1912 1336 1978 ord.
1353 1911 1391 1983 Β.
1418 1910 1597 1992 Francisci,
1622 1910 1839 1977 Cameracen.

364 2064 366 2067 ι
478 2019 577 2098 dioc,
593 2037 719 2103 pauper
734 2017 862 2096 mulier,
887 2038 952 2101 que
977 2014 1115 2103 prop'ter
1137 2037 1272 2102 guerras
1295 2036 1410 2112 regum
1436 2014 1576 2081 Francie
1600 2021 1635 2079 et
1649 2015 1782 2099 Anglie,
1799 2037 1839 2081 ac

481 2122 606 2205 ignium
623 2121 778 2186 incendia
804 2121 980 2186 occasione
1006 2140 1197 2206 guerrarum
1224 2120 1382 2205 ipsarum,
1398 2117 1556 2203 quicquid
1580 2117 1613 2182 in
1630 2117 1696 2183 hoc
1711 2118 1840 2184 mundo

481 2227 626 2291 habebat
641 2225 791 2290 totaliter
818 2224 950 2302 amisit;
976 2231 1068 2308 quat.
1084 2224 1248 2308 aliquibus
1274 2222 1425 2289 discretis
1450 2222 1529 2287 viris
1551 2222 1631 2287 dare
1655 2221 1839 2307 dignemini

481 2331 599 2395 vestris
615 2331 733 2395 litteris
749 2331 783 2394 in
799 2328 976 2409 mandatis,
1004 2328 1094 2420 quod
1120 2328 1193 2414 ipsi,
1209 2329 1263 2392 vel
1288 2327 1356 2393 duo
1372 2335 1431 2394 aut
1456 2347 1541 2398 unus
1567 2346 1693 2406 eorum,
1720 2348 1781 2413 per
1805 2349 1840 2392 se

481 2436 535 2498 vel
563 2434 665 2497 alium
681 2454 738 2497 seu
760 2432 853 2511 alios,
869 2431 995 2496 saciant
1011 2431 1153 2497 eandem
1174 2432 1343 2516 Agnetem
1362 2431 1397 2495 in
1423 2430 1582 2517 hospitali
1598 2450 1784 2516 pauperum
1801 2431 1839 2496 B.

483 2536 532 2602 M.
550 2536 701 2617 11601611,
718 2520 885 2601 unacum
912 2535 1078 2600 sororibus
1104 2534 1253 2619 ejusdem
1277 2535 1379 2620 recipi
1407 2534 1441 2598 in
1466 2533 1592 2599 sociam
1618 2541 1654 2598 61
1680 2554 1839 2623 sororem,

479 2640 619 2723 sibique,
623 2640 719 2724 juxta
731 2638 832 2724 ipsius
841 2638 1015 2723 hospitalis
1027 2637 1506 2723 consuetudinem,regularem
1516 2637 1669 2703 habitum
1680 2638 1839 2716 exhiberi,

482 2753 521 2808 et·
531 2743 661 2808 sincera
677 2743 709 2807 in
727 2743 877 2807 Domino
900 2742 1038 2807 caritate
1053 2742 1198 2823 tractari,
1221 2762 1262 2807 66
1277 2741 1307 2805 61
1323 2741 1366 2807 de
1394 2742 1628 2806 communibus
1648 2740 1840 2807 fructibus...

481 2846 583 2932 ipsius
613 2845 796 2931 hospitalis,
818 2845 913 2923 ,sicut
943 2845 1001 2910 uni
1028 2867 1070 2909 ex
1094 2846 1167 2911 aliis
1191 2845 1340 2930 ejusdem
1366 2844 1540 2931 hospitalis
1566 2845 1743 2925 sororibus,
1770 2846 1841 2910 51116

480 2949 749 3039 contradictione
773 2948 883 3032 aliqua
910 2970 952 3012 ex
966 2956 1058 3014 n‘unc
1084 2949 1212 3034 integre
1239 2948 1416 3035 provideri,
1433 2956 1468 3012 61
1483 2948 1674 3033 portionem
1689 2948 1841 3014 debitam

482 3062 516 3116 et
537 3059 742 3131 consuetam,
769 3060 869 3137 prout
884 3053 957 3117 aliis
978 3052 1143 3117 sororibus
1159 3052 1308 3138 ejusdem
1324 3051 1499 3137 hospitalis
1514 3058 1566 3116 est
1582 3051 1662 3116 inibi
1672 3051 1744 3116 fieri
1762 3073 1842 3117 con·

480 3165 623 3236 suetum,
640 3156 768 3239 integre
783 3176 843 3240 per
859 3156 974 3220 omnia
990 3155 1167 3220 ministrari
1182 3178 1190 3235 ;
1209 3177 1278 3221 non
1295 3159 1380 3221 obst.
1397 3155 1648 3239 quibuscunque
1675 3156 1841 3221 statutis...

362 3282 365 3285 ⁴
484 3259 585 3343 ipsius
601 3259 776 3344 hospitalis
792 3258 977 3323 contrariis.
996 3296 1027 3306 -
1046 3257 1126 3323 Fiat
1148 3259 1183 3322 in
1200 3258 1307 3323 forma
1323 3258 1363 3323 R.

528 3362 606 3426 Dat.
623 3382 678 3447 ap.
694 3360 943 3426 Villamnovam
962 3359 1063 3449 51161.
1080 3371 1146 3427 061.
1159 3369 1194 3427 a⁰
1211 3370 1252 3445 3⁰.
1270 3363 1317 3446 (7,
1334 3362 1381 3445 4).

391 3594 394 3599 ,
536 3498 647 3583 730·
1433 3532 1528 3596 1344,
1545 3514 1587 3576 28
1606 3513 1798 3597 septembre.

429 3600 432 3606 ⁸
471 3694 472 3697 Ἴ
529 3616 618 3699 Sign.
633 3615 807 3692 Johannes
832 3614 874 3680 de
901 3614 1023 3681 Nussia
1040 3626 1058 3696 ¹,
1083 3616 1193 3682 dictus
1220 3617 1262 3683 de
1288 3616 1394 3697 Billia,
1422 3619 1530 3704 presb.
1551 3615 1728 3682 Colonien.
1744 3615 1843 3694 dioc..

480 3717 573 3802 quod
583 3720 663 3783 olim
676 3738 790 3783 secum
805 3738 903 3803 super
918 3718 982 3783 def.
992 3720 1167 3799 natalium,
1180 3741 1281 3804 quem
1296 3721 1421 3805 patitur
1435 3720 1477 3785 de
1493 3720 1697 3785 subdiacono
1711 3719 1846 3803 genitus

483 3830 517 3886 et
533 3824 651 3901 soluta,
669 3821 769 3905 quod,
785 3842 827 3886 eo
841 3841 911 3885 non
928 3824 1013 3887 obst.
1029 3821 1104 3902 det,
1121 3831 1235 3908 posset
1257 3822 1300 3888 ad
1316 3844 1434 3888 omnes
1450 3824 1582 3889 ordines
1597 3823 1788 3910 promoveri
1811 3831 1845 3887 et

484 3928 565 3990 eccl.
575 3929 652 3991 ben.
667 3926 828 4005 obtinere,
839 3925 941 3989 etiam
958 3926 983 3990 si
1000 3947 1114 3991 curam
1131 3924 1270 3991 haberet
1285 3927 1480 4008 animarum,
1503 3934 1593 3991 auct.
1609 3934 1717 4011 apost.
1733 3926 1846 3990 extitit

481 4029 714 4114 dispensatum
728 4052 736 4108 ;
753 4037 830 4113 post
846 4050 947 4112 quam
963 4030 1246 4115 dispensationem
1274 4030 1316 4096 ad
1341 4051 1458 4095 omnes
1485 4030 1618 4097 ordines
1632 4029 1696 4094 rite
1711 4050 1845 4116 promo

483 4141 546 4210 tus,
571 4132 737 4215 quandam
765 4133 918 4217 parroch.
944 4134 1026 4198 eccl.
1043 4135 1154 4198 extitit
1182 4135 1345 4199 canonice
1360 4145 1540 4215 assecutus,
1557 4154 1597 4198 ac
1612 4133 1745 4212 deinde,
1761 4135 1844 4199 eccl.

485 4234 634 4318 predicta
665 4235 810 4314 dimissa,
827 4236 933 4299 altare
965 4235 1003 4300 B.
1019 4235 1139 4312 Judoci
1169 4237 1200 4301 in
1234 4238 1316 4303 eccl.
1348 4236 1385 4302 Β.
1404 4236 1453 4303 Μ.
1478 4237 1654 4321 Aquensis,
1681 4235 1844 4300 Leodien.

481 4336 581 4414 dioc,
607 4338 671 4400 val.
689 4359 765 4402 ann.
786 4344 822 4401 16
839 4338 872 4402 fl.
888 4340 942 4402 vel
959 4340 1056 4418 61166,
1073 4341 1154 4404 61165
1180 4342 1351 4420 6611011166,
1368 4341 1430 4406 fuit
1455 4341 1596 4426 adeptus
1622 4339 1770 4422 illudque
1786 4359 1845 4424 per

484 4439 738 4521 quadriennium
754 4449 788 4503 et
804 4441 946 4526 amplius
971 4443 1118 4526 possedit
1143 4452 1178 4508 et
1203 4445 1351 4529 possidet
1374 4445 1514 4530 pacifice
1530 4452 1565 4508 et
1580 4443 1703 4527 quiete,
1718 4442 1845 4507 fructus

485 4542 671 4626 percipiens
698 4544 740 4608 de
756 4545 886 4609 eodem.
914 4545 999 4612 Cum
1025 4556 1149 4627 autem,
1166 4547 1251 4612 sicut
1276 4569 1296 4612 a
1320 4549 1435 4634 peritis
1462 4547 1627 4625 asseritur,
1654 4546 1845 4631 hujusmodi

484 4644 690 4728 dispensatio
707 4646 750 4710 ad
765 4648 892 4713 dictum
910 4651 1016 4715 altare
1042 4651 1180 4715 minime
1205 4672 1240 4715 56
1268 4653 1437 4732 extendat,
1454 4652 1561 4737 suppl.
1588 4658 1680 4734 quat.
1708 4671 1844 4715 omnem

486 4747 714 4828 inhabilitatis,
732 4749 983 4834 irregularitatis
1004 4763 1038 4818 et
1054 4754 1191 4817 infamie
1216 4755 1384 4818 maculam
1411 4755 1481 4820 sive
1504 4763 1619 4818 notam
1635 4771 1694 4838 per
1710 4772 1787 4816 eum
1804 4772 1846 4815 ex

485 4852 678 4935 receptione
703 4853 817 4918 altaris
833 4875 873 4919 ac
890 4855 1055 4921 fructuum
1080 4856 1316 4942 predictorum,
1344 4866 1402 4923 aut
1425 4858 1506 4923 alias
1532 4877 1646 4922 eorum
1666 4856 1846 4921 occasione

486 4962 708 5034 contractam,
727 4955 908 5040 dignemini
934 4968 1022 5026 auct.
1049 4970 1157 5045 apost.
1183 4961 1335 5026 totaliter
1361 4963 1494 5026 abolere
1518 4962 1693 5044 dictosque
1719 4959 1847 5024 fructus

520 5163 542 5209 1.
556 5162 703 5220 Sauerlnnd,
718 5161 808 5209 1111611.
826 5161 893 5220 sel„
908 5166 978 5211 21111.
