4650 6059
479 761 540 827 382
996 762 1083 833 1348,
1105 762 1174 823 4-11
1198 761 1324 825 octobre.

531 914 674 999 1435.
1511 929 1607 1011 1548,
1623 952 1643 1012 ,a
1661 931 1783 993 octobre.

523 1031 624 1115 Supp.
637 1029 739 1093 frater
756 1026 913 1108 Matutae,
931 1028 1032 1114 episc.
1048 1027 1346 1114 Trapesundincn,
1357 1030 1516 1115 magister
1525 1031 1558 1095 in
1574 1031 1753 1116 theologia,
1763 1032 1813 1097 ord

481 1135 518 1198 Β.
533 1133 641 1199 Marie
657 1131 699 1197 de
716 1129 838 1196 Monte
850 1130 1004 1196 Cannelo
1016 1142 1034 1211 ¹,
1046 1140 1136 1215 quat.
1147 1132 1208 1197 sibi
1220 1133 1437 1199 canonicatus
1447 1134 1681 1219 etprebendas
1691 1135 1722 1199 in
1734 1136 1814 1201 eccle·

480 1240 528 1304 sia
559 1237 746 1321 Trajecten.
777 1243 812 1299 et
833 1234 865 1300 S.
893 1234 1025 1300 Gudule
1049 1233 1284 1317 Bruxellensis,
1310 1236 1526 1303 Cameracen.
1555 1238 1655 1319 dioc,
1685 1260 1754 1305 vac.
1775 1259 1816 1325 per

480 1351 625 1407 mortem
641 1338 810 1423 quondam
827 1337 861 1403 N
864 1338 998 1424 icbolay
1013 1339 1056 1403 de
1072 1338 1324 1420 Castr0,deeani
1337 1341 1628 1427 Antu‘erpiensis2,
1642 1344 1816 1428 cnjusbene·

482 1446 556 1511 ficia
573 1445 705 1509 fuerunt
721 1449 900 1522 reservata,
917 1441 987 1506 sive
1012 1441 1094 1507 dicti
1120 1443 1341 1509 canonicatus
1364 1452 1399 1509 et
1424 1444 1596 1530 prebenda
1621 1443 1817 1511 Bruxeliensis

481 1557 686 1615 vacaverunt
702 1568 761 1633 per
776 1555 921 1612 mortem
937 1545 956 1624 J
960 1546 1101 1611 ohannis
1116 1546 1198 1612 dicti
1219 1546 1336 1628 Witte,
1364 1548 1419 1631 qui
1445 1548 1528 1613 obiit
1552 1549 1587 1613 in
1617 1547 1716 1615 Rom.
1741 1549 1817 1628 coria,

480 1663 538 1719 aut
553 1653 635 1718 alias
651 1652 940 1735 qualitercumque
966 1657 1101 1730 vacent,
1127 1649 1317 1734 hujusmodi
1344 1652 1507 1717 beneficia
1534 1652 1568 1717 in
1596 1653 1817 1730 commendam,

480 1757 588 1822 donec
604 1754 684 1820 dieti
702 1754 750 1818 sui
764 1762 822 1819 aut
838 1753 973 1819 alterius
989 1753 1202 1839 episcopatus
1218 1754 1279 1819 sibi
1296 1754 1488 1821 conserendi
1513 1756 1695 1841 pacificam
1720 1757 1818 1823 habeo

481 1860 736 1945 possessionem,
753 1856 913 1936 conterre,
929 1864 964 1921 et
987 1856 1078 1940 quod
1101 1857 1227 1922 tructus
1242 1865 1277 1921 et
1300 1866 1484 1942 proventus
1505 1880 1622 1925 eorum
1639 1860 1674 1925 in
1694 1860 1818 1927 absentia

483 1964 653 2049 percipere
669 1962 774 2047 possit
789 1960 960 2043 indulgere
975 1960 1169 2044 dignemini,
1186 1960 1355 2043 quibusvis
1371 1963 1673 2030 constitucionibus
1687 1975 1722 2030 et
1735 1963 1818 2031 omni·

483 2070 544 2130 bus
559 2066 632 2131 aliis
646 2085 714 2130 non
732 2063 953 2143 obstantibus
969 2084 1046 2129 cum
1069 2063 1226 2130 clausulis
1241 2065 1447 2150 opportunis,
1460 2067 1705 2149 executoribus,
1720 2078 1779 2133 etc.
1791 2103 1818 2117 -

486 2168 770 2234 Commendamus
785 2166 857 2232 sibi.

531 2270 617 2336 Item
634 2280 726 2355 quat.
743 2271 852 2356 ipsum
869 2269 1037 2335 Matlriam
1060 2270 1150 2355 quod
1173 2270 1322 2348 Johanni
1345 2272 1388 2338 de
1411 2273 1651 2360 Steenberghe,
1675 2276 1743 2343 ord.
1763 2274 1819 2340 Pre

486 2374 749 2455 monstratensis,
766 2374 888 2439 rectori
902 2374 1039 2460 paroch.
1056 2375 1197 2440 ecclesie
1218 2375 1261 2441 de
1285 2375 1425 2463 Nispen,
1449 2376 1611 2445 Leodien.
1626 2379 1725 2461 dioc,
1740 2396 1821 2465 nuper

486 2480 519 2543 in
536 2479 626 2544 curia
643 2477 753 2544 Roma
768 2477 938 2558 defunct0,
954 2477 1045 2544 dicta
1060 2498 1119 2543 sua
1135 2479 1278 2544 ecclesia
1293 2499 1353 2566 per
1368 2479 1533 2565 quosdam
1548 2501 1627 2547 suos
1641 2481 1821 2548 adversanos

485 2583 630 2667 spoliato
647 2582 680 2645 in
697 2580 789 2647 omni
802 2582 875 2666 jure
891 2582 986 2647 etad
1002 2601 1103 2647 omne
1109 2582 1163 2666 jus
1179 2582 1269 2667 quod
1280 2581 1342 2668 ipsi
1352 2587 1567 2671 competebat
1582 2586 1617 2650 in
1634 2585 1725 2652 dicta
1738 2584 1821 2651 eccle-

487 2686 544 2765 sia,
560 2705 775 2770 superquam
791 2685 884 2749 etde
901 2685 971 2770 ejus
987 2684 1166 2751 occasione
1185 2694 1303 2751 contra
1326 2686 1515 2772 hujusmodi
1539 2708 1617 2754 suos
1640 2686 1837 2754 adversarios!

485 2789 518 2854 in
534 2790 606 2875 ipsa
623 2788 714 2855 curia
730 2788 885 2873 litigabat
901 2810 941 2854 ac
957 2789 1059 2854 etiam
1075 2789 1109 2853 in
1133 2789 1192 2854 lite
1208 2798 1244 2855 et
1259 2787 1360 2856 causa
1376 2801 1574 2858 remanente
1590 2791 1737 2859 indecisa
1750 2801 1781 2857 et
1792 2749 1837 2880 adl

485 2901 609 2958 statum
626 2892 774 2978 ejusdem
790 2894 969 2976 subrogare
984 2900 1019 2957 et
1034 2892 1223 2976 hujusmodi
1237 2894 1290 2978 jus
1305 2894 1348 2958 ad
1363 2893 1540 2960 ecclesiam
1562 2895 1748 2982 predictam
1762 2883 1837 2986 qua-l

485 2997 704 3079 litereumque
720 3004 818 3061 vacet
836 2996 868 3060 in
884 2995 1131 3075 commendam,
1142 2994 1251 3060 donec
1261 2994 1341 3061 dicti
1358 2995 1407 3060 sui
1418 3004 1476 3061 aut
1488 2995 1624 3062 alterius
1635 2997 1837 3084 episcopam

485 3100 545 3164 sibi
563 3099 753 3164 conferendi
769 3099 943 3183 pacificam
961 3099 1084 3163 habeat
1110 3099 1365 3183 possessionem,
1388 3099 1538 3164 conferre
1553 3108 1589 3165 et
1612 3100 1704 3184 quod
1723 3100 1825 3165 fructus

486 3214 520 3267 et
537 3214 719 3288 proventus
734 3202 882 3287 ejusdem
899 3204 931 3266 iu
956 3203 1111 3268 absencia
1135 3202 1306 3288 percipere
1329 3203 1434 3289 possit
1458 3203 1629 3289 indulgere
1654 3199 1824 3290 dignemini,

486 3308 655 3391 quibusvis
672 3306 971 3372 constitucionibus
994 3314 1029 3370 et
1052 3306 1207 3371 omnibus
1222 3306 1294 3371 aliis
1314 3327 1384 3372 non
1400 3307 1610 3373 obstantibus
1632 3317 1669 3374 et
1692 3304 1825 3374 clausulis

486 3412 660 3495 oportunis
677 3431 717 3475 ae
733 3410 973 3473 executoribus.
990 3450 1033 3458 —
1048 3408 1335 3474 Commendamus
1350 3410 1422 3475 sibi.

531 3514 618 3578 Item
634 3535 729 3599 supp.
746 3522 836 3597 quat.
854 3512 914 3578 sibi
931 3522 965 3577 et
981 3512 1127 3590 Johanni
1151 3513 1244 3578 dicto
1268 3512 1458 3595 Guldeneir,
1474 3516 1635 3601 magistro
1658 3517 1692 3581 in
1716 3515 1826 3581 theolo-

485 3619 550 3701 gia,
574 3617 654 3683 dicti
680 3617 804 3683 ordinis
829 3625 863 3681 et
896 3617 986 3682 fratri
1013 3638 1073 3682 suo
1100 3618 1233 3696 cumali,
1250 3615 1398 3693 Johanni
1424 3618 1492 3682 filio
1525 3618 1656 3684 Galteri
1681 3619 1826 3692 Boudens,

488 3721 657 3787 Nicbolao
669 3721 800 3801 Crekel,
812 3720 832 3798 J
836 3721 959 3786 obarmi
977 3720 1018 3785 de
1032 3720 1236 3785 Heesnalren
1251 3721 1450 3805 presbiteris,
1464 3722 1659 3808 Gysilberto
1677 3732 1712 3789 et
1725 3724 1829 3789 Rulino

489 3827 584 3912 Raye
600 3826 765 3905 fratribus,
782 3826 910 3891 civibus
922 3824 1201 3903 Bruxellensibus,
1226 3822 1372 3900 Johanni
1393 3824 1435 3889 de
1461 3825 1693 3912 Erdemborgh
1716 3828 1829 3896 elerico,

487 3931 631 3997 Beatriei
648 3931 801 4017 priorisse
825 3931 866 3996 de
883 3928 1044 4014 Vigardis,
1067 3928 1137 3993 ord.
1162 3928 1193 3993 S.
1218 3927 1404 4010 Benedicti,
1429 3930 1604 3996 Elizabeth
1626 3932 1671 3997 de
1695 3931 1830 3998 Conden-

486 4038 620 4122 bergbe,
636 4036 773 4101 moniali
791 4036 824 4099 in
838 4034 988 4112 Forest0,
1006 4032 1153 4117 ejusdem
1167 4031 1300 4110 ordinis
1315 4031 1423 4096 Relidi
1447 4033 1489 4098 de
1505 4033 1637 4116 Costot,
1653 4035 1787 4101 domine
1798 4031 1830 4098 de

488 4140 672 4215 Bocelrout,
689 4139 791 4204 sorori
808 4136 989 4224 Gysilberti
1007 4144 1041 4200 et
1058 4135 1169 4199 Rulini
1187 4135 1422 4220 predictorum,
1430 4138 1562 4222 plenam
1580 4139 1828 4205 remissionema

486 4265 574 4328 pena
590 4253 624 4306 et
642 4243 740 4327 eulpa
757 4242 941 4307 concedere
957 4240 1150 4323 dignemini.
1166 4281 1209 4288 —
1227 4239 1301 4304 Fiat
1318 4240 1357 4305 R.

531 4348 610 4411 Dat.
627 4347 726 4410 ilrin.
743 4369 763 4429 4
780 4366 858 4410 non.
875 4354 941 4410 oet.
959 4355 992 4409 a⁰
1009 4354 1050 4427 7⁰.
1068 4346 1139 4426 (15,
1158 4352 1262 4428 εγω).

542 4483 684 4569 1436.
1494 4496 1589 4579 1348,
1608 4516 1648 4561 rr
1666 4498 1796 4561 octobre.

531 4602 666 4687 Suppl...
684 4600 880 4680 Bernartius,
897 4601 949 4664 tit.
966 4599 997 4663 S.
1015 4599 1135 4663 Ciriaci
1165 4600 1197 4662 in
1223 4599 1352 4663 'l‘ermis
1375 4602 1483 4685 presb.
1501 4599 1600 4680 card,
1626 4609 1741 4683 quat...
1767 4598 1827 4662 Bu·

488 4707 608 4771 trando
624 4705 865 4790 d’Albi,nep0ti
883 4704 1058 4770 cardinalis
1074 4704 1223 4787 ejusdem
1234 4715 1288 4783 ³,...
1306 4704 1347 4767 de
1365 4725 1437 4769 can.
1450 4711 1484 4768 et
1501 4706 1592 4788 preb.
1609 4704 1750 4770 ecclesie
1764 4701 1828 4767 Tot·-

488 4832 618 4890 nacen,
649 4810 690 4875 de
707 4810 824 4893 quibus
840 4830 899 4894 per
925 4811 978 4873 ob.
1004 4808 1174 4890 quondam
1202 4807 1392 4891 Raymundi
1420 4806 1563 4890 Rogerii,
1588 4807 1762 4873 camerarii
1783 4800 1828 4874 sui.

488 4914 576 5000 apud
593 4912 706 4977 sedem
723 4920 831 4996 apost.
848 4910 1051 4989 decedentis,
1069 4910 1237 4974 Sanctitas
1253 4910 1325 4995 ipsa
1351 4909 1532 4974 Guillelmo
1547 4908 1589 4973 de
1617 4909 1645 4974 F
1647 4931 1714 4976 uxo
1738 4907 1827 4995 primo

491 5053 740 5066 ’.ρ-..μ

522 5132 543 5175 l.
558 5128 672 5173 llntbicu
685 5127 717 5172 de
730 5126 846 5185 t'ulogne
860 5123 955 5184 creante
967 5125 1101 5172 auriliano
1113 5125 1145 5172 dc
1157 5125 1277 5171 Cambrni
1291 5124 1390 5186 (iterur
1403 5122 1562 5183 bermerenc,
1576 5125 1648 5185 1903,
1662 5139 1707 5189 pp.
1718 5116 1825 5173 mil-iiiii·

489 5226 520 5234 —-
533 5202 555 5247 2.
568 5200 629 5246 l'oir
640 5213 664 5245 n.
680 5200 748 5246 1377.
764 5199 833 5245 ibat».
846 5224 878 5235 -
890 5200 912 5245 3.
927 5198 986 5244 l'uir
999 5213 1022 5243 n.
1038 5200 1106 5247 138⁸.
