4650 6059
964 791 1051 863 1349,
1076 792 1110 853 15
1129 791 1257 871 J'anvier.
1729 800 1792 865 399

462 947 522 999 tea
541 937 746 1022 recipientes
761 946 796 1004 et
811 941 965 1006 levantes
982 939 1176 1005 firmitatem
1193 942 1226 1004 in
1243 941 1382 1007 civitate
1398 943 1550 1027 predicta
1562 949 1793 1013 excommuni-

462 1040 568 1104 tionis
585 1042 790 1106 sententiam
806 1042 972 1109 incurrere
987 1043 1094 1108 voluit
1110 1044 1184 1128 ipso
1207 1044 1307 1125 facto,
1323 1054 1424 1130 prout
1439 1046 1503 1112 hec
1526 1055 1598 1112 tam
1626 1048 1659 1113 iu
1674 1050 1794 1118 litteris

465 1143 622 1209 ostolicis
637 1165 736 1230 super
759 1146 826 1212 hoc
852 1147 1026 1227 confectis,
1053 1168 1155 1232 quam
1182 1147 1215 1211 in
1240 1168 1326 1233 pace
1347 1148 1437 1214 facta
1464 1170 1563 1236 super
1586 1151 1792 1221 dissentione

462 1247 574 1312 edicta
589 1248 722 1331 plenius
738 1251 938 1316 continetur.
955 1250 1089 1331 Verum,
1112 1259 1210 1336 pater
1231 1252 1451 1333 sanctissime,
1466 1254 1560 1338 gravi
1584 1276 1690 1341 nuper
1705 1258 1792 1324 iuter

462 1358 552 1415 ctum
578 1350 820 1436 Engelbertum
836 1355 1033 1441 episcopum
1048 1362 1083 1421 et
1106 1354 1276 1439 adjutores
1296 1355 1445 1440 ejusdem
1470 1377 1511 1421 ex
1536 1367 1631 1443 parte
1656 1379 1732 1440 una,
1757 1370 1792 1425 et

462 1454 573 1519 elatos
596 1455 689 1520 cives
713 1464 748 1523 et
772 1458 821 1523 eis
848 1459 881 1525 in
905 1460 977 1525 bac
995 1466 1091 1545 parte
1115 1459 1326 1539 adherentes
1351 1458 1558 1525 dissensione
1584 1465 1731 1543 suborta,
1756 1476 1792 1529 et

462 1578 542 1622 rerra
558 1558 636 1623 forti
664 1580 704 1626 ac
728 1561 917 1643 miserabili,
943 1562 1035 1648 pacis
1062 1563 1175 1629 emulo
1201 1572 1413 1648 procurante,
1437 1564 1562 1630 diutius
1585 1575 1680 1632 mota
1705 1568 1792 1633 inter

462 1681 526 1739 isos,
542 1660 764 1749 dampnisque
780 1665 931 1750 plurimis
946 1667 1025 1732 hinc
1041 1665 1118 1731 inde
1142 1665 1254 1747 illatis,
1279 1665 1414 1732 tandem
1431 1666 1493 1732 fuit
1516 1688 1581 1752 pax
1598 1678 1633 1735 et
1653 1691 1792 1737 concor-

462 1764 484 1827 ia
498 1764 583 1828 inter
599 1785 667 1846 eos,
684 1775 821 1833 auctore
836 1769 930 1855 pacis
946 1780 1078 1854 agente,
1102 1769 1282 1835 reformata
1296 1791 1305 1849 ;
1323 1768 1448 1853 inqua,
1477 1769 1563 1835 inter
1588 1772 1663 1850 alia,
1691 1772 1791 1838 iidem

462 1896 527 1955 res,
543 1896 604 1961 pro
620 1872 755 1959 aliquali
770 1872 983 1939 restitutione
999 1882 1034 1939 et
1056 1873 1300 1938 restauratione
1321 1871 1545 1959 dampnorum
1569 1874 1679 1941 eidem
1707 1878 1792 1963 epis-

462 1998 516 2063 opo
531 1979 665 2064 suisque
681 1976 889 2063 adjutoribus
912 1986 1038 2043 certam
1063 1997 1230 2041 summam
1247 1975 1389 2062 pecunie
1414 1976 1508 2042 dicto
1534 1978 1695 2065 episcopo
1719 2001 1791 2066 per·

463 2082 622 2147 ilrendam
645 2082 880 2168 promiserunt,
908 2080 1103 2166 quamdicti
1131 2081 1231 2161 cives,
1248 2101 1289 2145 ex
1312 2100 1430 2165 guerra
1445 2080 1596 2166 predicta
1611 2084 1790 2169 plurimum

463 2186 655 2272 epauperati,
682 2187 871 2272 persolvere
894 2192 1077 2270 nequeunt,
1102 2184 1165 2249 nisi
1192 2183 1235 2250 ad
1261 2184 1389 2250 dictam
1413 2185 1607 2250 firmitatem
1638 2186 1671 2251 iu
1698 2186 1790 2253 dicta

462 2290 564 2355 nitate
589 2289 771 2355 levandam
797 2297 994 2355 recurratur.
1031 2289 1076 2353 Et
1104 2288 1182 2372 quia
1217 2309 1280 2374 pro
1312 2288 1507 2354 defensioue
1538 2289 1667 2375 jurium
1700 2290 1790 2356 dicte

463 2394 568 2458 eclesie
594 2394 683 2459 idem
714 2393 890 2479 episcopus
921 2393 954 2456 in
981 2392 1171 2478 hujusmodi
1201 2411 1318 2476 guerra
1341 2391 1537 2477 gravissima
1564 2394 1665 2459 subiit
1688 2415 1790 2460 onera

465 2517 660 2581 rpensarnm,
677 2497 809 2581 suisque
831 2495 1014 2562 redditibus
1037 2494 1210 2581 spoliatus,
1226 2494 1340 2560 debita
1356 2495 1418 2560 sibi
1442 2496 1678 2562 intollerabilia
1701 2499 1790 2584 apud

462 2599 576 2667 lversos
592 2600 761 2666 contraxit
776 2600 969 2680 creditores,
992 2600 1104 2685 plures
1126 2619 1260 2684 quoque
1282 2598 1413 2663 nobiles
1435 2607 1471 2664 et
1497 2597 1563 2680 alii,
1589 2600 1645 2684 qui
1670 2600 1731 2665 sibi
1756 2608 1790 2665 et

462 2704 567 2769 :eclesie
583 2705 618 2768 in
634 2704 825 2789 hujusmodi
848 2724 966 2789 guerra
988 2703 1184 2784 servierunt,
1208 2711 1346 2788 propter
1368 2701 1517 2788 dampna
1538 2704 1652 2786 gravia
1675 2705 1789 2788 quein

463 2806 498 2870 uis
521 2808 646 2888 castris
662 2807 830 2872 fortalitiis
852 2815 887 2873 et
913 2807 1010 2872 bonis
1026 2806 1100 2872 aliis
1123 2813 1333 2892 receperunt,
1361 2806 1526 2871 invadunt
1552 2807 1731 2872 ecclesiam
1755 2820 1790 2871 et

462 2911 569 2975 atnam
586 2910 747 2976 Leodien.
764 2911 899 2993 cotidie,
916 2920 950 2976 et
967 2910 1127 2976 invadere
1153 2911 1306 2976 nituntur
1333 2911 1447 2996 spoliis
1473 2918 1507 2976 et
1534 2911 1667 2997 rapinis,
1696 2920 1730 2976 et
1754 2932 1789 2976 se

463 3015 626 3081 ubtrahunt
642 3036 663 3080 a
679 3016 815 3081 servitio
830 3024 865 3080 et
881 3016 1046 3100 adjutorio
1056 3015 1205 3102 episcopi
1218 3023 1253 3080 et
1262 3014 1404 3079 ecclesie
1419 3013 1655 3100 predictorum,
1671 3015 1790 3099 quibus

462 3118 574 3184 uelatus
591 3120 769 3204 episcopus
783 3120 1063 3185 restaurationem
1090 3119 1132 3184 de
1159 3119 1257 3184 dictis
1284 3117 1440 3203 dampnis
1467 3116 1576 3182 facere
1601 3119 1726 3201 nequit,
1753 3127 1789 3182 ut

463 3232 569 3304 eretur,
587 3223 650 3288 nisi
668 3223 777 3287 eidem
800 3224 961 3308 episcopo
988 3223 1030 3288 de
1054 3222 1244 3307 hujusmodi
1272 3222 1413 3307 pecunia
1439 3225 1481 3290 ab
1509 3221 1634 3287 eisdem
1662 3222 1790 3287 civibus

463 3326 593 3406 atisfiat;
614 3334 831 3411 propterque
856 3327 984 3411 prefata
1008 3326 1148 3391 ecclesia
1173 3334 1207 3390 et
1223 3334 1297 3390 tota
1324 3325 1433 3411 patria
1458 3324 1618 3390 Leodien.
1644 3325 1791 3410 pluribus

463 3430 600 3513 ubjacent
626 3428 791 3514 periculis,
815 3439 849 3494 et
874 3430 999 3513 majora
1028 3428 1250 3493 verisimiliter
1274 3428 1475 3507 discrimina,
1500 3429 1562 3493 nisi
1590 3437 1790 3505 occurratur,

462 3534 580 3619 ubseqni
600 3533 830 3599 formidantur.
854 3533 966 3616 Quare
982 3533 1148 3618 supplicat
1175 3532 1361 3598 humillime
1382 3532 1491 3597 dictus
1518 3533 1694 3618 episcopus
1710 3553 1790 3616 qna·

462 3652 532 3717 inus,
548 3638 615 3701 lrec
639 3645 674 3701 et
701 3637 766 3701 alia
792 3646 933 3722 paterna
958 3636 1227 3701 consideratione
1255 3645 1443 3720 pensantes
1472 3638 1562 3719 qnod
1583 3636 1790 3720 juramentis

462 3741 529 3822 suis,
547 3741 695 3820 statutis
707 3741 990 3821 submissionibus
1002 3740 1186 3820 sententiis,
1204 3740 1476 3823 promissionibus
1486 3748 1520 3803 et
1533 3739 1791 3821 obligationibus

462 3844 634 3930 rpradictiS,
651 3864 784 3909 necnon
802 3844 1050 3929 impedimentis
1066 3844 1137 3907 aliis
1153 3844 1417 3926 quibuscumque
1430 3862 1640 3924 nequaquam
1657 3844 1791 3905 obstan-

463 3968 522 4028 )us,
540 3948 650 4034 possit
666 3947 757 4012 dicta
774 3948 914 4012 firmitas
927 3969 1030 4031 usque
1047 3947 1089 4012 ad
1106 3968 1272 4011 summam
1288 3945 1373 4009 XL¹³¹
1385 3946 1477 4009 milia
1490 3944 1704 4008 scudatorurn
1723 3944 1790 4006 auri

475 4052 616 4117 civitate
634 4050 784 4134 predicta
801 4051 917 4115 tandin
933 4051 1035 4115 levari
1053 4071 1225 4134 quousque
1249 4050 1413 4115 duntaxat
1437 4048 1550 4112 haberi
1574 4046 1686 4111 valeat
1702 4045 1793 4110 dicta

462 4177 555 4219 mma
572 4154 782 4219 restituenda
810 4164 844 4218 et
867 4154 1089 4239 persolvenda
1114 4154 1224 4218 eidem
1240 4154 1400 4238 episcopo
1428 4152 1559 4235 suisque
1587 4149 1793 4234 adjutoribus

464 4258 637 4344 pradictiS,
659 4258 864 4342 computatis
888 4258 1042 4342 expensis
1063 4279 1145 4341 quas
1172 4279 1232 4342 pro
1259 4258 1330 4342 ipsa
1357 4255 1515 4320 firmitate
1543 4254 1731 4338 colligenda
1758 4263 1792 4317 et

462 4362 586 4426 rbenda
604 4361 674 4425 fieri
691 4362 860 4446 oportebit
876 4386 884 4441 ;
903 4363 911 4426 i
930 4383 950 4426 a
974 4362 1179 4445 quodquam
1197 4362 1265 4426 cito
1289 4362 1401 4425 levata
1417 4360 1513 4424 luerit
1536 4360 1626 4424 dicta
1650 4379 1791 4435 summa,

463 4467 538 4529 lex
562 4473 646 4527 tunc
674 4473 837 4549 perpetuo
863 4466 964 4551 recipi
990 4466 1110 4530 debeat
1139 4466 1225 4529 ultra
1257 4486 1342 4544 eam,
1368 4463 1562 4549 dignemini,
1590 4462 1792 4527 auctoritate

462 4568 627 4645 ›ostolica,
651 4589 727 4631 cum
751 4569 905 4633 omnibus
928 4591 1069 4652 quorum
1092 4570 1229 4633 interest
1251 4569 1507 4634 misericorditer
1533 4568 1733 4651 dispensare.
1750 4604 1792 4614 -

463 4672 506 4736 iat
522 4691 629 4754 usque
645 4671 689 4735 ad
704 4671 829 4736 dictam
847 4672 1013 4737 summanr
1030 4674 1072 4737 ad
1089 4674 1193 4738 instar
1208 4672 1288 4737 dicti
1305 4672 1547 4757 predecessoris
1565 4670 1680 4734 nostri.
1699 4668 1735 4731 R.

476 4773 552 4838 Dat.
570 4774 670 4839 Avin.
692 4777 727 4838 18
745 4774 809 4839 kal.
828 4776 906 4841 l'ebr.
924 4785 956 4841 a⁰
974 4787 1014 4860 7⁰.
1031 4781 1098 4860 (16,
1121 4798 1178 4860 104
1195 4799 1203 4854 ;
1223 4783 1273 4857 17,
1296 4779 1395 4858 198‘).

490 4913 796 4998 1483-1484.
1442 4941 1537 5006 &ab
1554 4918 1749 5000 15J'anvzer.

486 5029 577 5116 Supp.
594 5030 715 5112 Guid0,
738 5031 791 5097 tit.
809 5033 839 5098 S.
857 5032 981 5097 Cecilie
1009 5034 1116 5117 presb.
1142 5030 1241 5106 card,
1271 5035 1360 5110 quat.
1386 5023 1559 5166 Dalmatpo
1585 5022 1760 5116 lamberti
1776 5033 1797 5102 ¹,

465 5164 698 5182 *—

487 5233 564 5282 run
576 5252 600 5284 n.
615 5240 665 5297 153,
682 5240 749 5297 1197,
765 5243 832 5287 rano.
