4650 6059
787 843 795 860 ·
912 768 1001 844 1842,
1022 767 1114 833 10-15
1135 768 1265 834 octobre.
1726 777 1769 842 58

417 913 495 998 den]
508 911 681 982 Morinen.
704 915 804 999 dioc„
827 916 871 983 de
893 935 966 982 ean.
989 917 1071 983 eccl.
1087 915 1120 981 S.
1136 914 1324 1002 walburgis
1339 915 1529 1000 Furnensis,
1541 920 1644 1005 ejusd.
1668 922 1767 1005 dioc.

415 1015 579 1104 dignernini
594 1019 787 1106 providere,
802 1027 839 1086 et
853 1022 945 1106 preb.
967 1039 1147 1085 reservare.
1161 1059 1206 1069 -
1221 1018 1298 1086 Fiat
1313 1018 1355 1087 R.

449 1119 522 1188 bat
535 1122 642 1190 Avin.
658 1143 740 1190 non.
756 1131 824 1192 oct.
839 1131 874 1191 a⁰
892 1130 932 1191 1⁰.
948 1121 993 1208 (1,
1011 1122 1101 1208 ²50)-

453 1273 564 1358 266.
1415 1311 1511 1377 1342,
1528 1314 1570 1358 ιο
1585 1297 1723 1364 octobre.

446 1389 764 1480 snpp.Gume1mus
777 1389 821 1458 de
836 1389 1015 1458 villaribus
1036 1390 1144 1472 miles,
1161 1411 1250 1478 mag.
1265 1400 1493 1478 requestarum
1519 1397 1655 1484 hospitii
1676 1398 1767 1466 dom.
1862 1394 1866 1401 ’

413 1493 485 1582 regis
508 1493 666 1578 Francie,
690 1503 781 1580 quat.
800 1493 965 1583 [Jobanni
989 1494 1139 1577 Aliermi,
1163 1493 1259 1583 cler]
1278 1493 1446 1563 Morinen.
1462 1498 1560 1581 dioc..
1574 1499 1618 1566 de
1643 1521 1717 1569 can.
1733 1511 1768 1568 et

412 1599 491 1686 {reb
505 1597 592 1666 eccl.
609 1595 816 1666 Noviomen.
831 1597 1013 1684 dignemini
1025 1597 1265 1685 providere.—
1280 1598 1356 1666 Fiat
1370 1600 1413 1667 de
1429 1621 1503 1670 can.
1512 1605 1572 1670 sub
1587 1625 1663 1692 exp.
1675 1606 1768 1692 preb.

412 1697 532 1768 hebel.
549 1699 728 1783 Fumensi,
745 1699 912 1769 Morinen.
927 1701 1015 1770 dioc.
1032 1700 1073 1769 R.
1189 1767 1194 1776 .

445 1801 522 1870 Dat.
537 1803 643 1870 Avin.
661 1809 680 1870 6
699 1804 743 1872 id.
759 1813 826 1873 oct.
842 1811 876 1873 a⁰
895 1813 934 1872 1⁰.
951 1804 996 1891 (1,
1014 1806 1120 1892 250').

451 1959 565 2040 247.
1416 1995 1513 2060 1342,
1532 1996 1568 2041 rr
1587 1977 1725 2043 octobre.

398 2161 400 2170 Ι
445 2075 546 2164 Supp.
564 2073 732 2142 Nicolaus
748 2073 886 2142 Martini
898 2088 919 2158 ¹,
936 2073 1077 2142 Remen.
1092 2075 1288 2161 dioc.,quat.
1303 2076 1365 2143 srbi
1380 2077 1423 2144 de
1438 2098 1513 2146 can.
1528 2087 1564 2146 et
1578 2082 1671 2166 preb.
1685 2079 1769 2145 eccl.

415 2177 567 2248 &Crucis
591 2177 766 2263 Leodien.,
781 2199 855 2248 vac.
870 2199 930 2266 per
955 2179 1193 2247 demissionem
1217 2180 1309 2247 dom.
1324 2173 1489 2259 johannis
1515 2181 1559 2248 de
1585 2181 1736 2250 Nucerio
1746 2191 1768 2264 ¹,

416 2283 629 2352 ndridiaconi
660 2281 832 2367 Leodien.,
861 2283 1046 2369 dignemini
1085 2291 1183 2350 motu
1222 2284 1358 2370 proprio
1396 2275 1582 2371 providere.
1611 2326 1655 2338 -
1693 2284 1770 2352 Fiat

416 2387 662 2476 unbrproprio.
679 2385 720 2455 R.

364 2571 369 2576 ¹
449 2489 523 2558 Det.
538 2491 646 2558 Avin.
663 2511 682 2578 5
698 2492 742 2559 id.
757 2498 826 2559 oet.
840 2499 874 2560 a⁰
894 2499 933 2558 1⁰.
950 2490 995 2578 (1,
1013 2492 1118 2577 251').

366 2707 375 2733 -,
406 2685 408 2690 ·
452 2643 569 2730 248.
1420 2680 1516 2745 1342,
1532 2681 1573 2726 12
1589 2661 1728 2727 octobre.

363 2775 378 2794 ··
446 2759 538 2845 Can„
563 2763 660 2849 preb.
685 2769 720 2828 et
743 2761 1063 2844 archidiaconatum,
1079 2782 1165 2848 quos
1188 2782 1276 2849 mag.
1296 2762 1501 2850 [Stephanus
1515 2763 1558 2830 de
1581 2761 1771 2846 Mulseone,

418 2863 465 2951 bg.
498 2865 608 2947 doct„
639 2884 713 2952 oep.
742 2865 881 2950 noster}
909 2865 944 2930 in
975 2863 1191 2932 cameracen.
1221 2867 1330 2934 eccl.³
1355 2866 1540 2949 obtinebat,
1571 2866 1772 2933 conferimus

416 2967 579 3057 Stephano
585 2981 608 3052 ⁴,
624 2969 678 3037 tit.
692 2967 749 3036 SS.
765 2967 785 3048 J
788 2969 930 3037 ohannis
943 2976 981 3035 et
995 2967 1089 3035 Pauli
1104 2971 1216 3056 presb.
1227 2969 1320 3037 card.
1334 3010 1379 3020 -
1394 2968 1471 3035 Fiat
1491 2968 1533 3037 R.

448 3073 525 3141 bat.
542 3074 648 3140 Avin.
663 3097 684 3159 4
700 3074 744 3141 id.
760 3081 827 3141 oct.
842 3081 877 3140 a⁰
896 3081 935 3139 1⁰.
952 3070 996 3157 (1,
1015 3092 1077 3157 254
1088 3073 1131 3157 ¹).
1470 3063 1474 3069 ⁴

451 3224 572 3308 249.
1420 3260 1515 3324 1342,
1533 3261 1573 3304 12
1589 3240 1727 3304 octobre.

445 3344 552 3430 Supp.
570 3341 753 3427 Margarita
768 3342 810 3407 de
826 3341 1007 3423 Borbonio,
1023 3342 1159 3408 domina
1175 3343 1217 3408 de
1233 3343 1373 3424 SoliacO,
1395 3352 1485 3428 quat.
1502 3344 1588 3429 [cap.
1604 3365 1665 3409 suo
1680 3364 1771 3409 com-

363 3495 367 3528 ;
407 3469 508 3515 mens.
526 3447 646 3531 Petro]
661 3445 704 3513 de
719 3448 919 3527 Suavicuria,
935 3447 1135 3512 Ambianen.
1152 3446 1249 3527 dioc.,
1262 3447 1304 3512 de
1319 3449 1395 3513 ben.
1413 3448 1494 3513 eccl.
1504 3447 1547 3512 ad
1559 3449 1634 3512 coll.
1645 3448 1770 3512 archie-

363 3535 369 3622 Ι
407 3554 484 3638 pise.
500 3562 539 3618 et
556 3572 631 3638 (ap.
646 3550 787 3617 Remen.
802 3552 986 3637 dignemini
1002 3551 1187 3637 providere,
1203 3570 1273 3615 non
1290 3552 1372 3615 obst.
1398 3550 1488 3633 quod
1513 3551 1594 3615 eccl.
1618 3550 1770 3635 parroch.

410 3653 483 3742 [de]
504 3654 661 3720 Stalhille
676 3654 710 3718 in
728 3653 893 3734 Fiandria‚
909 3654 1096 3720 Tornacen.
1112 3655 1209 3734 dion,
1226 3662 1260 3718 et
1276 3655 1370 3719 litem
1385 3654 1519 3719 abbatie
1534 3675 1592 3719 seu
1618 3653 1770 3739 parroclr.

406 3760 485 3824 ecci.
502 3758 691 3842 Sanegosse
707 3759 829 3823 veteris
844 3759 879 3822 in
903 3757 1065 3838 Navarra,
1082 3758 1314 3844 Pampilonen.
1330 3757 1427 3838 dioc„
1443 3757 1591 3823 noscitur
1607 3757 1768 3821 obtinere.

408 3861 542 3927 -Fiat
559 3861 603 3926 R.

450 3966 529 4031 Dat.
545 3966 648 4030 Avin.
664 3989 684 4049 4
701 3964 743 4030 id.
760 3974 827 4031 oct.
843 3975 876 4031 a⁰
897 3974 935 4031 1⁰.
953 3965 997 4050 (1,
1010 3968 1099 4050 258).

455 4118 573 4202 250.
1420 4147 1515 4212 1342,
1532 4147 1573 4207 15
1589 4127 1726 4191 octobre.

449 4237 503 4303 Ad
530 4234 812 4323 supplicationem
839 4236 975 4322 capituli
1003 4235 1085 4301 eccl.
1111 4233 1141 4298 S.
1168 4232 1350 4299 Donatiani
1375 4230 1553 4315 Brugeusis
1577 4228 1771 4315 providetur

411 4339 553 4417 Jobanni
580 4339 673 4406 dicto
698 4338 836 4420 Pachin,
852 4341 961 4425 presb.
976 4349 998 4420 ²,
1016 4359 1116 4403 unam
1132 4337 1336 4424 prebendam
1352 4336 1474 4401 modici
1492 4332 1614 4400 valoris
1629 4333 1663 4397 in
1679 4333 1769 4400 dicta

363 4491 364 4532 ἦ
413 4447 487 4511 eccl.
503 4442 683 4524 obtinenti,
699 4442 831 4509 decan.
847 4445 908 4508 sub
923 4464 999 4528 exp.
1025 4443 1183 4508 videlicet
1208 4441 1342 4525 majoris
1358 4440 1391 4503 in
1407 4440 1497 4505 dicta
1520 4440 1601 4503 eccl.
1617 4438 1769 4523 proxime

363 4543 366 4584 ³
414 4545 585 4615 racature.'

451 4652 527 4718 Dat.
542 4652 644 4717 Avin.
661 4649 705 4716 id.
722 4657 788 4716 oct.
804 4657 837 4715 a⁰
857 4658 895 4715 1⁰.
913 4649 956 4733 (1,
974 4652 1064 4735 261).

363 4611 366 4692 i

363 4751 365 4796 i

363 4799 367 4892 i
440 4843 466 4894 a)
477 4842 577 4889 Suimit
589 4840 614 4888 lu
626 4845 683 4886 mot
694 4839 813 4886 canonico
822 4838 900 4899 qu'on
912 4853 928 4887 a
941 4838 1009 4886 bibe.

363 4919 366 4942 t

446 5051 463 5097 1.
475 5049 534 5098 Voir
545 5064 570 5099 n
583 5051 608 5096 6.
620 5075 652 5082 --
674 5049 696 5095 2.
718 5045 883 5094 Arcirid'acre
900 5044 933 5092 do
951 5044 1069 5106 Hmbuye
1081 5061 1087 5100 ;
1098 5044 1132 5093 cf.
1145 5043 1227 5098 vital,
1246 5058 1270 5091 n.
1291 5045 1354 5112 323:
1374 5042 1472 5099 Kirscb,
1491 5039 1566 5097 Kotl„
1584 5042 1638 5096 266,
1657 5041 1721 5093 rost
1738 5038 1771 5086 de

421 5122 501 5180 ibera.
520 5123 555 5182 11,
572 5124 606 5170 66
622 5136 628 5178 3
649 5118 777 5176 Puncelet,
799 5118 876 5179 Riese,
895 5120 950 5166 299.
963 5146 994 5151 —
1014 5120 1036 5167 3.
1051 5118 1111 5165 Voir
1122 5132 1147 5166 n.
1158 5120 1198 5166 bl.
1211 5145 1243 5150 —
1254 5118 1277 5165 4.
1289 5117 1402 5163 Etienne
1413 5115 1521 5175 Aiberti,
1534 5113 1574 5161 bv.
1585 5113 1617 5160 de
1630 5113 1770 5170 clermont,

420 5195 478 5244 tani.
493 5197 515 5246 le
531 5199 563 5245 20
574 5199 643 5258 sept.
657 5194 722 5240 13⁴2
734 5191 835 5252 (Eubel,
848 5192 868 5250 1,
883 5193 919 5250 17,
933 5192 982 5249 il).
