4650 6059
948 783 1036 864 1350,
1060 784 1101 847 30
1119 780 1248 863 janvier.
1718 784 1774 848 491

414 934 494 999 alias
510 932 663 1015 Cantele,
679 925 872 999 thesaurarii
889 939 923 997 et
939 931 1094 998 canonici
1121 929 1319 1017 prebendati
1334 930 1425 996 dicte
1441 931 1593 1011 ecclesie,
1610 932 1665 1015 qui
1682 939 1775 996 extra

415 1037 514 1103 Rom.
536 1037 661 1103 curiam
691 1038 781 1103 diem
811 1036 930 1102 clausit
953 1043 1153 1115 extremum,
1182 1033 1292 1099 eidem
1323 1035 1455 1100 collatis
1479 1055 1538 1120 per
1569 1034 1775 1120 prepositum

413 1149 641 1206 memoratum
656 1163 665 1221 ;
682 1149 717 1206 et
732 1161 810 1206 cum
825 1139 980 1206 omnibus
990 1160 1059 1205 non
1076 1141 1173 1219 obst,
1186 1146 1222 1203 et
1232 1139 1388 1204 clausulis
1403 1138 1577 1225 oportunis
1590 1162 1599 1218 ;
1616 1159 1673 1205 seu
1685 1139 1776 1223 quod

412 1244 525 1310 eidem
542 1243 746 1329 Raymundo
770 1244 812 1310 de
837 1244 985 1330 prioratu
1009 1241 1079 1309 sive
1108 1242 1256 1308 scolania
1282 1241 1324 1307 de
1349 1241 1517 1308 Cassanea
1543 1243 1672 1324 Pulcra,
1688 1244 1776 1309 dioc.

412 1347 662 1428 Convenarum,
679 1348 772 1433 cujus
787 1347 937 1414 nondum
951 1347 1198 1434 possessionem
1215 1346 1357 1432 adeptus
1372 1357 1434 1427 est,
1445 1347 1507 1413 fuit
1530 1348 1714 1433 provisum.
1731 1388 1774 1398 -

414 1449 494 1515 Fiat
519 1450 561 1515 R.

459 1629 568 1689 1884.
580 1623 682 1709 Supp.
698 1622 898 1707 Stephanus,
911 1620 1087 1687 cardinalis
1096 1621 1359 1703 Claromonten,
1369 1631 1462 1707 quat.
1472 1623 1647 1709 providere
1663 1622 1777 1708 digne-

412 1726 497 1792 mini
512 1725 644 1803 Jacobo
667 1724 811 1792 Comitis
826 1739 847 1807 ¹,
864 1726 1041 1812 capellano
1051 1735 1088 1792 et
1098 1726 1249 1791 familiari
1261 1747 1322 1793 suo
1331 1728 1561 1809 commensali,
1572 1728 1615 1794 de
1627 1749 1702 1794 can.
1715 1731 1776 1793 sub

412 1851 490 1916 exp.
505 1834 599 1916 preb.
615 1830 756 1895 ecclesie
767 1830 799 1896 S.
816 1829 906 1895 Petri
922 1828 965 1894 de
979 1829 1069 1911 Aria,
1080 1827 1250 1896 Morinen.
1260 1829 1358 1910 dioc,
1371 1831 1619 1916 quamprimum
1630 1832 1775 1912 vacabit,

413 1955 492 2000 cum
507 1934 753 2020 acceptatione,
769 1931 980 2013 inhibitione,
990 1932 1227 2012 reservatione,
1240 1931 1377 1998 decreto
1389 1940 1424 1997 et
1436 1933 1584 1999 clausula
1595 1933 1750 1999 anteferri
1766 1957 1775 2013 ;

412 2058 550 2104 necnon
567 2037 659 2103 etde
675 2037 842 2103 decanatu
857 2035 959 2121 ipsius
969 2034 1121 2115 ecclesie,
1137 2035 1218 2100 alias
1233 2044 1413 2117 reservato,
1429 2036 1486 2121 qui
1502 2036 1646 2121 dignitas
1662 2046 1777 2102 curata

413 2149 590 2227 reputatur
606 2140 740 2221 ibidem,
766 2147 801 2205 et
826 2137 995 2222 adquam
1023 2138 1198 2203 cousuevit
1224 2136 1371 2204 decanus
1397 2159 1457 2224 per
1482 2139 1574 2204 viam
1599 2139 1775 2205 electionis

413 2244 549 2325 assumi,
564 2264 639 2310 vac.
655 2264 714 2330 per
726 2242 856 2308 obitum
871 2240 1037 2318 Johannis
1054 2240 1233 2327 Pipelart²,
1248 2241 1356 2306 ultimi
1372 2242 1490 2308 decani
1508 2243 1610 2329 ipsius
1625 2243 1776 2323 ecclesie,

414 2348 470 2431 qui
494 2355 590 2412 extra
607 2347 706 2413 Rom.
729 2345 855 2412 curiam
881 2344 971 2410 diem
998 2344 1118 2410 clausit
1145 2352 1353 2424 extremum;
1382 2366 1450 2410 non
1478 2349 1563 2411 obst.
1589 2346 1679 2430 quod
1705 2347 1776 2432 ipse

414 2449 564 2527 Jacobus
589 2470 682 2535 perp.
709 2450 873 2535 capellan.
900 2449 934 2513 in
958 2447 1100 2514 ecclesia
1125 2450 1350 2530 Attrebaten,
1376 2450 1469 2534 cujus
1494 2451 1712 2536 cappellanus
1735 2472 1776 2515 ex

415 2556 604 2636 juramento
630 2554 771 2640 prestito
796 2551 991 2619 continuam
1015 2551 1230 2617 residentiam
1257 2552 1367 2617 facere
1394 2559 1538 2634 tenetur,
1563 2562 1598 2618 et
1624 2553 1658 2618 in
1684 2555 1776 2638 cujus

414 2658 611 2723 fundatione
627 2665 775 2737 cavetur,
794 2655 884 2742 quod
899 2656 925 2720 si
943 2676 1018 2721 eam
1035 2655 1191 2721 obtinens
1207 2655 1251 2721 ad
1266 2656 1354 2721 aliud
1374 2656 1482 2740 majus
1495 2658 1572 2721 ben.
1589 2664 1777 2722 assumatur

413 2762 506 2827 illam
522 2761 691 2827 dimittere
706 2767 872 2840 teneatur,
885 2758 1035 2824 noscitur
1059 2758 1211 2823 obtinere
1226 2781 1235 2839 ;
1263 2758 1497 2844 dispensantes
1521 2758 1778 2824 misericorditer

412 2885 489 2931 cum
506 2865 638 2946 eodem,
654 2863 745 2950 quod
760 2863 869 2929 dictos
884 2861 1098 2943 decanatum,
1115 2882 1191 2928 can.
1208 2869 1243 2927 et
1258 2863 1350 2947 preb.
1366 2881 1407 2927 ac
1428 2862 1648 2947 capellaniam
1665 2861 1776 2946 hujus·

412 2968 506 3034 modi
529 2969 621 3034 licite
646 2968 744 3034 simul
760 2968 873 3032 valeat
888 2965 1043 3046 retinere,
1060 2986 1136 3031 cum
1152 2965 1225 3031 aliis
1240 2985 1308 3030 non
1336 2966 1422 3029 obst.
1439 3004 1480 3015 -
1497 2964 1725 3045 Providemus,
1742 2974 1777 3029 et

412 3070 564 3135 dimittat
580 3071 672 3135 illam
689 3069 910 3155 capellaniam
926 3068 967 3135 R.

457 3174 540 3238 Dat.
557 3174 655 3238 Avin.
674 3194 691 3256 3
709 3171 776 3236 kal.
791 3172 872 3238 febr.
889 3180 922 3237 a⁰
939 3175 981 3237 8⁰.
999 3174 1069 3255 (18,
1091 3175 1178 3257 144).

465 3344 609 3427 1885.
1423 3380 1441 3423 Ι
1441 3379 1518 3442 350,
1532 3379 1576 3442 30
1587 3357 1730 3439 Jurzurcr.

456 3463 547 3546 Sign.
571 3461 738 3526 Walterus
764 3461 873 3526 dictus
898 3459 1003 3525 Gorre
1019 3475 1040 3539 ³,
1071 3459 1272 3545 pelliparius,
1300 3462 1390 3545 quod
1412 3460 1538 3527 dudum
1573 3461 1776 3528 Benedictus

409 3587 499 3652 papa
514 3564 595 3645 XII,
609 3565 822 3650 predecessor
837 3574 957 3644 vester,
970 3564 1152 3629 Wilhelnro
1168 3565 1209 3630 de
1223 3565 1360 3651 Genepe
1373 3578 1394 3646 ⁴,
1416 3567 1493 3632 cler.
1515 3565 1717 3648 Coloniensi,
1734 3568 1776 3632 dc

410 3670 623 3756 prepositura
647 3669 788 3734 ecclesie
815 3668 1025 3748 Sosaciensis,
1044 3666 1219 3733 Colonien.
1236 3668 1333 3750 dioc,
1350 3680 1431 3734 tunc
1448 3677 1549 3734 vac.²¹
1573 3671 1718 3754 providit
1741 3678 1776 3734 et

409 3773 519 3839 voluit
535 3772 797 3858 quamprimum
818 3772 887 3857 ipse
903 3771 1027 3837 dictam
1045 3770 1290 3856 preposituram
1313 3781 1401 3837 essct
1418 3782 1597 3854 assecutus,
1614 3775 1776 3859 capellan.

412 3878 453 3943 de
470 3876 643 3955 Bilrevelt,
660 3874 821 3940 Leodien.
837 3875 934 3956 dioc,
960 3897 1062 3960 quarn
1084 3884 1165 3941 tunc
1182 3877 1356 3942 obtinebat
1372 3877 1540 3942 dimittere
1557 3886 1727 3942 teneretur
1743 3887 1777 3943 et

413 3981 504 4066 quod
520 3981 590 4066 ipse
606 3980 733 4045 dictam
748 3980 991 4065 preposituram
1009 3980 1069 4044 suit
1085 3980 1302 4065 postmodum
1319 3990 1498 4062 assecutuS,
1515 3990 1550 4045 ct
1562 3982 1682 4047 deinde
1700 3982 1731 4047 S.
1739 3981 1778 4046 V.

416 4086 616 4150 Hermanno
632 4084 802 4168 quondam
818 4084 989 4148 Wilhelmi
1012 4084 1053 4149 de
1079 4083 1184 4150 Gorre
1210 4084 1251 4149 de
1268 4083 1408 4168 Tungris
1426 4084 1468 4149 de
1486 4084 1637 4165 Colonia,
1653 4085 1778 4151 dilecto

416 4188 666 4273 consanguineo
688 4188 768 4253 dicti
785 4187 935 4267 Walteri,
952 4187 986 4251 in
1004 4186 1289 4273 Montepesulano
1304 4187 1451 4252 studenti
1469 4203 1490 4268 ⁵,
1504 4188 1545 4253 de
1561 4188 1651 4253 dicta
1668 4189 1778 4274 capel-

417 4294 502 4358 lania
524 4292 669 4376 gratiose
693 4290 849 4375 providit,
875 4291 932 4356 sed
959 4290 1067 4356 dictus
1094 4291 1292 4355 Wilhelmus
1322 4312 1390 4356 non
1423 4293 1508 4356 obst.
1532 4291 1669 4357 decreto
1696 4292 1776 4357 dicti

418 4396 540 4461 domini
565 4394 739 4460 Benedicti
756 4393 921 4478 prefatam
946 4395 1111 4479 capellan.
1129 4394 1239 4459 tenuit
1261 4404 1400 4480 propter
1423 4397 1615 4481 potenciam
1632 4404 1777 4461 suamet

421 4509 593 4585 propterea
609 4518 758 4584 superea
775 4498 861 4562 inter
876 4497 1094 4563 Wilhelmum
1111 4508 1145 4563 et
1162 4497 1396 4563 Hermannum
1413 4500 1582 4585 predictos
1598 4500 1636 4565 lis
1652 4522 1777 4586 pepen-

425 4604 467 4668 dit
482 4613 515 4669 et
529 4604 661 4669 duravit
677 4622 777 4667 causa
795 4604 827 4665 in
844 4603 972 4686 palatio
987 4610 1100 4667 vestro
1126 4603 1324 4688 apostolico,
1352 4623 1451 4687 quam
1477 4604 1510 4667 in
1538 4605 1687 4688 partibus
1715 4605 1778 4668 illis

456 4822 548 4879 a)C-od.
564 4823 597 4871 de
617 4825 748 4886 preposito
764 4824 869 4872 ecclesie
890 4825 1050 4884 Sosacicnsis,
1074 4825 1239 4875 coloniensis.
1258 4825 1290 4874 de
1315 4829 1478 4889 prepositura
1501 4825 1571 4873 dicte
1590 4826 1693 4873 ecclesie
1714 4831 1776 4872 tunc

436 4902 533 4945 vacante.

442 5040 666 5060 *—

383 5175 390 5218 ,
464 5147 479 5194 1.
489 5149 545 5201 von
556 5170 581 5202 n.
594 5156 654 5202 1711
668 5170 673 5212 ;
687 5154 786 5211 nosen,
800 5151 874 5210 naut,
888 5154 943 5201 aas.
955 5182 985 5190 -
998 5156 1021 5200 a.
1034 5154 1095 5200 von
1107 5168 1132 5202 n.
1145 5153 1215 5200 rem.
1229 5178 1255 5188 -
1271 5152 1294 5200 3.
1307 5150 1369 5198 uon
1381 5165 1405 5198 ι.
1418 5152 1472 5209 638.
1485 5152 1539 5209 656,
1554 5151 1624 5196 1⁰⁶1·
1634 5177 1664 5184 -
1678 5151 1699 5197 4.
1712 5148 1773 5195 V0ir

383 5220 386 5226 ·
439 5225 455 5258 ι.
469 5221 517 5284 aaa,
530 5229 598 5278 nour.
610 5256 642 5265 -
654 5231 677 5275 5.
690 5228 751 5274 ron
764 5241 788 5275 ιι.
801 5229 855 5286 aaa,
871 5228 940 5275 nour.
