4650 6059
923 786 1010 860 1345,
1034 785 1113 851 11-12
1136 786 1262 851 octobre.
1712 788 1774 853 237

412 939 484 1003 coll.
499 944 668 1023 spectans
683 935 834 1001 noscitur
845 944 1026 1022 expectare
1042 958 1051 1016 3
1068 956 1169 1020 quam
1184 957 1242 1020 gr,
1259 936 1370 1021 quoad
1382 940 1458 1003 ben.
1472 947 1623 1004 curatum
1636 940 1690 1002 vel
1703 958 1771 1003 non

415 1051 572 1121 curatum,
584 1039 768 1126 dignemini
780 1039 889 1106 eidem
901 1060 1068 1106 reservare
1082 1062 1090 1119 ;
1108 1040 1155 1105 ita
1169 1040 1259 1125 quod
1270 1040 1389 1106 habito
1400 1044 1476 1107 ben.
1493 1051 1609 1108 curato
1624 1063 1666 1106 ex
1681 1040 1773 1107 dicta

363 1217 364 1224 χ
418 1147 485 1211 coli.
500 1144 664 1232 prefatam
679 1145 762 1211 eccl.
778 1143 821 1209 de
836 1143 1090 1229 Walvringhem
1104 1144 1274 1210 dimittere
1300 1152 1478 1225 teneatur;
1496 1166 1553 1211 seu
1567 1145 1658 1231 quod
1668 1165 1774 1230 nuper

420 1249 446 1315 S.
462 1248 500 1315 V.
524 1247 710 1336 providerit
733 1247 844 1313 eidem
867 1247 909 1314 de
932 1247 1086 1335 parrocb.
1109 1249 1191 1314 eccl.
1208 1248 1250 1315 de
1266 1247 1444 1315 Guilhiaco
1470 1258 1504 1315 et
1520 1250 1562 1314 de
1579 1249 1773 1315 Comusone

422 1354 573 1419 canonice
589 1352 701 1433 unitis,
719 1351 910 1418 Ruthenen.
926 1352 1012 1418 dioc.
1017 1374 1026 1433 ;
1044 1350 1162 1436 quibus
1178 1353 1260 1418 eccl.
1277 1353 1469 1419 renuntiare
1481 1363 1532 1419 est
1544 1362 1773 1439 paratu5,cum

422 1458 653 1543 possessionem
679 1456 855 1543 pacificam
882 1457 973 1523 dicte
996 1455 1079 1522 eccl.
1106 1454 1148 1521 de
1173 1454 1426 1541 Walvringhem
1453 1457 1552 1522 suerit
1578 1463 1773 1534 assecutus3

423 1564 502 1648 cujus
516 1562 653 1648 quidem
669 1562 751 1627 eccl.
767 1560 809 1626 de
825 1560 1079 1646 Walvringhem
1095 1560 1262 1625 fructus...
1277 1581 1317 1645 50
1330 1561 1385 1625 lib.
1400 1560 1503 1625 Paris.
1514 1580 1691 1640 summam,
1708 1579 1774 1624 sec.

425 1674 480 1732 tax.
494 1666 635 1747 decime,
651 1686 720 1731 non
737 1664 914 1731 excedunt.
930 1705 974 1714 —
990 1663 1066 1729 Fiat
1081 1674 1117 1730 et
1131 1673 1306 1730 remaneat
1322 1664 1383 1729 sibi
1398 1684 1445 1749 gr.
1464 1662 1504 1729 R.

457 1810 534 1873 939.
564 1802 652 1870 Item
677 1823 772 1889 supp.
798 1801 887 1868 idem
913 1801 1112 1882 vicecomes
1140 1810 1231 1885 quat.
1262 1800 1382 1887 [famil.
1413 1821 1473 1866 suo
1503 1799 1661 1880 Johanni,
1693 1808 1775 1865 nato

427 1908 579 1993 quondam
604 1906 762 1993 Symonis
780 1905 953 1973 Borrelain
968 1906 1011 1971 de
1027 1904 1321 1987 Boscocommuni,
1338 1905 1505 1970 Senouen.
1522 1904 1619 1985 dioc.,
1636 1903 1774 1990 presb.],

427 2012 562 2095 parroch.
578 2011 739 2077 ecclesias
752 2010 796 2076 de
811 2010 988 2077 Guilhiaco
1004 2010 1096 2076 etde
1112 2009 1309 2076 Cornusone
1328 2009 1490 2075 canonice
1506 2008 1628 2089 unitas,
1647 2007 1774 2073 Ruthe-

427 2132 487 2180 nen.
501 2116 601 2197 dioc.,
617 2136 682 2200 que
699 2116 733 2182 in
747 2116 841 2182 brevi
858 2136 977 2182 vacare
992 2125 1179 2201 sperantur,
1196 2135 1257 2201 pro
1269 2136 1311 2181 eo
1324 2115 1414 2200 quod
1426 2115 1457 2181 S.
1468 2113 1508 2180 V.
1520 2135 1627 2200 nuper
1638 2134 1685 2199 gr.
1697 2113 1775 2179 fecit

426 2237 495 2305 nag.
510 2218 662 2297 Johanni
680 2219 791 2305 Regis,
809 2218 1000 2285 Ruthenen.
1016 2219 1114 2300 dioc.,
1129 2220 1172 2285 de
1188 2220 1270 2286 eccl.
1287 2220 1438 2305 parrocb.
1455 2218 1497 2284 de
1513 2217 1775 2302 Walvringhem,

426 2318 580 2391 Morinen.
606 2324 704 2406 dioc.,
728 2332 810 2390 tunc
834 2323 923 2412 apud
947 2323 1062 2389 sedem
1084 2333 1192 2410 apost.
1213 2344 1299 2404 vac,
1315 2344 1392 2389 cum
1410 2323 1480 2408 ipse
1496 2322 1659 2408 premisso
1674 2322 1777 2388 modo

424 2427 617 2509 incaverint,
641 2426 813 2493 collationi
834 2426 922 2492 sedis
937 2436 1056 2513 apost,
1072 2426 1164 2493 dicto
1179 2425 1199 2504 J
1202 2425 1329 2492 obanni
1346 2427 1577 2508 conserendas,
1593 2426 1775 2511 dignemini

422 2549 581 2599 reservare
594 2554 603 2614 ;
620 2552 689 2598 non
705 2534 791 2598 obst.
804 2531 895 2616 quod
907 2530 996 2596 idem
1007 2530 1026 2609 J
1030 2532 1182 2598 ohannes
1195 2532 1360 2617 capellam
1372 2531 1415 2598 de
1428 2530 1596 2612 Revillon,
1609 2531 1776 2597 Senonen.

418 2635 508 2718 dioc.,
532 2636 697 2718 obtineat,
720 2657 779 2702 seu
795 2635 885 2723 quod
900 2638 977 2702 ben.
999 2644 1222 2704 <curatum>
1243 2656 1273 2702 c.
1289 2657 1318 2702 c.
1334 2637 1389 2701 vel
1405 2658 1430 2702 s.
1448 2657 1487 2718 c.,
1504 2657 1578 2702 vac.
1594 2637 1648 2700 vel
1665 2645 1775 2702 vacat.

416 2740 445 2806 in
465 2743 559 2823 eccl,
584 2741 649 2813 civ.
673 2742 727 2806 vel
750 2740 837 2808 dioc.
859 2737 1019 2820 Melden,
1046 2739 1089 2806 ad
1104 2741 1211 2806 coll...
1230 2739 1342 2826 episc,
1359 2740 1432 2806 dec.
1448 2749 1483 2805 et
1499 2759 1573 2825 cap.
1592 2737 1776 2805 Meldensis
1819 2768 1823 2778 ·

413 2854 577 2932 spectans,
588 2866 631 2910 ex
642 2845 762 2911 vestris
784 2844 904 2910 litteris
916 2844 1065 2909 noscitur
1080 2852 1261 2930 expectare
1276 2866 1284 2923 ;
1301 2864 1401 2928 quam
1418 2865 1464 2929 gr.
1481 2852 1516 2908 et
1532 2845 1602 2928 ejus
1617 2844 1776 2910 effectum

412 2949 522 3035 quoad
537 2953 614 3016 ben.
631 2957 785 3016 curatum
801 2956 836 3013 et
852 2968 920 3013 non
937 2957 1090 3014 curatum
1104 2948 1289 3033 dignemini
1305 2947 1414 3013 eidem
1431 2968 1599 3013 reservare
1616 2968 1682 3012 una
1699 2968 1775 3013 cum

409 3054 500 3121 dicta
525 3055 666 3141 capella,
690 3053 803 3119 taliter
829 3051 929 3136 quod,
955 3052 1073 3117 habito
1097 3054 1173 3118 ben.
1199 3060 1315 3118 curato
1331 3060 1365 3117 et
1382 3052 1483 3137 ipsius
1506 3052 1715 3137 possessione
1734 3073 1775 3116 ex

408 3159 500 3224 dicta
526 3160 613 3238 coll,
637 3158 747 3224 dictas
772 3156 930 3222 ecclesias
954 3155 1123 3221 dimittere
1142 3166 1306 3223 teneatur.
1323 3196 1366 3205 -
1382 3155 1459 3221 Fiat
1476 3165 1510 3220 et
1526 3166 1697 3222 remaneat
1714 3158 1774 3223 sibi

408 3261 532 3431 gfdd.
548 3365 648 3430 mon.
667 3385 684 3449 7
701 3366 744 3431 u.
761 3375 827 3432 oct.
844 3373 876 3431 ω’
893 3374 935 3450 40.
954 3366 1003 3450 (s,
1023 3367 1090 3449 62).

462 3501 584 3584 940.
1426 3537 1517 3601 1545,
1538 3539 1573 3582 11
1593 3521 1731 3582 octobre.

454 3623 556 3708 Supp.
585 3620 619 3686 N
623 3621 748 3687 icolaus
763 3622 805 3686 de
822 3619 945 3685 Nussia
962 3634 981 3701 ¹,
999 3641 1072 3705 cap.
1089 3622 1187 3686 electi
1214 3620 1383 3700 Leodien.,
1401 3631 1492 3705 quat.
1515 3622 1574 3687 sibi
1592 3622 1723 3688 decan.
1741 3630 1775 3687 et

408 3730 502 3814 preb.
513 3728 596 3792 eccl.
609 3724 813 3791 Noviomen.
827 3746 900 3790 vac.
913 3723 1001 3810 apud
1014 3725 1128 3789 sedem
1141 3734 1248 3810 apost.
1262 3746 1321 3810 per
1333 3725 1469 3790 liberam
1484 3727 1775 3809 resignationem...

410 3831 558 3916 Reyneri
575 3829 618 3894 de
635 3828 757 3909 Ghore,
775 3828 949 3894 Colonien.
966 3828 1063 3909 dioc.,
1079 3828 1262 3913 dignemini
1284 3829 1457 3915 providere
1472 3853 1480 3909 ;
1498 3850 1566 3893 non
1584 3834 1669 3894 obst.
1687 3830 1776 3914 quod

409 3936 442 4000 in
459 3934 656 4000 Amaniensi
673 3933 891 4012 scolastriam,
904 3953 969 4018 que
985 3934 1127 4019 simplex
1144 3933 1200 3999 off.
1217 3934 1339 4014 existit,
1357 3943 1390 3998 et
1409 3934 1440 3997 iu
1458 3934 1499 3998 de
1517 3932 1652 3998 Mersen
1669 3936 1775 3999 eccle-

410 4041 475 4120 siis,
492 4039 654 4105 Leodien.
667 4039 764 4119 dioc.,
778 4059 870 4124 perp.
880 4037 1049 4119 vicariam,
1062 4059 1159 4124 super
1173 4057 1237 4122 qua
1254 4039 1287 4102 in
1302 4037 1378 4103 Vs.
1392 4038 1482 4103 curia
1495 4039 1614 4122 litigat,
1628 4039 1776 4104 noscitur

411 4145 565 4211 obtinere
594 4143 748 4228 acquod
775 4142 901 4208 dudum
918 4142 957 4208 V.
985 4143 1016 4207 S.
1044 4142 1190 4228 prouidit
1217 4142 1327 4208 eidem
1354 4143 1395 4208 de
1421 4163 1495 4208 can.
1520 4152 1553 4207 et
1578 4146 1669 4228 preb.
1694 4145 1776 4209 eccl.

412 4247 610 4328 Bonnensis,
637 4246 813 4313 Colonien.
838 4246 935 4327 dioc.,
961 4255 996 4311 et
1020 4245 1062 4311 de
1086 4251 1162 4312 ben.
1189 4249 1270 4312 eccl.
1287 4246 1330 4311 ad
1347 4248 1422 4311 coll.
1441 4246 1635 4331 archiepisc.
1653 4256 1687 4312 et
1704 4268 1775 4333 cap.

413 4352 587 4420 Colonien.
604 4392 647 4401 —
664 4350 740 4416 Fiat
757 4349 797 4416 R.

455 4457 536 4524 Dat.
552 4458 653 4522 Avin.
671 4477 687 4539 5
707 4454 749 4520 id.
767 4463 833 4520 oct.
851 4466 884 4520 a¹¹
900 4464 943 4541 4⁰.
962 4456 1011 4540 (8,
1031 4455 1113 4539 ὅς’).

465 4596 576 4680 941.
1425 4627 1519 4691 1545,
1539 4629 1577 4671 12
1595 4609 1733 4674 octobre.

457 4716 558 4800 Supp.
581 4711 765 4791 Johannes,
782 4732 838 4776 rex
855 4710 1003 4792 Boemie,
1020 4722 1109 4795 quat.
1127 4733 1203 4777 cum
1220 4711 1365 4796 Georgio
1381 4710 1422 4776 de
1440 4710 1602 4791 Cathena,
1621 4714 1776 4778 Camera-

422 4837 488 4883 cen.
513 4817 599 4884 dioc.
627 4818 715 4896 cler,
740 4816 890 4901 patiente
906 4817 970 4882 def.
1000 4819 1160 4882 natalium
1178 4817 1219 4881 de
1236 4819 1345 4882 soluto
1361 4816 1476 4900 genito
1493 4828 1526 4881 et
1543 4820 1661 4898 soluta,
1679 4840 1776 4903 super

422 4944 483 5006 quo
497 4923 572 5005 def,
589 4922 679 5008 quod
707 4932 820 5006 posset
835 4927 911 4988 beu.
929 4925 1010 4988 eccl.
1029 4924 1130 4987 etiarn
1147 4931 1300 4987 curatum
1318 4923 1479 4998 obtinere,
1497 4932 1585 4988 auct.
1604 4925 1666 4987 litt.
1685 4924 1776 5008 peni-

424 5029 570 5093 tentiarie
589 5037 698 5094 vestre
724 5029 835 5094 extitit
860 5030 1099 5116 dispensatum,
1113 5027 1203 5111 quod
1227 5049 1329 5091 unum
1352 5030 1427 5091 beu.
1445 5048 1473 5091 c.
1491 5049 1518 5091 e.
1537 5037 1570 5092 et
1587 5030 1680 5112 plura
1697 5051 1721 5092 s‘.
1736 5049 1775 5107 c,

427 5158 671 5171 -—-

458 5247 477 5294 l.
489 5246 546 5296 i'oir
559 5262 582 5296 u.
596 5250 650 5299 ulo.
