4650 6059
579 832 640 893 276
1061 819 1146 892 1346,
1171 818 1260 882 15-18
1281 820 1453 897 septembre.

582 981 643 1045 Ev.
667 979 701 1041 in
730 970 944 1050 Buscoducis,
972 968 1061 1033 dicte
1085 967 1245 1034 Leodien.
1262 968 1359 1049 dioc,
1376 970 1478 1034 etiam
1494 991 1519 1036 s,
1535 992 1575 1053 c.,
1592 973 1685 1058 quus
1699 972 1827 1037 fructus
1842 971 1934 1036 annui

581 1106 600 1167 4
617 1080 741 1146 march.
759 1097 826 1160 arg.
842 1094 1006 1139 summam
1023 1094 1091 1138 non
1109 1071 1286 1152 excedunt,
1303 1082 1465 1157 tanquam
1479 1074 1559 1159 juris
1575 1076 1717 1160 ignarus,
1731 1076 1814 1142 alias
1831 1085 1934 1140 tamen

582 1184 754 1261 canonice,
781 1177 1007 1265 permutavit;
1034 1175 1124 1259 quod
1147 1197 1207 1261 per
1230 1184 1309 1242 octo
1324 1197 1430 1241 annos
1446 1179 1499 1243 vel
1516 1178 1603 1245 circa
1619 1180 1767 1266 possedit
1784 1188 1820 1244 et
1837 1178 1935 1244 adhuc

583 1288 731 1375 possidet
757 1285 882 1348 fructus
909 1279 1097 1365 percipiens
1123 1299 1165 1342 ex
1192 1278 1312 1344 eodem
1339 1279 1479 1364 pacifice
1503 1289 1538 1346 et
1566 1283 1689 1367 quiete,
1705 1291 1740 1348 et
1763 1282 1807 1349 ad
1831 1302 1936 1348 omnes

557 1417 560 1422 ·
584 1391 716 1458 ordines
741 1388 894 1471 majores,
918 1385 953 1448 in
978 1384 1096 1468 quibus
1120 1403 1179 1468 per
1204 1382 1340 1448 eosdem
1356 1393 1436 1449 octo
1452 1406 1559 1452 annos
1574 1386 1787 1467 ministravit,
1804 1407 1851 1466 se,
1866 1385 1937 1452 alias

584 1503 698 1560 tamen
714 1492 786 1569 rite,
803 1488 883 1554 fecit
900 1486 1100 1573 promoveri.
1114 1486 1227 1570 Quare
1243 1507 1339 1572 supp.
1350 1486 1439 1552 idem
1452 1488 1519 1553 dux
1532 1499 1624 1574 quat.
1637 1490 1709 1571 sibi,
1721 1491 1755 1555 in
1768 1510 1855 1576 pers.
1867 1489 1937 1555 dicti

584 1596 734 1675 Arnoldi,
751 1614 840 1679 spec.
857 1612 903 1676 gr.
920 1590 1090 1669 facientes,
1114 1609 1250 1653 omnem
1274 1590 1494 1655 inhabilitatis
1517 1597 1551 1657 et
1573 1591 1710 1658 infamie
1725 1593 1904 1672 maculam,
1917 1592 1937 1656 si

585 1722 684 1785 quam
701 1697 936 1785 premissorum
953 1693 1129 1759 occasione
1145 1693 1323 1773 contraxit,
1336 1694 1519 1774 abolentes,
1532 1717 1609 1761 eum
1622 1705 1659 1761 ut
1670 1696 1759 1783 prius
1770 1696 1938 1764 habilitare

586 1823 626 1869 ac
642 1822 756 1868 secum
772 1819 870 1885 super
892 1796 1070 1883 premissis,
1092 1796 1192 1879 quod,
1208 1796 1397 1880 hujusmodi
1413 1796 1478 1862 des.
1494 1799 1633 1883 aliisque
1649 1798 1809 1885 predictis
1824 1819 1939 1884 nequa·

585 1928 685 1992 quam
711 1907 807 1984 obst,
830 1904 863 1967 in
886 1901 1049 1986 susceptis
1069 1920 1128 1985 per
1148 1920 1236 1981 cum,
1252 1909 1289 1965 ut
1315 1900 1505 1986 predicitur,
1522 1902 1691 1968 ordinibus
1706 1904 1894 1969 ministrare
1908 1924 1940 1969 ac

586 2009 773 2096 predictum
789 2009 894 2071 altare
910 2004 942 2069 S.
959 2003 1115 2083 Barbare,
1130 2003 1251 2069 virtute
1267 2004 1357 2070 dicte
1369 2006 1624 2090 permutationis
1636 2010 1825 2088 obtentum,
1835 2016 1871 2073 et
1882 2008 1942 2095 duo

586 2114 650 2179 alia
666 2115 742 2176 ben.
759 2111 850 2187 eccl,
861 2108 965 2172 etiam
980 2107 1005 2171 si
1022 2106 1078 2170 uni
1095 2106 1226 2172 illorum
1243 2128 1321 2172 cura
1338 2109 1527 2175 immineret
1544 2110 1740 2191 animarum,
1754 2111 1780 2176 si
1795 2112 1878 2177 alias
1889 2112 1942 2176 sibi

585 2215 748 2280 canonice
764 2212 988 2291 conferantur,
1005 2210 1106 2274 libere
1122 2211 1269 2296 recipere
1287 2219 1321 2276 et
1337 2212 1468 2277 insimul
1485 2213 1576 2278 licite
1591 2214 1743 2294 retinere,
1754 2236 1794 2280 ac
1805 2216 1877 2301 ipsa
1890 2236 1943 2302 pro

585 2320 657 2384 aliis
672 2317 842 2382 beneficiis
857 2315 961 2380 semel
977 2322 1011 2379 et
1027 2315 1148 2400 pluries
1163 2310 1355 2400 permutare
1370 2317 1491 2396 valeat,
1515 2326 1603 2383 auct.
1625 2327 1732 2403 apost.
1756 2317 1943 2403 dispensare

586 2421 778 2506 dignemini,
803 2419 920 2503 quavis
950 2417 1192 2484 constitutione
1216 2418 1383 2483 contraria
1408 2439 1476 2484 non
1502 2423 1609 2501 obst.;
1638 2421 1762 2487 fructus
1789 2443 1830 2486 ex
1858 2423 1944 2487 dicto

586 2526 680 2591 altari
697 2525 728 2589 S.
746 2524 900 2602 Barbare,
925 2530 962 2587 ut
985 2521 1199 2607 premittitur,
1215 2531 1393 2607 perceptos
1408 2523 1501 2589 sibi...
1517 2525 1738 2590 remittentes.
1755 2567 1798 2575 —
1820 2525 1945 2591 Habili-

585 2639 706 2707 tamus,
734 2628 966 2712 dispensamus
992 2634 1027 2690 et
1053 2624 1277 2711 providemus,
1295 2633 1329 2690 et
1346 2625 1471 2691 fructus
1486 2636 1664 2713 perceptos
1679 2630 1892 2695 remittimus.
1910 2629 1945 2693 R.

631 2732 710 2796 Dat.
727 2730 824 2795 Avin.
846 2749 883 2814 17
899 2730 965 2795 kal.
982 2738 1049 2796 oct.
1065 2737 1098 2795 a⁰
1116 2736 1158 2813 5⁰.
1176 2730 1248 2812 (12,
1263 2730 1331 2813 37).

641 2868 788 2953 1063.
1546 2883 1640 2966 134⁶,
1658 2900 1699 2963 15
1715 2884 1907 2969 septembre.

631 2987 732 3071 Supp.
749 2985 937 3062 Godfridus,
954 2986 1055 3070 episc.
1072 2983 1301 3068 Osnaburgen.
1319 2998 1339 3064 ¹,
1357 2992 1447 3068 quat.
1467 2984 1639 3071 [Johanni,
1656 2995 1740 3050 nato
1757 2984 1894 3050 Lusardi
1909 2985 1948 3049 de

588 3090 724 3155 Grisone
754 3104 775 3168 ²,
807 3089 884 3153 cler.
916 3088 1100 3165 Colonien.,
1132 3107 1192 3152 suo
1223 3086 1312 3173 cap]
1342 3086 1384 3151 de
1416 3109 1490 3153 can.
1512 3090 1593 3153 eccl.
1625 3088 1679 3153 SS.
1710 3090 1948 3174 Apostolorum

587 3193 759 3258 Colonien.
784 3191 965 3275 dignemini
988 3190 1162 3276 presidere
1179 3199 1213 3255 et
1229 3193 1320 3275 preb.
1337 3211 1514 3270 reservare,
1532 3213 1598 3256 non
1616 3195 1701 3257 obst.
1718 3192 1809 3275 quod
1825 3214 1901 3257 can.
1917 3200 1950 3256 et

587 3301 677 3383 preb.
695 3298 726 3361 in
743 3299 824 3362 eccl.
845 3295 919 3381 [de]
941 3295 1078 3380 Syttert,
1092 3293 1251 3359 Leodien.
1264 3294 1361 3375 dioc,
1372 3303 1407 3359 et
1419 3297 1510 3380 preb.
1527 3295 1802 3359 subdiaconalem
1818 3296 1852 3359 in
1870 3298 1950 3361 eccl.

588 3422 626 3464 xr
646 3401 786 3464 millium
802 3400 967 3484 virginum
983 3400 1131 3464 noscitur
1146 3400 1307 3464 obtinere.
1330 3438 1361 3446 —
1383 3397 1459 3464 Fiat
1476 3398 1515 3466 R.

631 3504 711 3568 Dat.
728 3503 825 3567 Avin.
848 3523 883 3587 17
900 3502 967 3568 kal.
985 3512 1051 3569 oct.
1068 3511 1101 3568 a⁰
1119 3511 1160 3586 5⁰.
1179 3504 1250 3587 (12,
1269 3505 1351 3587 37l').

643 3639 790 3722 1064.
1548 3655 1641 3737 1346,
1662 3658 1701 3718 18
1717 3657 1909 3740 ,sr‘pttetrrbrc

633 3757 722 3842 Sign.
746 3757 913 3821 Henricus
928 3756 970 3820 de
986 3755 1105 3819 Salinis
1119 3761 1141 3833 ¹¹,
1158 3762 1193 3818 et
1210 3754 1378 3821 Henricus
1401 3756 1500 3821 Canis
1515 3757 1557 3822 de
1574 3757 1737 3838 Bisuntio,
1761 3758 1853 3842 quod
1876 3779 1951 3824 curn

588 3863 660 3949 ipsi,
672 3862 828 3926 videlicet
846 3858 1064 3924 Henricusde
1077 3859 1207 3939 Salinis,
1224 3880 1284 3944 per
1295 3870 1423 3925 certum
1440 3862 1510 3945 ejus
1525 3871 1787 3948 procuratorem,
1798 3864 1950 3947 parroch.

588 3970 669 4033 eccl.
695 3966 737 4030 de
762 3967 929 4048 Sarcleyo,
955 3962 1113 4028 Parisien.
1139 3963 1237 4043 dioc,
1263 3973 1298 4029 et
1323 3963 1490 4029 Henricus
1515 3965 1625 4045 Canis
1651 3965 1804 4051 predicti,
1832 3986 1892 4051 per
1917 3987 1951 4030 se

589 4071 706 4154 ipsum,
724 4069 841 4153 capell.
854 4088 946 4151 perp.
958 4066 989 4130 S.
1002 4064 1147 4145 Martlre,
1163 4066 1264 4131 sitam
1280 4067 1313 4131 in
1329 4068 1410 4132 eccl.
1428 4067 1466 4132 B.
1485 4068 1533 4134 M.
1552 4067 1756 4154 Magdalene
1775 4068 1948 4143 Bisuntin..

590 4194 631 4235 ex
648 4172 746 4235 certis
773 4182 806 4233 et
831 4170 1081 4233 rationabilibus
1097 4170 1203 4235 causis
1219 4171 1321 4236 ctiam
1337 4172 1426 4257 apud
1441 4174 1555 4239 sedem
1568 4183 1677 4259 apost.
1694 4173 1894 4240 affectantes
1909 4173 1949 4239 ad

592 4275 734 4338 invicem
759 4281 958 4357 permutare,
976 4279 1010 4335 et
1026 4272 1145 4336 eadem
1161 4276 1248 4355 ben,
1266 4296 1307 4338 ex
1323 4296 1421 4340 causa
1436 4276 1694 4361 permutationis
1711 4277 1902 4361 hujusmodi
1917 4286 1948 4340 et

591 4398 656 4441 nou
675 4377 767 4454 alias,
784 4377 817 4439 in
834 4376 987 4440 manibus
1005 4376 1043 4440 R.
1058 4376 1094 4441 P.
1110 4376 1201 4443 dom.
1215 4379 1385 4464 Stephani,
1398 4380 1428 4445 S.
1447 4381 1557 4446 Pontii
1571 4380 1825 4446 Thomeriarum
1838 4382 1946 4467 episc,

591 4489 677 4544 auct.
696 4489 802 4563 apost.
822 4479 1070 4562 resignaverint,
1087 4479 1243 4565 idemque
1259 4483 1349 4547 dom.
1366 4484 1467 4569 episc.
1483 4484 1743 4569 resignationem
1759 4484 1946 4569 hujusmodi

591 4583 632 4646 de
649 4583 783 4667 speciali
801 4583 961 4647 mandato
977 4604 1074 4667 super
1090 4583 1155 4649 hoe
1172 4606 1231 4669 per
1246 4586 1277 4651 S.
1295 4585 1333 4651 V.
1350 4588 1409 4651 sibi
1428 4589 1516 4652 facto
1532 4590 1670 4675 recepit.

635 4686 746 4767 Quare
762 4708 856 4771 supp.
874 4696 964 4769 quat.
981 4689 1133 4771 parroclr.
1150 4690 1231 4754 eccl.
1249 4690 1291 4754 de
1307 4691 1467 4775 Sarclevo
1486 4692 1636 4757 Henrico
1652 4692 1762 4771 Canis,
1780 4701 1815 4757 et
1831 4692 1946 4778 capell.

591 4789 759 4873 predictas
787 4789 936 4855 Henrico
963 4791 1004 4854 de
1032 4792 1149 4855 Salinis
1170 4793 1336 4876 predictis
1353 4816 1412 4879 per
1428 4796 1687 4879 resignationem
1704 4795 1900 4881 premissam
1916 4804 1947 4858 et

591 4893 693 4957 etiam
711 4913 769 4977 per
791 4894 1049 4958 reservationem
1074 4895 1104 4958 S.
1122 4894 1160 4958 l'.
1180 4896 1254 4960 inde
1278 4896 1412 4977 tectam,
1437 4920 1521 4978 vac,
1546 4907 1635 4964 auct.
1661 4908 1781 4985 apost,
1802 4900 1903 4964 etiam
1923 4897 1946 4961 si

621 5084 650 5143 a)
663 5083 702 5128 On
714 5085 825 5144 pourrnir
842 5083 886 5128 lire
898 5081 993 5129 Sarnis
1005 5083 1050 5143 (cl.
1065 5083 1163 5139 Kimcb,
1180 5083 1253 5132 Kell..
1268 5086 1319 5145 la),
1333 5086 1431 5135 Snlniix
1443 5101 1475 5134 ou
1488 5086 1591 5135 Soletis

623 5254 642 5299 l.
656 5249 792 5298 rieden-ml
810 5250 970 5311 rl'Arnsberg.
983 5278 1014 5285 —
1027 5254 1049 5299 2.
1062 5252 1161 5310 Kirscli,
1177 5253 1250 5310 livill..
1265 5256 1320 5302 330.
