4650 6059
480 775 541 838 522
1032 773 1118 845 1350,
1141 773 1195 836 6-8
1213 774 1291 855 juin.

532 922 683 1003 2007.
1568 958 1668 1022 1550,
1684 938 1708 1002 6
1717 938 1793 1018 juin.

524 1040 671 1104 Rotulus
694 1041 965 1123 resignationmn.
1059 1085 1061 1089 .

525 1146 581 1208 Sme
597 1144 708 1209 Pater.
725 1143 891 1227 Dignetur
912 1141 944 1206 S.
968 1140 1008 1205 V.
1031 1142 1249 1226 providere...

525 1247 637 1312 Primo
654 1245 837 1331 Raynardo
852 1244 895 1308 de
911 1243 1073 1308 Bemawe
1099 1243 1141 1308 de
1157 1265 1250 1330 perp.
1275 1247 1464 1331 capellania
1488 1268 1546 1312 seu
1569 1250 1717 1314 rectoria
1735 1250 1825 1314 altaris

480 1351 512 1416 S.
529 1351 690 1436 Stephani
717 1350 770 1415 siti
795 1350 829 1413 in
857 1349 999 1415 ecclesia
1014 1349 1057 1413 de
1083 1348 1229 1429 Mulant,
1256 1349 1417 1417 Leodien.
1444 1351 1541 1432 dioc,
1565 1373 1669 1437 quam
1697 1355 1825 1419 obtinere

467 1456 611 1519 solebat
627 1452 828 1518 Godefridus
843 1451 886 1517 de
903 1450 1040 1516 Nivella
1055 1472 1129 1517 vac.
1144 1472 1205 1537 per
1218 1453 1479 1536 resignationem
1504 1455 1632 1521 factam
1649 1479 1712 1543 per
1727 1479 1825 1543 procu·

480 1565 625 1622 ratorem
642 1556 722 1621 dicti
739 1555 911 1620 (jodefridi
927 1555 961 1619 in
977 1556 1130 1620 manibus
1145 1555 1237 1621 dom.
1260 1555 1429 1623 Guillelmi
1446 1558 1488 1623 de
1504 1559 1634 1626 Bordis.
1650 1603 1696 1611 -
1714 1561 1785 1627 Fiat
1798 1562 1826 1625 R.

525 1661 603 1726 Dat.
619 1661 719 1725 Avia.
738 1662 756 1724 8
774 1658 817 1724 id.
830 1659 914 1743 junii
930 1665 963 1723 a⁰
980 1666 1022 1739 9⁰.
1040 1659 1118 1742 (20,
1136 1654 1222 1744 451).

532 1830 858 1914 2008-2009.
1568 1846 1795 1929 1550‚6j11··'²1·

525 1951 671 2015 Rotulus
695 1951 955 2033 resignationem
979 1967 1082 2010 carcaa
1100 1949 1365 2031 permutationis

525 2054 614 2119 Item
644 2074 721 2119 cum
753 2051 926 2129 Johannes
955 2049 997 2114 de
1028 2048 1224 2113 Warmerua
1247 2059 1266 2130 ¹,
1281 2049 1401 2115 doctor
1427 2052 1461 2115 in
1492 2051 1607 2132 theol,
1639 2053 1827 2119 decanatum

480 2159 513 2221 S.
530 2156 619 2220 Petri
637 2155 848 2235 Casletensis,
873 2152 1041 2218 Morinen.
1065 2152 1163 2234 dioc,
1179 2161 1214 2218 et
1242 2153 1438 2220 Franciscus
1465 2154 1596 2221 Prestre
1624 2159 1827 2244 capellaniam

480 2260 523 2324 de
539 2259 671 2338 Ziseles,
687 2257 876 2323 Tornacen.
892 2257 977 2322 dios.
995 2277 1095 2321 causa
1117 2258 1373 2342 permutationis
1398 2259 1605 2343 resignarint,
1630 2282 1729 2347 supp.
1756 2269 1828 2345 quat.

481 2361 663 2445 J(olranni)
680 2362 722 2426 de
738 2360 924 2447 capellania
948 2369 983 2425 et
1008 2358 1221 2444 Fr(aneisco)
1244 2361 1287 2425 de
1310 2361 1476 2426 decanatu
1500 2363 1639 2448 prefatis
1662 2364 1827 2449 dignemini

482 2465 668 2552 providere.

526 2628 743 2696 2009.1tem
770 2649 847 2694 cum
873 2649 979 2714 nuper
1004 2625 1194 2693 Ludovicus
1220 2628 1262 2693 de
1287 2628 1582 2713 Rengbersvliete²
1607 2631 1656 2696 al.
1667 2632 1712 2698 de
1728 2634 1828 2699 Ponlre

481 2755 557 2799 can.
574 2743 608 2798 et
624 2736 716 2819 preb.
732 2754 772 2799 ac
787 2735 1058 2819 supplementum
1075 2732 1108 2796 in
1125 2734 1208 2797 ecel.
1234 2732 1352 2817 majori
1378 2731 1566 2816 Trajeeten.
1593 2743 1629 2799 et
1656 2757 1744 2822 mag.
1759 2736 1829 2801 Tiei-

482 2855 645 2902 mannus³
669 2857 744 2903 can.
760 2846 795 2901 et
810 2839 903 2922 preb.
919 2836 1060 2901 ecclesie
1077 2835 1108 2900 S.
1125 2836 1311 2900 Donatiani
1329 2835 1515 2920 Brugensis,
1543 2836 1734 2905 Tornacen.
1749 2841 1828 2916 dioc,

482 2940 689 3024 resignarint,
705 2961 800 3026 supp.
824 2949 915 3024 quat.
941 2938 1115 3004 Ludovico
1139 2939 1182 3003 de
1209 2960 1282 3005 can.
1299 2949 1334 3004 et
1349 2942 1441 3024 preb.
1457 2940 1599 3005 ecclesie
1615 2942 1647 3006 S.
1665 2943 1827 3009 Donatiani

480 3053 516 3108 et
532 3064 619 3126 mag.
635 3044 837 3108 Tielmanno
853 3042 1011 3129 predictis
1026 3040 1068 3105 de
1085 3062 1158 3107 can.
1176 3050 1211 3106 et
1233 3045 1324 3127 preb.
1352 3063 1392 3108 ac
1418 3044 1688 3128 supplemento...
1715 3046 1828 3130 Trajec·

484 3156 552 3211 ten.
575 3146 756 3229 dignemini
781 3143 966 3230 providere.
983 3186 1025 3192 —
1050 3143 1126 3207 Fiat
1152 3143 1191 3208 R.

527 3251 606 3314 Dat.
623 3250 722 3313 Avia.
740 3252 757 3312 8
776 3249 815 3312 id.
829 3248 911 3331 junii
929 3256 962 3311 a⁰
979 3259 1019 3326 9⁰.
1036 3253 1110 3327 (20,
1128 3253 1210 3330 adl).

535 3412 682 3492 2010.
1572 3448 1668 3511 1350,
1686 3435 1708 3493 δ’
1717 3431 1794 3511 jain.

527 3529 628 3613 Supp.
645 3526 745 3592 Oddo
760 3526 879 3608 Angeli
897 3525 1016 3590 Basilis
1032 3525 1073 3588 de
1091 3524 1184 3590 Urbe
1201 3536 1292 3609 quat.
1309 3527 1419 3593 eidern
1434 3529 1476 3593 de
1493 3551 1567 3594 can.
1591 3539 1626 3595 et
1650 3537 1741 3619 preb.
1762 3530 1826 3596 eccl.

481 3632 514 3696 S.
531 3631 621 3695 Petri
638 3630 795 3708 Ariensis,
813 3627 981 3693 Morinen.
997 3628 1095 3708 dioc,
1112 3650 1195 3712 quos
1209 3629 1335 3695 dudurn
1359 3632 1393 3695 in
1409 3634 1529 3697 eadent
1557 3636 1705 3702 obtinuit
1728 3633 1826 3700 nobilis

481 3736 531 3799 vir
548 3735 665 3799 Petrus
682 3733 824 3818 Capotie
839 3732 882 3797 de
900 3732 1016 3798 Urbe⁴
1032 3752 1090 3817 per
1114 3733 1255 3797 liberam
1278 3735 1538 3816 resignationem
1567 3739 1609 3803 de
1637 3740 1702 3804 illis
1724 3740 1825 3804 factam

481 3839 570 3924 apud
582 3838 696 3903 sedern
719 3845 837 3920 apost,
862 3837 895 3900 in
911 3836 1067 3900 manibus
1085 3834 1124 3900 R.
1142 3835 1179 3900 P.
1196 3836 1285 3901 dom.
1304 3837 1346 3912 B(
1350 3841 1494 3904 ertrandi
1504 3853 1523 3919 ),
1541 3841 1671 3907 Ostien.
1689 3838 1825 3928 episcopi,

482 3964 540 4028 per
569 3950 820 4027 procuratorem
847 3939 995 4024 ejusdem
1021 3938 1121 4018 Petri,
1138 3948 1173 4002 et
1200 3940 1241 4003 de
1266 3942 1401 4025 speciali
1430 3944 1593 4010 mandato
1621 3943 1825 4026 restraint

483 4047 575 4111 vocis
600 4046 735 4110 oraculo
759 4044 819 4108 sibi
848 4042 947 4123 facto,
974 4042 1063 4127 apud
1089 4041 1233 4106 eandem
1256 4042 1370 4106 sedern
1397 4065 1456 4129 per
1483 4047 1628 4112 eundem
1652 4050 1823 4133 episcopum

483 4151 675 4227 admissam,
699 4169 772 4212 vac.
799 4146 981 4230 dignemini
1007 4145 1204 4231 providere3
1233 4167 1310 4210 cum
1337 4149 1492 4214 omnibns
1517 4172 1584 4216 non
1610 4157 1709 4233 obst,
1732 4163 1763 4217 et
1781 4166 1823 4214 seu

482 4251 574 4335 qnod
589 4251 698 4315 dictus
714 4250 814 4314 Oddo
829 4249 980 4335 parroch.
998 4250 1079 4314 eccl.
1096 4250 1127 4313 S.
1144 4250 1326 4314 Salvatoris
1342 4251 1374 4314 in
1393 4251 1513 4318 Pesulo
1529 4254 1571 4319 de
1589 4255 1685 4322 Urbe
1701 4255 1822 4322 noscitur

483 4356 648 4420 obtinere.
671 4395 714 4403 -
731 4353 806 4417 Fiat
831 4353 871 4418 R.

528 4460 606 4523 Dat.
623 4459 722 4523 Asin.
741 4464 757 4521 6
775 4459 817 4523 id.
831 4458 913 4541 junii
930 4468 962 4522 a¹¹
980 4466 1012 4537 9⁰
1027 4464 1049 4522 ¹¹.
1067 4459 1143 4538 (20,
1162 4456 1198 4522 P.
1217 4456 1262 4539 II,
1281 4461 1326 4541 5).

515 4678 543 4738 n)
557 4677 596 4722 En
610 4690 716 4736 merge:
741 4675 857 4720 (lna-ecta
875 4671 938 4718 dato-
952 4673 976 4717 in
989 4672 1111 4734 nripirmli
1128 4687 1176 4732 pm·
1196 4670 1321 4718 ‹lnmirnnn
1345 4673 1820 4742 (1¹.debendanotarim‹lepraceptr

482 4749 578 4797 &ratini
592 4751 678 4808 nom-r,
691 4753 714 4795 et
727 4748 769 4794 am
776 4763 826 4811 per·
840 4761 875 4793 nie
888 4746 919 4792 Ρ.
935 4746 1067 4793 (lernam.

520 4988 539 5032 l.
552 4986 613 5032 l'oir
625 5001 649 5032 n.
669 4986 738 5031 1509.
751 5011 782 5017 -
794 4986 816 5032 2.
830 4984 864 5030 Ce
881 4984 1006 5030 charroine
1018 4982 1049 5029 de
1063 4981 1160 5040 llrnges
1171 4985 1256 5029 auiait
1268 4982 1412 5041 dgalement
1424 4984 1471 5042 dte,
1484 4986 1586 5049 ‹l'apres
1598 4988 1709 5039 l'nutenr
1724 4991 1755 5036 dn
1772 4983 1820 5030 (an-

486 5060 560 5121 pmnl.
577 5060 687 5107 elnnnnl.
704 5059 739 5120 (p.
753 5057 816 5120 175),
830 5057 920 5119 premit
933 5058 964 5103 de
978 5053 1127 5104 sl-Hermm
1139 5057 1171 5102 do
1184 5056 1288 5104 Renaix.
1301 5058 1340 5105 On
1353 5067 1489 5108 rencontre
1501 5076 1532 5109 en
1547 5064 1610 5111 1336
1622 5079 1657 5111 nn
1676 5064 1759 5128 premit
1769 5050 1821 5104 nuil-

486 5133 570 5179 lanrne
582 5133 613 5179 de
626 5131 829 5189 Rernglrersvliet
841 5130 937 5190 (Vidal,
951 5145 975 5179 n.
988 5130 1072 5188 3004).
1085 5156 1116 5162 -
1128 5130 1150 5175 3.
1163 5129 1263 5176 Tilman
1276 5130 1307 5177 do
1323 5132 1465 5181 Dordreelrt
1477 5133 1629 5197 (Girrepread.
1642 5135 1751 5184 aleranni..
1761 5132 1773 5178 l.
1782 5124 1809 5177 e.)

486 5207 519 5251 el'.
535 5205 625 5262 Brona,
640 5202 713 5249 Ball.
731 5201 927 5262 Ta·‹1j.,n.13.⁷›0.
950 5227 967 5238 =·
988 5204 1011 5249 4.
1025 5201 1086 5247 Voir
1098 5217 1122 5249 n.
1135 5203 1189 5260 487,
1204 5205 1257 5262 758,
1275 5206 1344 5253 1082.
