4650 6059
1035 786 1124 862 1842,
1146 786 1246 852 aaut
1263 785 1340 868 juin.
1834 791 1871 855 13

462 987 467 994 .
538 938 600 1020 preb.
613 934 799 1002 Tomacen.
823 942 859 1002 et
883 934 916 1002 S.
937 933 1089 1018 Quintini
1113 934 1148 999 in
1164 933 1368 1015 vinnandia,
1386 933 1589 1001 Noviomen.
1605 935 1703 1016 dioc,
1723 938 1871 1003 noscitur

538 1040 662 1105 ubdnue.
685 1077 729 1090 -
751 1038 829 1104 Fiat
847 1038 893 1104 de
907 1058 980 1104 ean.
992 1040 1052 1103 sub
1068 1058 1144 1124 exp.
1155 1041 1248 1125 preb.
1261 1037 1296 1103 in
1312 1039 1394 1104 eccl.
1409 1038 1610 1105 Ambianen.
1634 1039 1675 1107 R

563 1142 628 1209 Dat.
640 1143 741 1210 Avin.
756 1148 775 1207 6
788 1142 856 1209 kal.
865 1142 938 1228 julii
953 1149 986 1209 a⁰
1006 1150 1045 1208 1⁰.
1062 1140 1105 1226 (1,
1122 1145 1163 1207 28
1180 1143 1219 1227 ν).

566 1298 635 1383 56,
1580 1329 1670 1394 1342,
1688 1330 1729 1395 29
1739 1310 1826 1392 juin.

468 1471 472 1479 ,
560 1414 648 1501 Supp.
663 1414 833 1479 Guarinus
847 1412 978 1495 vitalis,
995 1413 1142 1479 serviens
1156 1422 1268 1479 vester
1284 1433 1461 1493 armorum,
1481 1421 1573 1496 quat.
1598 1412 1780 1498 dignemini
1795 1436 1870 1501 pro·

533 1516 616 1582 ruere
641 1516 745 1583 Petro
771 1515 893 1582 Vitalis
918 1515 1034 1602 nepoti
1057 1535 1118 1581 suo
1142 1525 1161 1597 ¹,
1185 1514 1271 1581 diac.
1299 1514 1476 1581 Caturcen.
1503 1515 1601 1597 dioc..
1617 1516 1660 1581 de
1687 1537 1760 1583 can.
1788 1520 1869 1585 eccl.

468 1644 473 1647 ·
533 1616 671 1686 Morinen.
686 1624 748 1686 sub
764 1641 840 1707 erp.
856 1622 958 1707 preb,
974 1640 1043 1687 non
1059 1623 1145 1686 obst.
1161 1619 1253 1705 quod
1267 1620 1301 1684 in
1328 1620 1409 1684 eccl.
1435 1618 1466 1684 S.
1486 1619 1680 1702 Audomari,
1703 1619 1869 1687 Morinen.

463 1760 473 1771 -
531 1723 689 1807 dioc,can.
706 1733 741 1791 et
757 1728 850 1811 preb.
864 1725 1014 1790 noscitur
1028 1725 1191 1791 obtinere.
1213 1761 1245 1773 -
1266 1722 1342 1789 Fiat
1359 1723 1399 1790 R.

465 1836 470 1882 ἐ
558 1827 628 1894 Dat.
642 1828 744 1894 Avin.
762 1849 780 1913 3
797 1827 865 1894 kal.
878 1828 950 1915 julii
966 1836 1000 1893 a⁰
1020 1838 1059 1894 1⁰.
1076 1828 1120 1913 (1,
1138 1829 1206 1913 31).

563 1980 633 2065 57.
1578 2015 1673 2079 1342,
1687 2016 1727 2081 29
1738 1993 1825 2077 juin.

556 2098 648 2185 Supp.
665 2097 819 2163 Fenicus
833 2097 876 2162 de
893 2096 1008 2177 Cruce,
1025 2097 1102 2162 cler.
1118 2096 1284 2179 Senonen.
1300 2096 1397 2177 dioc„
1423 2097 1508 2182 regis
1537 2096 1679 2164 Francie
1705 2098 1807 2164 famil.
1835 2105 1870 2165 et

523 2202 717 2285 domesticus
741 2201 831 2287 quod
855 2221 932 2267 cum
955 2200 1035 2266 olim
1058 2200 1129 2287 ipse
1144 2208 1298 2285 tempore
1321 2199 1375 2265 sel.
1392 2221 1456 2266 rec.
1473 2198 1639 2277 Johannis
1653 2222 1740 2288 pape
1756 2200 1869 2268 XXII.

520 2327 557 2390 gr.
569 2307 608 2373 de
623 2328 699 2373 ean.
715 2308 776 2372 sub
794 2326 870 2391 exp.
893 2306 984 2390 preb.
1008 2304 1090 2370 eccl.
1107 2303 1138 2368 S.
1156 2302 1341 2369 Donatiani
1366 2303 1541 2389 Brugensis
1556 2305 1749 2390 litterasque
1773 2328 1870 2393 apos·

463 2399 464 2406 '
520 2412 623 2477 tolicas
636 2411 794 2490 bullataS,
800 2416 900 2495 prout
911 2408 1011 2473 moris
1023 2416 1084 2487 est,
1096 2427 1195 2493 super
1205 2407 1278 2493 ipsa
1288 2407 1395 2492 gratia
1408 2408 1477 2472 lieri
1491 2408 1681 2491 obtinuerit,
1698 2410 1870 2495 exquibus

517 2514 638 2598 quidem
661 2513 771 2599 gratia
796 2519 831 2577 et
860 2510 978 2576 litteris
1004 2511 1132 2575 nullum
1156 2509 1371 2575 commodum
1399 2510 1511 2575 extitit
1535 2520 1746 2594 assecutus...,
1774 2534 1868 2600 supp.

515 2626 597 2701 quat.
612 2617 655 2682 de
678 2620 756 2682 ben.
783 2615 866 2681 eccl.
891 2613 934 2680 ad
958 2614 1033 2680 coll.
1059 2612 1206 2700 archiep.
1231 2622 1266 2680 et
1293 2634 1367 2700 cap.
1395 2615 1476 2681 eccl.
1498 2614 1662 2683 Senonen.
1687 2617 1868 2701 dignemini

514 2721 688 2807 providere
710 2757 743 2769 -
765 2719 806 2787 R

550 2825 629 2892 Dat.
642 2824 745 2891 Avin.
763 2844 780 2907 3
797 2822 865 2890 kal.
879 2822 950 2909 julii
966 2829 1001 2888 a⁰
1021 2829 1060 2887 1⁰.
1077 2821 1120 2906 (Ι,
1138 2822 1207 2906 33).

556 2978 636 3061 58.
708 3037 715 3048 ·
1145 2982 1147 2988 ’
1505 3062 1508 3067 ,
1550 3011 1667 3074 ,13422
1681 2990 1823 3074 3ο]ἰιιίι.

549 3096 647 3182 Supp.
660 3092 846 3159 Anibaldus
866 3092 966 3179 episc.
979 3092 1008 3156 T
1010 3092 1210 3156 usculanus²
1225 3100 1316 3175 quat.
1334 3093 1411 3157 cler.
1427 3113 1487 3157 suo
1502 3091 1689 3159 domestico
1705 3115 1745 3159 ac
1761 3096 1867 3161 conti-

511 3221 571 3264 nuo
587 3219 770 3265 continens.
787 3198 926 3279 antiquo
942 3195 1124 3260 Godelrido
1134 3195 1177 3259 de
1187 3195 1326 3281 Glimpt,
1339 3199 1616 3281 presb.,can.eccl.
1629 3196 1865 3276 Xanctonen.⁸,

510 3302 675 3368 Colonien.
691 3302 789 3380 dioc,
813 3300 855 3363 de
879 3300 1113 3384 supplemento
1140 3320 1198 3363 seu
1225 3299 1349 3363 ferculo
1377 3301 1458 3364 eccl.
1475 3299 1688 3366 Xanctonen.
1706 3302 1865 3387 predicte,

510 3404 683 3488 dignemini
694 3402 879 3489 proiidere,
890 3421 957 3465 non
974 3403 1059 3465 obst.
1070 3400 1159 3483 quod
1176 3421 1249 3465 can.
1263 3410 1297 3465 et
1308 3405 1398 3486 preb.
1412 3402 1445 3465 in
1462 3405 1543 3469 eccl.
1554 3404 1721 3470 Xancten.
1735 3407 1864 3491 prelata

511 3529 544 3572 ac
565 3507 717 3594 parroch.
741 3507 823 3570 eccl.
850 3505 884 3568 in
912 3503 1136 3583 Ruremunde,
1154 3502 1313 3569 Leodien.
1330 3504 1426 3585 dioc,
1444 3506 1626 3573 dinoscitur
1646 3511 1806 3575 obtinere.
1829 3549 1860 3558 -

513 3610 578 3676 Fiat
595 3612 636 3676 R.

549 3715 626 3778 Dat.
643 3713 742 3777 Arin.
761 3734 777 3775 2
795 3711 862 3776 kal.
875 3713 946 3797 julii
964 3724 997 3777 a⁰
1017 3723 1055 3777 1⁰.
1075 3712 1117 3796 (I,
1137 3714 1219 3796 μγ).

551 3866 631 3951 59
1574 3905 1666 3967 1342,
1682 3906 1726 3967 jo
1736 3884 1823 3964 juin.

544 3986 646 4070 Supp.
664 3982 850 4047 Anibaldus
866 3984 965 4069 episc.
977 3983 1184 4048 Tusculanus
1197 3993 1287 4066 quat.
1304 3982 1441 4049 Nicasio
1453 3986 1494 4049 de
1510 3984 1636 4070 Maing,
1651 3986 1866 4051 Cameracen.

510 4087 597 4169 dioc„
614 4108 690 4172 cap.
706 4107 777 4163 suo,
793 4085 835 4150 de
853 4106 925 4150 can.
943 4086 1024 4150 eccl.
1041 4085 1249 4169 S.Gaugerici
1264 4085 1477 4152 Cameracen.
1491 4093 1549 4152 sub
1563 4111 1638 4174 exp.
1651 4093 1741 4175 preb.
1754 4091 1867 4175 digne-

509 4194 577 4257 mini
595 4190 783 4278 providere,
800 4210 867 4254 non
894 4193 978 4256 obst.
1003 4189 1093 4273 quod
1118 4191 1288 4274 quamdan
1306 4193 1424 4276 capell.
1441 4193 1474 4255 in
1492 4194 1621 4285 ecclS.
1639 4192 1808 4259 Laurentii
1825 4195 1866 4259 de

510 4292 670 4374 Joinn'lla,
686 4292 909 4358 Cathalanen.
925 4292 1021 4372 dioc,
1042 4293 1191 4357 noscitur
1207 4294 1367 4360 obtinere.
1380 4335 1422 4345 —
1440 4295 1515 4360 Fiat
1533 4296 1572 4362 R.

546 4400 622 4464 Dat.
639 4397 739 4462 Asin.
758 4418 774 4460 2
791 4395 858 4461 kal.
873 4396 944 4481 julii
960 4407 993 4460 a⁰
1014 4405 1052 4460 1⁰.
1071 4395 1113 4479 (tl,
1132 4406 1198 4481 35).

463 4607 464 4618 .
554 4550 730 4633 60¹·6l.
1572 4585 1589 4627 Ι
1637 4588 1655 4627 2
1705 4587 1725 4627 o
1753 4563 1822 4629 'uria

548 4669 645 4755 Supp.
663 4665 850 4732 Anibaldus
866 4667 965 4751 episc.
978 4666 1186 4731 Tusculanus
1202 4678 1293 4750 quat.
1319 4668 1345 4731 F
1348 4670 1498 4735 rancisco
1518 4671 1560 4734 de
1575 4585 1712 4751 liisiiii,
1727 4588 1866 4735 cyonsan-

463 4843 464 4854 χ
518 4773 621 4850 guineo
636 4773 793 4851 suo,b0n.
809 4791 909 4834 mem.
926 4769 1045 4845 Jacobi
1058 4769 1195 4835 Gaitani
1209 4771 1298 4835 card.
1312 4774 1426 4857 nepoti
1443 4783 1462 4851 ³,
1480 4774 1521 4838 de
1538 4795 1611 4839 can.
1625 4784 1659 4838 et
1676 4778 1767 4860 preb.
1784 4775 1866 4839 eccl.

464 4907 467 4932 l
520 4875 701 4941 Ambianen.
725 4873 908 4957 dignemini
936 4874 1121 4959 providere,
1147 4897 1214 4939 non
1240 4879 1324 4940 obst.
1349 4877 1438 4960 quod
1462 4879 1702 4943 thesaurariam
1727 4879 1759 4942 in
1784 4878 1865 4943 eccl.

467 5051 469 5066 '
542 5068 566 5119 a)
578 5063 668 5111 Erreur
686 5062 722 5109 du
742 5062 825 5108 scribo
837 5076 902 5124 pour
919 5062 1044 5110 aarum.
1057 5064 1193 5125 (Xanlen).

467 5155 470 5184 Ι
522 5156 745 5173 ψ

546 5219 915 5282 1.l'idal‚n.569.-a.v0ir
932 5240 956 5273 n.
974 5227 1013 5273 21.
1031 5252 1062 5260 -
1079 5226 1101 5273 3.
1120 5225 1194 5273 Card.
1212 5224 1244 5273 de
1262 5227 1285 5274 S.
1305 5227 1419 5285 Georgos.
1440 5227 1494 5272 roir
1512 5240 1536 5272 n.
1548 5227 1586 5274 21.
