4650 6059
1046 780 1134 853 1345,
1156 781 1178 844 4
1199 794 1288 846 mars
1790 782 1846 848 201

482 955 581 1021 pers,
605 935 662 1000 vel
679 934 735 1001 off.
751 934 901 1000 existant
920 940 956 1000 et
977 953 1092 1000 curam
1111 932 1299 1000 animarum
1320 933 1481 1017 habeant,
1495 955 1573 1004 cum
1588 956 1630 1002 ea
1643 935 1848 1022 integritate,

481 1058 589 1123 usque
597 1036 643 1106 ad
651 1037 864 1120 decennium,
876 1036 979 1105 libere
993 1036 1167 1124 percipere
1182 1038 1330 1118 valeant,
1342 1037 1547 1123 quotidianis
1560 1038 1849 1106 distributionibus

480 1140 661 1208 dumtaxat
683 1141 845 1228 exceptis,
868 1161 946 1208 cum
972 1161 1038 1226 qua
1060 1140 1137 1208 illos
1159 1141 1382 1228 perciperent,
1397 1141 1425 1210 si
1440 1142 1475 1209 in
1490 1142 1650 1225 ecclesiis,
1673 1143 1708 1210 in
1729 1143 1849 1228 qurbus

480 1244 648 1312 beneficia
673 1244 745 1332 ipsa
772 1244 938 1326 obtinent,
962 1245 1017 1310 vel
1043 1244 1245 1312 obtinebunt
1271 1245 1500 1332 imposterum,
1526 1246 1748 1333 personaliter
1769 1248 1848 1314 resi·

479 1348 613 1430 derent,
629 1357 665 1414 et
680 1348 723 1415 ad
737 1348 949 1415 residendum
965 1347 1099 1414 interim
1122 1348 1157 1414 in
1169 1347 1296 1414 eisdem
1310 1349 1450 1416 minime
1464 1356 1664 1431 teneantur;
1681 1350 1849 1436 nequead
1961 1397 1966 1406 ·

481 1452 518 1518 id
532 1472 554 1518 a
569 1471 741 1537 quoquam
764 1451 904 1518 valeant
930 1451 1082 1532 coartari,
1109 1458 1199 1519 auct.
1224 1461 1334 1538 apost.
1358 1452 1539 1539 dignemini
1563 1453 1735 1538 indulgere
1746 1476 1756 1535 ;
1777 1474 1848 1521 non

480 1557 572 1622 obst.
583 1554 628 1622 de
641 1554 751 1642 prima
765 1554 945 1621 residentia
960 1575 1029 1622 non
1044 1555 1142 1635 facta,
1159 1563 1257 1623 etc...
1272 1595 1317 1606 —
1332 1553 1410 1622 Fiat
1424 1555 1468 1622 ad
1483 1555 1747 1641 quinquennium
1763 1556 1804 1623 R.

526 1665 608 1728 818.
640 1656 728 1725 Item
752 1678 848 1745 supp.
872 1666 963 1744 quat.
990 1658 1021 1724 ei
1041 1658 1076 1724 in
1097 1657 1204 1725 forma
1226 1658 1326 1726 solita
1348 1659 1534 1726 concedere
1549 1659 1732 1746 dignemini
1761 1659 1847 1748 [ind.

479 1762 517 1828 in
534 1769 600 1829 art.
615 1763 731 1846 mort]
745 1802 790 1812 —
808 1759 884 1828 Fiat
899 1759 941 1829 R.
1627 1781 1631 1788 ·
1846 1793 1849 1798 ·

525 1934 608 1996 817.
635 1925 724 1994 Item
747 1926 832 2012 sign.
847 1926 938 2012 quod
952 1925 973 2006 J
975 1926 1137 2008 ohannes,
1152 1925 1221 1992 dux
1236 1923 1428 2007 Brabantie,
1440 1933 1475 1991 et
1490 1923 1629 2010 quidam
1644 1924 1699 1991 alii
1715 1925 1847 1993 nobiles

478 2031 585 2098 vicini
617 2029 758 2097 ecclesie
784 2029 957 2113 Leodien,
986 2032 1077 2097 bona
1107 2029 1314 2096 decanorum
1337 2035 1374 2096 et
1397 2028 1621 2115 capitulorum
1641 2029 1779 2115 majoris
1812 2037 1847 2095 et

480 2134 739 2219 collegiatarum
764 2132 1197 2214 aliarum'secundariarum
1212 2131 1373 2200 leodien.
1388 2123 1614 2214 ecclesiarum,
1629 2132 1664 2198 in
1679 2132 1846 2199 dictorum

480 2237 578 2306 ducis
593 2246 629 2303 et
643 2237 807 2304 nobilium
822 2237 885 2303 sita
901 2235 1116 2318 districtibus,
1131 2236 1175 2303 de
1190 2257 1282 2303 novo
1304 2225 1519 2317 arrestarun't,
1534 2255 1593 2302 seu
1608 2255 1668 2324 per
1683 2235 1846 2321 quosdam

481 2342 621 2428 ignotos
634 2342 796 2408 satellites
810 2361 926 2408 eorum
942 2342 1074 2408 occulte
1090 2339 1193 2408 fultos
1208 2340 1342 2422 auxilio,
1358 2338 1559 2406 Bellimanni
1579 2340 1779 2427 appellatos,
1791 2337 1849 2425 qui

481 2447 568 2512 alias
582 2452 787 2532 attemptare
802 2465 871 2512 non
886 2453 1127 2532 presumerent,
1143 2445 1272 2512 faciunt
1297 2452 1333 2511 et
1347 2444 1500 2512 fecerunt
1514 2443 1626 2531 sepius
1641 2445 1797 2531 occupari
1813 2452 1849 2510 et

481 2550 649 2631 arrestari,
674 2570 716 2617 ac
737 2548 1004 2636 jurisdictionem
1020 2547 1286 2616 ecclesiasticam
1299 2548 1336 2615 in
1351 2567 1468 2614 eorum
1483 2545 1687 2615 districtibus
1702 2556 1738 2614 et
1753 2546 1848 2614 terris

481 2656 681 2742 perturbant
705 2659 740 2720 et
764 2654 1001 2740 perturbarunt
1016 2652 1112 2717 annis
1126 2651 1276 2738 pluribus
1287 2651 1358 2736 jam
1372 2650 1506 2737 elapsis,
1531 2650 1618 2718 adeo
1633 2650 1724 2735 qnod
1737 2653 1849 2718 nullus

480 2862 618 2928 visitare
641 2861 767 2946 eisque,
791 2861 888 2927 annis
911 2860 1059 2946 pluribus
1070 2860 1142 2945 jam
1158 2858 1289 2944 elapsis,
1314 2857 1464 2944 dampna
1487 2857 1631 2944 plurima
1653 2866 1688 2924 et
1710 2858 1847 2944 injurias

482 2963 680 3045 inierendo;
704 2983 908 3050 quamquam
931 2961 1021 3048 idem
1047 2961 1116 3030 dux
1139 2970 1176 3029 et
1198 2962 1265 3044 alii,
1283 2970 1326 3028 ut
1341 2983 1361 3028 a
1375 2961 1544 3048 premissis
1563 2961 1848 3044 arrestationibus,

483 3067 787 3154 perturbationibus
801 3076 837 3132 et
862 3053 987 3152 injuriis
1012 3074 1114 3150 atque
1136 3065 1291 3152 dampnis
1313 3065 1513 3132 desisterent
1538 3065 1687 3149 requisiti
1701 3059 1847 3152 pluries,

485 3171 516 3236 id
532 3170 666 3236 efficere
682 3191 749 3235 non
766 3180 933 3236 curarunt.
957 3172 1070 3254 Quare
1085 3170 1233 3256 prefatus
1248 3172 1375 3236 electus
1391 3190 1486 3256 supp.
1499 3178 1590 3254 quat.
1617 3170 1665 3235 eis
1680 3180 1715 3235 et
1731 3191 1847 3236 eorum

484 3275 619 3338 cuilibet
641 3293 681 3339 ac
703 3274 852 3339 ecclesiis
876 3273 1054 3339 antedictis
1078 3283 1196 3340 contra
1218 3273 1364 3359 prefatos
1387 3273 1519 3354 ducem,
1547 3273 1677 3340 nobiles
1703 3281 1739 3338 et
1764 3273 1848 3338 alios

484 3501 566 3562 rum,
605 3490 778 3566 presentes
804 3490 838 3546 et
866 3480 1003 3561 futuros
1038 3489 1292 3546 conservatores
1307 3481 1379 3545 sine
1402 3481 1614 3566 prefinitione
1636 3482 1797 3567 temporis
1813 3483 1846 3545 in

484 3584 588 3649 forma
615 3583 814 3650 Viennensis
840 3585 984 3666 concilii,
1011 3585 1066 3667 qui
1095 3591 1320 3670 auct-apost.
1342 3585 1385 3650 ad
1408 3585 1654 3650 restitutionem
1683 3594 1717 3650 et
1741 3605 1846 3650 cessa-

485 3689 611 3753 tionem
639 3691 802 3754 bonorum
829 3699 863 3753 et
885 3688 1154 3773 jurisdictionum
1179 3675 1419 3773 occupatorum
1436 3697 1470 3753 et
1485 3694 1730 3767 arrestatorum,
1748 3708 1846 3752 occu·

485 3792 669 3876 pandorum
696 3812 754 3857 seu
778 3792 1045 3857 arrestandorum
1073 3777 1313 3877 imposterum,
1336 3812 1412 3856 cum
1443 3791 1597 3876 dampnis
1627 3800 1662 3855 et
1693 3792 1846 3875 expensis

485 3902 518 3960 et
545 3895 716 3974 interesse,
741 3895 945 3979 eosdemque
971 3915 1031 3980 per
1053 3895 1411 3961 excommunicationis
1430 3895 1463 3959 in
1480 3895 1660 3978 singulares
1687 3913 1848 3978 personas

484 4018 521 4063 ac
537 3998 707 4064 interdicti
732 3998 765 4062 in
789 3999 885 4063 terris
908 3998 1054 4083 ipsorum
1070 3998 1255 4063 sententias
1271 3999 1486 4090 compellant,
1515 3997 1698 4081 dignemini
1726 4017 1846 4062 conce-

484 4101 561 4166 dere
587 4102 743 4185 gratiose.
758 4141 802 4150 —
825 4100 900 4165 Fiat
917 4100 961 4166 ad
976 4100 1240 4185 quinquennium
1257 4101 1290 4164 in
1307 4095 1413 4165 fornia
1428 4100 1470 4166 de
1487 4100 1788 4178 conservatoribus
1806 4100 1846 4166 R.

525 4262 608 4322 818.
629 4253 716 4319 Item
727 4255 809 4340 sign.
823 4254 854 4319 S.
872 4253 911 4320 V.
927 4255 1036 4321 dictus
1052 4258 1188 4336 electuS,
1206 4256 1305 4341 quod,
1322 4257 1401 4322 licet
1418 4258 1520 4343 episc.
1536 4256 1708 4338 Leodien,
1724 4258 1779 4342 qui
1796 4268 1847 4324 est

483 4378 543 4443 pro
569 4367 734 4442 ternpore,
760 4358 884 4442 regalia
909 4379 967 4424 sua
991 4367 1026 4424 et
1051 4360 1153 4445 ipsius
1177 4361 1317 4425 ecclesie
1338 4360 1505 4436 Leodien,·
1515 4363 1557 4427 ab
1573 4362 1773 4447 imperatore
1789 4383 1848 4427 seu

484 4482 556 4547 rege
584 4460 824 4542 Romanorum,
849 4462 906 4545 qui
931 4483 992 4548 pro
1016 4472 1170 4548 tempore
1194 4472 1254 4542 est,
1278 4464 1425 4549 recipere
1448 4449 1613 4544 teneatur,
1633 4486 1696 4531 nec
1724 4466 1756 4529 in
1785 4466 1848 4531 illis

483 4566 713 4631 administrare
733 4566 839 4650 possit
863 4587 923 4652 per
945 4588 980 4632 se
1004 4569 1058 4632 vel
1077 4568 1197 4649 alium,
1221 4568 1283 4632 nisi
1305 4568 1395 4653 prius
1411 4568 1481 4653 ipsa
1497 4571 1540 4634 ab
1558 4569 1629 4654 ipso
1645 4569 1847 4654 imperatore

485 4689 539 4734 seu
554 4690 634 4753 rege
652 4667 881 4734 Romanorum
897 4671 1059 4756 receperit
1073 4694 1081 4750 ;
1098 4680 1224 4751 tamen,
1242 4673 1320 4756 quia
1336 4673 1446 4737 nullus
1458 4672 1501 4737 ad
1512 4693 1649 4758 presens
1665 4672 1847 4757 imperator

484 4775 535 4838 rel
559 4795 617 4838 rex
644 4772 873 4838 Romanorum
890 4775 1012 4854 existit,
1028 4796 1048 4839 a
1064 4797 1131 4860 quo
1156 4776 1345 4862 hujusmodi
1366 4777 1489 4861 regalia
1504 4777 1574 4862 peti
1590 4776 1729 4862 possint,
1751 4796 1846 4862 supp.

485 4878 590 4944 dictus
605 4879 744 4958 electus,
760 4886 852 4962 quat.
863 4878 924 4943 sibi
935 4887 970 4943 et
983 4879 1092 4945 eidem
1105 4867 1247 4945 ecclesie
1259 4901 1357 4965 super
1372 4880 1439 4946 hoc
1455 4880 1497 4945 de
1514 4889 1682 4965 oportuno
1697 4880 1847 4945 remedio

443 5015 448 5034 ·
485 4981 707 5065 providentes
733 4980 843 5046 eidem
866 4984 986 5063 elect0,
1010 4982 1052 5048 de
1078 4992 1187 5069 apost.
1212 4984 1420 5069 plenitudine
1446 4983 1635 5069 potestatis,
1661 4983 1846 5050 concedere

487 5083 674 5169 dignemini,
691 5093 729 5149 ut
754 5084 824 5170 ipse
850 5086 1038 5171 hujusmodi
1062 5088 1185 5171 regalia
1207 5087 1345 5173 perinde
1361 5088 1394 5151 in
1411 5087 1566 5152 omnibus
1582 5094 1616 5166 et
1631 5106 1691 5171 per
1722 5086 1845 5164 omnia,

489 5208 540 5272 per
554 5211 589 5256 se
604 5190 661 5254 vel
677 5188 780 5254 alium
797 5210 855 5254 seu
871 5191 965 5271 alios,
981 5211 1020 5255 ac
1033 5191 1210 5275 judicibus,
1237 5191 1379 5256 scabinis
1396 5200 1430 5270 et
1450 5188 1637 5275 justitiariis
1651 5187 1694 5253 ad
1709 5190 1845 5272 requisi-
