4650 6059
494 821 552 889 488
983 777 1072 851 1850,
1093 776 1189 840 26-28
1205 776 1334 857 janvier.

537 940 627 1012 1873.
652 921 739 986 Item
757 944 833 988 cum
847 923 1078 988 Ghiselbertus
1093 923 1135 988 de
1151 922 1406 1005 Thenismonte,
1422 933 1532 991 rector
1547 928 1665 993 altaris
1680 928 1723 1015 Β.
1738 928 1825 996 1111.

491 1030 540 1120 550·
559 1040 589 1095 in
605 1027 745 1092 ecclesia
761 1027 803 1092 de
822 1027 1065 1108 Hakendover,
1081 1026 1243 1092 Leodien.
1253 1027 1351 1109 dioc,
1368 1038 1403 1094 et
1419 1028 1618 1097 Guillelmus
1632 1031 1736 1114 Judei
1748 1044 1758 1070 ¹
1770 1055 1825 1101 can.

487 1129 705 1229 praebendatus
720 1131 861 1196 ecclesie
876 1130 1198 1214 ThenismonteusiS,
1214 1130 1304 1196 dicte
1330 1130 1490 1198 Leodien.
1515 1134 1614 1215 dioc,
1642 1158 1705 1223 per
1726 1159 1825 1225 procu·

485 1241 628 1297 satorem
644 1254 740 1298 suum
767 1234 857 1300 dicta
872 1254 932 1299 sua
957 1233 1122 1299 beneficia
1148 1232 1355 1318 resignarint,
1381 1234 1537 1321 dignetur
1553 1237 1585 1303 S.
1595 1237 1642 1318 ¹V.
1660 1239 1703 1305 de
1720 1261 1789 1306 mn.
1800 1249 1826 1306 et

481 1338 572 1421 preb.
588 1336 801 1402 Ghiselberto
816 1358 856 1403 ac
871 1337 1013 1403 rectoria
1029 1336 1144 1402 altaris
1160 1335 1199 1401 B.
1216 1334 1266 1401 M.
1283 1336 1464 1404 Guillelmo
1479 1340 1639 1425 predictis
1655 1344 1825 1429 providere.

526 1439 604 1505 Dat.
619 1441 719 1506 Avin.
741 1461 776 1526 15
794 1440 861 1507 kal.
878 1440 959 1507 febr.
974 1448 1007 1506 a⁰
1023 1443 1068 1526 8⁰.
1082 1441 1154 1523 (18,
1175 1442 1261 1523 128).

535 1579 676 1660 1874.
1490 1614 1529 1683 15
1533 1613 1585 1675 50,
1602 1595 1646 1659 26
1655 1594 1794 1676 Jorrur'er.

525 1698 625 1782 Supp.
643 1697 763 1778 Guido,
781 1699 957 1784 episcopus
970 1696 1115 1763 Vabren.
1131 1710 1153 1778 ²,
1170 1718 1247 1763 cum
1273 1696 1397 1761 virtute
1412 1697 1518 1782 gratie
1533 1707 1656 1780 vestre,
1673 1700 1755 1766 dum
1770 1709 1826 1765 erat

482 1802 657 1887 episcopus
685 1801 945 1884 Cameracensis,
968 1801 1195 1867 nominaverit
1222 1799 1414 1866 Guidonem
1439 1799 1562 1867 Molini
1594 1803 1628 1866 in
1660 1806 1745 1871 eccl.
1768 1804 1828 1871 coll.

480 1905 511 1969 S.
530 1903 680 1970 Ursnrari
697 1904 883 1986 Lobiensis,
894 1905 984 1971 dicte
1001 1905 1218 1971 Cameracen.
1234 1905 1331 1986 dioc,
1342 1904 1398 1987 qui
1414 1904 1523 1971 dictus
1538 1904 1684 1992 G(uido)
1701 1908 1828 1974 decessit

481 2017 561 2073 ante
577 2009 822 2075 assecutionem
833 2008 1022 2094 hujusmodi
1033 2009 1213 2095 prebende,
1226 2018 1318 2093 quat.
1329 2007 1527 2074 familiarem
1538 2029 1636 2076 suum
1648 2008 1668 2089 J
1670 2009 1827 2077 ohannem

482 2112 638 2193 Hazardi,
655 2114 813 2179 clericum
828 2113 918 2180 dicte
929 2101 1144 2180 Cameracen.
1160 2113 1258 2193 dioc,
1274 2114 1309 2177 in
1325 2112 1423 2179 dictis
1437 2111 1543 2197 gratia
1559 2121 1594 2179 et
1609 2115 1827 2181 nominatione

480 2237 612 2282 necnon
640 2218 782 2284 inomni
801 2218 874 2303 jure
900 2217 992 2283 dicto
1008 2216 1154 2283 Guidoni
1179 2224 1395 2302 competente
1417 2216 1497 2282 dum
1514 2216 1644 2283 viveret
1659 2218 1694 2283 in
1718 2218 1827 2285 eisdem

479 2320 661 2405 dignemini
674 2324 851 2407 subrogare
862 2322 905 2387 de
916 2321 996 2388 data
1012 2320 1251 2387 nominationis
1262 2320 1412 2406 predicte
1428 2329 1464 2385 ut
1483 2320 1516 2385 in
1532 2319 1697 2387 forma—
1708 2320 1782 2388 Fiat
1796 2317 1827 2386 R.

523 2424 604 2490 Dat.
619 2426 718 2490 Avin.
736 2443 756 2508 7
773 2424 841 2492 kal.
853 2426 934 2493 febr.
950 2433 984 2491 a⁰
1000 2429 1043 2492 8⁰.
1059 2428 1129 2507 (18,
1150 2425 1237 2509 13²)·

532 2562 672 2645 1875.
1360 2575 1364 2583 “
1417 2594 1511 2658 1550,
1536 2576 1793 2658 27-261'anvier.

524 2678 624 2745 Motu
639 2682 774 2767 proprio
789 2679 1004 2767 providemus
1019 2698 1107 2764 mag.
1123 2678 1340 2765 Ay(meri)co
1367 2679 1509 2759 Calveti,
1525 2681 1704 2765 capellano
1727 2689 1826 2748 nostro

480 2792 513 2849 et
530 2784 633 2849 nostri
650 2785 767 2871 palatii
784 2784 937 2864 auditori,
964 2783 1006 2849 de
1033 2803 1108 2848 can.
1131 2790 1167 2847 et
1193 2785 1285 2869 preb.
1311 2784 1451 2849 ecclesie
1477 2782 1649 2865 Leodien.,
1666 2784 1827 2871 dequibus

479 2908 584 2974 nuper
609 2908 669 2974 per
694 2890 747 2953 ob.
774 2908 861 2973 mag.
886 2887 1051 2965 Johannis
1078 2885 1262 2952 Hanesanc
1276 2899 1328 2950 ³...
1358 2908 1432 2953 vac.
1459 2886 1667 2972 providimus
1692 2887 1825 2965 Jobanni

481 2990 646 3057 Manhani
663 2992 705 3057 de
722 2989 880 3072 Bossaco,
899 2990 1069 3075 quondam
1097 2990 1298 3076 cappellano
1314 2990 1476 3056 continuo
1499 2993 1720 3059 commensali
1736 2991 1826 3060 cardi·

480 3096 563 3160 nalis
580 3096 806 3175 lemovicen,
834 3094 901 3179 qui,
918 3102 1101 3178 antequam
1128 3115 1244 3159 eorum
1271 3094 1516 3180 possessionem
1541 3102 1630 3160 esset
1660 3104 1827 3171 assecutus,

480 3208 574 3264 extra
593 3198 689 3264 Rom.
703 3199 827 3263 curiam
844 3198 933 3263 diem
954 3199 1073 3263 clausit
1097 3208 1284 3263 extremum
1300 3210 1321 3263 ⁴.
1340 3238 1379 3247 -
1408 3196 1486 3263 Fiat
1509 3206 1543 3263 et
1559 3200 1727 3285 exprimat
1741 3205 1827 3266 bene·

483 3303 557 3366 ficia
576 3303 608 3364 111
625 3302 835 3367 cancellaria.
852 3300 893 3365 R.
909 3309 921 3334 ⁸

536 3438 672 3520 1876.
1488 3470 1582 3535 1350,
1600 3452 1795 3533 adjunvier.

526 3555 690 3639 Dignetur
706 3555 737 3619 S.
755 3554 793 3619 V.
812 3555 961 3622 Roberto
987 3555 1030 3621 de
1045 3555 1161 3621 Tuicio
1178 3568 1199 3635 ⁵,
1216 3557 1379 3621 canonico
1403 3556 1543 3621 ecclesie
1565 3554 1833 3623 Monasteriensis

484 3659 603 3744 Eyflie,
621 3658 797 3727 Colonien.
812 3659 910 3740 dioc,
937 3661 1142 3746 procuratori
1160 3661 1243 3724 Rev.
1268 3659 1304 3724 P.
1331 3659 1457 3725 domini
1486 3658 1586 3740 Petri,
1614 3660 1646 3726 S.
1675 3660 1726 3727 M.
1743 3661 1834 3728 Nove

483 3763 616 3828 diaconi
633 3762 820 3842 cardinalis,
837 3762 879 3827 de
890 3762 1058 3828 decanatu
1073 3762 1164 3828 dicte
1181 3764 1321 3828 ecclesie
1338 3760 1614 3831 Monasteriensis
1631 3764 1753 3851 Eynie,
1768 3787 1833 3831 vac.

483 3868 525 3932 ad
541 3889 675 3953 presens
702 3888 761 3953 per
786 3870 839 3932 ob.
867 3868 1037 3952 quondam
1062 3867 1261 3933 Theoderici
1288 3867 1330 3932 de
1361 3868 1510 3947 Arivilre,
1538 3868 1592 3952 qui
1619 3878 1717 3935 extra
1745 3869 1833 3935 Rom.

484 3972 608 4036 curiam
625 3972 714 4036 diem
731 3971 850 4037 clausit
866 3979 1063 4051 extremum,
1089 3972 1182 4055 cujus
1208 3971 1371 4035 beneficia
1396 3991 1472 4035 cum
1500 3970 1609 4035 adhuc
1625 3972 1757 4038 viveret
1772 3972 1833 4038 sedi

484 4086 591 4161 apost.
609 4076 739 4141 fuerant
755 4084 936 4155 reservata,
953 4075 1057 4140 etiam
1076 4075 1101 4138 si
1114 4075 1224 4140 dictus
1239 4074 1423 4139 decanatus
1438 4074 1639 4157 generaliter
1653 4084 1835 4142 reservatus

484 4181 606 4244 existat
622 4182 675 4243 vel
692 4179 809 4263 quovis
825 4177 891 4243 alio
906 4178 1009 4244 modo
1024 4187 1133 4259 vacet,
1157 4178 1332 4264 providere
1356 4185 1451 4242 motu
1477 4177 1623 4263 proprio,
1651 4178 1780 4264 sibique
1804 4187 1835 4242 ut

485 4285 611 4350 dictum
628 4285 841 4363 decanatum,
858 4284 913 4367 qui
930 4283 1074 4368 dignitas
1097 4291 1210 4349 curata
1227 4281 1339 4347 existit
1354 4281 1376 4362 ¹³,
1394 4301 1551 4346 unacum
1567 4282 1835 4350 archidiaconatu

485 4390 526 4454 de
544 4388 728 4452 Fammena
744 4388 778 4451 in
806 4388 946 4452 ecclesia
973 4386 1143 4464 Leodien.,
1170 4387 1222 4455 cui
1249 4406 1328 4450 cura
1350 4384 1504 4448 imminet
1530 4385 1730 4467 animarum,
1747 4406 1835 4473 super

485 4512 551 4576 quo
568 4490 685 4575 litigat,
704 4491 736 4553 111
753 4511 833 4556 casu
848 4510 915 4574 quo
930 4490 1039 4555 dictus
1056 4489 1222 4554 Robertus
1238 4490 1345 4573 ipsum
1359 4489 1511 4553 evincere
1528 4489 1751 4575 contingeret,
1768 4490 1834 4555 insi·

484 4597 554 4660 mul
587 4595 676 4660 licite
713 4594 865 4673 retinere,
891 4594 1064 4677 dictosque
1100 4592 1409 4657 archidiaconatum
1440 4599 1474 4656 et
1504 4591 1708 4659 decanatum
1738 4594 1831 4659 etiarn

485 4698 616 4765 divisim
633 4720 709 4764 cum
726 4699 798 4762 aliis
813 4696 1039 4782 dignitatibus,
1055 4695 1226 4760 beneficiis
1241 4697 1295 4759 vel
1312 4694 1430 4760 officiis
1444 4703 1646 4780 permutare,
1662 4707 1698 4764 et
1709 4717 1829 4784 pennu·

518 4893 547 4950 a)
561 4893 624 4938 urin
637 4890 703 4940 datu,
723 4904 749 4934 st
762 4894 852 4934 trouve
864 4890 936 4933 entre
953 4882 1029 4930 deul.
1041 4882 1089 4936 seb.
1106 4891 1133 4928 αο
1144 4888 1170 4928 6⁰
1182 4883 1231 4930 eto
1244 4880 1292 4928 (111.
1299 4880 1353 4942 seb.
1366 4879 1476 4943 (corrige
1493 4880 1552 4943 plus
1570 4881 1629 4929 tani
1640 4895 1672 4930 en
1691 4884 1708 4929 2
1725 4881 1757 4930 id.
1768 4879 1829 4936 dan).

486 4995 517 5003 -
529 4966 558 5025 b)
576 4963 631 5011 (lul.
644 4965 739 5010 extitit.

520 5155 540 5198 l.
555 5151 660 5198 llirsclr..
675 5147 750 5195 noll..
764 5148 818 5193 355.
831 5175 861 5183 -
873 5150 895 5193 2.
909 5147 967 5206 (luy
984 5146 1016 5191 de
1028 5143 1184 5192 l'cnladour.
1204 5141 1329 5189 transiere
1346 5141 1378 5189 ‹le
1400 5141 1518 5188 Cambrai
1531 5142 1546 5188 a
1559 5138 1657 5188 Vabres
1669 5138 1693 5187 le
1705 5142 1734 5187 17
1751 5135 1829 5185 ternu

490 5227 550 5271 11111
564 5224 668 5283 (anun,
684 5224 702 5279 1,
716 5223 827 5281 1111).-
846 5222 868 5267 3.
880 5220 940 5266 von
952 5234 977 5267 n.
992 5219 1060 5265 1532.
1074 5245 1104 5254 -
1116 5219 1138 5266 1.
1150 5217 1212 5263 von
1224 5230 1248 5263 n.
1268 5218 1338 5264 11111.
1349 5242 1380 5249 -
1392 5219 1414 5261 a.
1427 5214 1489 5261 uon
1500 5228 1526 5264 n.
1539 5215 1610 5263 loro.
