4650 6059
957 826 1044 899 1348,
1070 826 1157 887 21-23
1177 825 1252 904 jun.
1724 826 1785 889 365

464 992 510 1045 ct.
523 987 635 1064 apost.
646 975 750 1041 etiam
763 977 851 1062 apud
863 977 978 1046 sedern
995 986 1104 1061 apost.
1114 977 1219 1042 tribus
1234 978 1384 1062 personis
1400 977 1542 1063 ydoneis
1557 998 1640 1062 quas
1655 978 1786 1043 duxerit

465 1082 595 1167 gendas
610 1101 686 1147 can.
702 1089 737 1145 et
756 1080 961 1165 prebendam
972 1073 1054 1146 eccl.¹
1070 1079 1336 1162 Tomacensis‚...
1352 1101 1425 1146 vac.
1451 1102 1511 1167 per
1527 1081 1656 1147 obitum
1681 1102 1785 1166 quon·

462 1208 500 1250 m
517 1184 691 1250 Lamberti
709 1183 841 1262 Ferolii,
858 1184 938 1249 olim
955 1183 1035 1249 dicti
1064 1183 1213 1269 episcopi
1230 1185 1402 1250 cambrerii
1419 1194 1454 1250 et
1469 1184 1640 1249 familiaris
1654 1185 1786 1251 domes-

462 1291 482 1356 :i
497 1299 532 1355 et
549 1288 785 1355 commensalis
801 1298 851 1368 ¹,...
862 1287 1047 1353 concedere
1062 1286 1246 1371 dignemini
1262 1288 1492 1354 facultatem...
1509 1329 1552 1338 —
1569 1287 1647 1353 Fiat
1666 1287 1705 1355 R.

470 1394 550 1459 Dat.
567 1392 669 1457 Avin.
689 1412 723 1456 11
743 1391 809 1456 kal.
822 1393 882 1477 jul.
898 1399 932 1457 a⁰
949 1398 991 1474 7⁰.
1009 1392 1022 1472 1
1031 1399 1079 1470 15,
1095 1392 1163 1473 69).

481 1530 620 1616 1373.
1493 1545 1587 1627 1348,
1605 1564 1643 1608 21
1656 1542 1744 1625 juin.

472 1648 572 1734 Supp.
602 1645 809 1728 Jo(hannes)
840 1645 882 1710 de
907 1643 1108 1729 Columpna,
1144 1646 1176 1710 S.
1199 1645 1319 1731 Angeli
1343 1646 1428 1713 diac.
1457 1646 1556 1729 card,
1588 1656 1680 1732 quat.
1711 1648 1788 1735 [suo

463 1750 579 1817 miliari
606 1749 794 1815 domestico
818 1748 964 1826 Johanni
989 1749 1082 1815 dicto
1108 1748 1242 1814 Puinfer
1268 1750 1310 1815 de
1327 1748 1476 1816 Liemoir
1488 1760 1507 1831 ²,
1534 1750 1673 1838 clerico]
1703 1751 1788 1817 Leo-

462 1857 516 1919 Len.
531 1854 662 1936 dioc.,...
678 1855 720 1920 de
737 1874 812 1921 can.
837 1863 872 1919 et
896 1857 988 1941 preb.
1010 1854 1092 1920 eccl.
1113 1854 1362 1939 Ayncuriensis,
1387 1854 1477 1921 dicte
1502 1854 1662 1921 Leodien.
1690 1856 1787 1922 dioc,

462 1979 502 2023 sc.
518 1957 561 2025 ad
576 1979 712 2045 presens
721 1979 781 2044 per
790 1966 933 2023 mortem
950 1956 1088 2024 Gerardi
1104 1958 1185 2025 dicti
1197 1959 1240 2024 de
1255 1960 1368 2040 Aras³,
1384 1959 1493 2027 clerici
1511 1958 1715 2042 Leodiensis,
1732 1962 1787 2046 qui

462 2082 534 2149 uper
548 2062 582 2127 in
600 2060 900 2149 Montepessulano
914 2061 1005 2127 diem
1022 2062 1141 2127 clausit
1160 2071 1358 2144 extremum,
1375 2083 1515 2149 quorum
1531 2063 1657 2131 fructus
1672 2085 1789 2131 secun·

462 2185 510 2231 um
524 2165 733 2232 taxationem
750 2164 880 2233 decime
896 2165 1087 2251 quindecim
1109 2185 1296 2232 marcarum
1318 2168 1445 2252 argenti
1468 2168 1619 2234 valorem
1641 2188 1789 2234 annuum

462 2290 499 2336 on
522 2268 699 2351 excedunt,
727 2268 836 2336 eidem
859 2268 1008 2346 Johanni
1033 2267 1197 2334 Poinfer...
1214 2269 1396 2355 dignemini
1415 2270 1601 2356 providere,
1617 2291 1686 2337 non
1703 2274 1789 2338 obst.

462 2374 520 2440 uod
534 2377 612 2440 ben.
628 2374 672 2441 ad
687 2374 763 2441 coll.
774 2372 911 2460 capituli
928 2371 966 2439 B.
978 2371 1027 2439 M.
1037 2371 1274 2454 Cennacensis,
1286 2372 1377 2439 dicte
1392 2374 1490 2457 dioc,
1506 2375 1655 2442 noscitur
1670 2396 1791 2464 expec-

462 2499 512 2543 ue.
527 2520 572 2528 —
585 2477 664 2544 Fiat
678 2477 718 2544 R.

477 2582 552 2649 Dat.
569 2583 669 2649 rivin.
690 2603 724 2648 11
743 2581 809 2648 kal.
823 2583 894 2668 julii
917 2592 950 2648 a⁰
968 2590 1009 2665 7⁰.
1026 2584 1098 2666 (15,
1117 2589 1200 2666 75V).

485 2720 622 2806 1374.
1130 2813 1132 2820 Ι
1181 2795 1184 2799 r
1491 2736 1586 2818 1348,
1605 2756 1646 2798 η
1656 2733 1745 2816 juin.

473 2837 563 2922 Sign.
578 2836 610 2902 S.
623 2835 663 2903 V.
679 2836 910 2923 G(uillelmus)
929 2837 1073 2923 Rogerii,
1085 2837 1277 2905 vicecomes
1303 2837 1484 2904 Bellifortis
1499 2846 1533 2904 et
1551 2836 1648 2904 Mote
1663 2850 1683 2917 ⁴,
1700 2837 1790 2923 quod

462 2963 506 3006 rm
521 2941 692 3007 Gonterus
707 2941 749 3009 de
766 2941 945 3024 Balneolis,
961 2941 1132 3009 familiaris
1147 2963 1225 3008 suus
1252 2952 1286 3008 et
1309 2949 1504 3027 procurator
1522 2941 1700 3007 liberorum
1716 2961 1790 3007 suo·

462 3065 502 3109 nn
514 3045 548 3109 in
567 3044 719 3125 Francia,
736 3054 824 3113 esset
839 3047 872 3112 in
889 3049 971 3114 eccl.
988 3048 1019 3113 S.
1037 3047 1218 3113 Donatiani
1235 3045 1412 3131 Brugensis
1426 3052 1449 3124 ²¹,
1466 3044 1675 3112 Toumacen.
1691 3036 1789 3125 dioc,

462 3157 517 3214 rct.
535 3157 644 3234 apost.
660 3160 814 3236 receptus
844 3151 877 3215 in
904 3153 1104 3218 canonicum
1135 3160 1170 3216 et
1200 3152 1233 3215 in
1261 3151 1396 3215 fratrem
1421 3152 1481 3214 sub
1505 3170 1580 3235 exp.
1598 3152 1688 3235 preb.
1706 3159 1740 3215 et
1756 3150 1789 3213 in

462 3252 551 3317 idern
569 3253 651 3318 eccl.
676 3273 782 3339 nuper
806 3256 978 3321 vacaverit
1003 3257 1148 3341 quedam
1167 3256 1337 3343 prebenda
1362 3276 1422 3342 per
1446 3257 1499 3321 ob.
1521 3254 1685 3333 Johannis
1709 3254 1790 3319 dicti

462 3357 587 3423 antoris
601 3356 643 3421 de
654 3356 956 3443 Ghiseglrem,alias
968 3360 1010 3426 de
1026 3361 1245 3448 Alost,1ipsius
1256 3360 1397 3427 ecclesie
1413 3359 1566 3425 canonici
1583 3359 1789 3446 prebendati,

462 3469 693 3545 ocuratorque
708 3460 789 3525 dicti
800 3459 952 3527 Gonterii
969 3464 1195 3549 acceptaverit
1220 3464 1347 3548 sibique
1363 3462 1528 3549 provideri
1545 3462 1661 3528 fecerit
1677 3462 1790 3528 induc-

462 3584 553 3648 rsque
569 3564 667 3628 suerit
684 3564 716 3627 in
733 3567 940 3651 corporalem
967 3568 1211 3654 possessionem
1237 3568 1409 3652 ejusdem;
1438 3588 1554 3632 verum
1579 3588 1655 3633 cum
1682 3567 1791 3632 dictus

464 3681 603 3734 onterus
618 3668 842 3733 verisimiliter
856 3669 988 3737 dubitet
1004 3693 1046 3736 ne
1062 3672 1152 3738 dicta
1169 3672 1339 3759 prebenda
1366 3672 1463 3737 fuerit
1479 3692 1538 3757 per
1553 3672 1667 3737 sedem
1682 3680 1790 3758 apost.

462 3781 608 3852 servata,
625 3792 720 3858 supp.
748 3772 837 3837 idem
864 3774 1053 3841 vicecomes
1077 3786 1167 3860 quat.
1196 3776 1304 3862 [dicto
1321 3774 1488 3860 Gontero]
1507 3775 1631 3840 dictam
1653 3776 1792 3861 preben-

462 3897 508 3942 rm
524 3877 709 3962 dignemini
737 3887 824 3945 auct.
852 3890 959 3965 apost.
981 3902 1022 3945 ex
1050 3890 1141 3947 certa
1167 3881 1306 3948 scientia
1332 3880 1539 3959 confirmare,
1567 3877 1792 3944 reservatione

462 3982 534 4047 isius
557 3981 727 4067 prebende
752 4004 810 4068 per
838 4004 898 4048 vos
925 3985 978 4048 vel
1003 3970 1254 4070 predecessores
1269 3992 1398 4050 vestros
1425 3984 1512 4049 facta
1539 4003 1606 4048 non
1635 3985 1790 4047 obstante

462 4105 644 4169 uacumque
661 4095 695 4150 et
711 4086 783 4151 aliis
799 4108 866 4153 non
884 4090 969 4153 obst.
986 4126 1027 4132 —-
1045 4088 1122 4153 Fiat
1139 4089 1179 4154 R.

480 4188 558 4254 Dat.
574 4189 675 4254 Avin.
696 4210 733 4254 ro
750 4189 816 4256 kal.
830 4192 901 4277 julii
919 4200 952 4256 a⁰
969 4204 1011 4275 7⁰.
1029 4200 1099 4275 (15,
1118 4196 1175 4276 77)

489 4324 627 4409 1375
1497 4341 1592 4423 1348,
1610 4358 1649 4422 25
1661 4337 1748 4419 jacin.

483 4441 601 4527 Supp...
630 4440 756 4524 Petrus,
784 4445 884 4531 episc.
917 4446 1128 4523 Sabinen.⁵,...
1144 4453 1234 4529 quat.
1260 4444 1302 4508 de
1328 4443 1488 4530 porcione
1512 4444 1594 4508 eccl.
1612 4441 1793 4527 Legionen.

462 4559 514 4608 tun
538 4546 762 4631 prestimoniis
778 4568 854 4614 curn
871 4549 1075 4614 vacaverit...
1091 4548 1274 4633 dignemini
1290 4547 1465 4633 providere
1481 4546 1500 4625 J
1504 4546 1630 4612 ohanni
1646 4546 1794 4631 Aucupis

462 4641 488 4706 le
499 4646 652 4715 Watenes
667 4648 687 4730 ⁶,
707 4649 872 4717 Morinen.
890 4652 987 4730 dioc,
1016 4652 1144 4717 cantori
1171 4651 1300 4737 capelle
1326 4671 1394 4727 sue,
1411 4670 1478 4714 non
1496 4651 1581 4714 obst.
1598 4649 1689 4733 quod
1705 4649 1794 4714 idem

463 4741 607 4818 lohannes
623 4754 763 4819 terciam
788 4756 983 4842 porcionem
1000 4756 1151 4841 parroch.
1169 4755 1309 4821 ecclesie
1326 4754 1356 4820 S.
1373 4753 1537 4832 Johannis
1554 4753 1740 4818 Gandensis
1756 4773 1794 4817 ac

490 4933 511 4992 ²)
523 4937 571 4987 (lvi.
582 4941 724 5002 burgensis.

471 5042 687 5068 &—

497 5116 570 5169 bloir
580 5140 603 5173 u.
618 5129 765 5175 11411--2,
779 5126 838 5174 l'oir
851 5142 875 5174 n.
890 5130 959 5174 l3tu3.
972 5154 1002 5160 —-
1016 5130 1038 5172 3.
1054 5125 1112 5172 l'oir
1125 5141 1150 5173 n.
1166 5127 1232 5171 13:35.
1249 5124 1316 5170 13111.
1331 5151 1336 5155 -
1350 5150 1360 5155 -
1376 5124 1394 5168 l.
1410 5120 1484 5168 Flere
1496 5121 1531 5167 du
1546 5121 1618 5182 Papo.
1632 5147 1662 5152 --
1674 5123 1696 5167 b.
1712 5119 1793 5166 Pierre

475 5181 573 5304 3³3³me
590 5202 616 5247 ll
629 5199 711 5261 juillet
727 5203 789 5248 1348
808 5200 911 5261 (llubcl,
927 5201 945 5257 1,
965 5201 1016 5259 37).
1036 5227 1060 5232 u
1078 5202 1099 5244 tl.
1118 5199 1182 5244 duan
1205 5195 1709 5256 l'‹.rglrclarcdcll'ntteu;voiru.1022,
1725 5194 1792 5241 1223.

510 5281 527 5310 ··.
