4650 6059
480 732 541 796 262
997 729 1085 802 rara,
1108 729 1198 792 13-22
1218 729 1327 810 juillet.

481 883 579 947 Ahen
596 879 800 961 monasterii,
818 879 1034 946 Lemom'cen.
1055 880 1152 959 dioc,
1170 881 1387 945 ecclesiarum
1411 882 1566 947 canonici
1584 881 1694 967 [quat.
1710 901 1846 967 permu-

482 997 553 1051 tare
569 983 765 1070 valeantl..
784 1008 792 1064 ;
809 1005 878 1049 non
895 988 980 1049 obst.
998 984 1088 1068 quod
1103 983 1212 1048 dictus
1230 982 1349 1049 Helias
1365 1005 1438 1050 can.
1464 993 1498 1049 et
1513 989 1605 1070 preb.
1633 986 1666 1049 in
1695 985 1848 1050 ecclesiis

485 1088 667 1153 Camoten.
683 1096 718 1152 et
734 1086 951 1152 Cameracen.
968 1087 1119 1151 obtinere
1135 1095 1303 1152 noscatur.
1319 1128 1362 1135 ——
1379 1086 1457 1151 Fiat
1473 1087 1513 1152 R.

529 1192 605 1256 Dat.
623 1212 677 1277 ap.
694 1190 942 1255 Villamnovam
960 1193 978 1254 8
995 1190 1038 1254 id.
1050 1189 1122 1274 Julii
1139 1198 1174 1254 a⁰
1191 1199 1233 1274 5⁰.
1249 1194 1314 1273 (ll,
1329 1194 1409 1273 81¹).

540 1329 681 1412 1025.
1514 1342 1608 1424 1546,
1627 1360 1667 1423 ι]
1678 1339 1804 1422 juillet.

529 1448 630 1532 Supp.
645 1445 818 1523 Jolrannes
833 1444 874 1509 de
891 1442 1052 1518 Aclreriis
1076 1452 1167 1525 quat.
1197 1442 1273 1527 [suo
1298 1442 1547 1527 consanguineo
1570 1464 1731 1528 gennano
1761 1443 1848 1508 Lau-

487 1551 596 1615 rentio
612 1548 757 1629 Bouton,
774 1546 869 1633 cler]
889 1546 1046 1611 Parisien.
1062 1545 1159 1626 dioc,
1176 1545 1219 1610 de
1235 1566 1310 1610 can.
1327 1554 1361 1611 et
1377 1549 1468 1631 preb.
1481 1548 1564 1612 eccl.
1580 1548 1612 1611 S.
1625 1547 1715 1611 Petri
1728 1547 1848 1611 Arien-

486 1654 538 1733 sis,
556 1651 724 1716 Morinen.
740 1650 838 1726 dioc..
855 1669 927 1714 vac.
943 1670 1003 1735 per
1019 1651 1072 1713 ob.
1089 1647 1254 1726 Johannis
1269 1650 1310 1715 de
1328 1649 1536 1716 Monasterio
1563 1651 1634 1716 sive
1659 1652 1702 1717 de
1731 1650 1847 1717 Mous-

486 1758 575 1836 tiers,
591 1755 699 1820 ultimi
715 1755 881 1820 dictorum
898 1773 972 1818 can.
989 1760 1023 1816 et
1038 1756 1130 1837 preb.
1146 1774 1221 1818 can.
1249 1757 1341 1839 preb.
1358 1764 1376 1833 ¹,
1404 1754 1460 1837 qui
1486 1762 1565 1819 ante
1591 1754 1845 1820 revocationem

486 1881 546 1947 per
561 1860 593 1923 S.
610 1858 649 1923 l'.
666 1858 746 1923 olim
763 1858 886 1922 factam
901 1857 943 1922 de
959 1858 1240 1922 reservatiombus
1256 1858 1455 1943 specialibus
1471 1869 1637 1924 certomm
1666 1860 1845 1924 canonica-

487 1973 581 2029 tuum
598 1973 633 2027 et
648 1965 740 2047 preb.
756 1970 832 2040 etc,
848 1971 942 2025 extra
959 1960 1056 2025 Rom.
1070 1982 1137 2026 cur.
1153 1961 1243 2026 diem
1255 1962 1375 2027 clausit
1390 1970 1578 2027 extremum
1594 1984 1602 2041 ;
1620 1983 1704 2046 quos
1719 1961 1842 2027 dudum

488 2075 567 2131 ante
585 2065 796 2130 vacationem
813 2063 1001 2148 hujusmodi
1018 2064 1136 2129 eadem
1153 2063 1237 2145 S.l⁷.,
1249 2073 1345 2150 pont.
1358 2065 1406 2129 sui
1419 2086 1511 2130 anno
1526 2065 1644 2150 primo,
1655 2065 1726 2131 sedi
1738 2076 1844 2152 apost.

488 2168 680 2247 reservavit,
697 2167 806 2232 eidem
824 2166 1003 2234 Laurentio
1019 2169 1200 2253 dignemini
1217 2169 1394 2255 providere
1408 2193 1416 2249 ;
1444 2190 1511 2234 non
1528 2171 1615 2234 obst.
1639 2170 1732 2253 quod
1749 2170 1789 2235 l'.
1816 2172 1844 2235 S.

487 2273 619 2358 prefato
644 2270 826 2336 Laurentio
841 2272 884 2337 de
900 2273 1024 2338 vicaria
1040 2294 1132 2358 perp.
1142 2274 1278 2357 majoris
1294 2274 1409 2339 altaris
1427 2275 1508 2339 eccl.
1524 2271 1726 2351 Tomacen.,
1747 2297 1845 2359 quam

488 2376 577 2441 dom.
595 2375 767 2452 Jolrannes
782 2375 824 2440 de
841 2375 1038 2461 Hakegnies
1053 2377 1184 2442 obtinet
1201 2377 1234 2440 in
1259 2377 1416 2462 presenti,
1442 2397 1519 2441 cum
1543 2377 1615 2462 ipsa
1643 2379 1769 2444 vicaria
1792 2400 1848 2465 per

489 2480 733 2545 assecutionem
750 2480 890 2565 pacifice
906 2480 1123 2565 possessionis
1149 2481 1367 2566 lrospitalarie
1394 2480 1570 2566 hospitalis
1597 2480 1636 2545 B.
1654 2479 1703 2545 M.
1720 2481 1847 2547 Toma-

489 2604 562 2648 cen.
577 2603 698 2647 vacare
715 2583 934 2667 contingeret,
950 2583 1161 2648 mandaverit
1176 2582 1344 2668 provideri
1357 2606 1366 2661 ;
1379 2604 1492 2649 secum
1508 2584 1748 2650 nichilominus
1760 2585 1847 2670 quod

488 2708 555 2752 non
573 2691 658 2752 obst.
675 2687 926 2771 quibuscunque
941 2687 1238 2752 consuetudinibus
1252 2696 1286 2752 et
1299 2688 1434 2752 statutis
1445 2687 1536 2752 dicte
1548 2689 1630 2753 eccl.
1646 2687 1846 2764 Tornacen.‚

489 2791 607 2875 quibus
627 2790 738 2855 caveri
755 2790 876 2855 dicitur
891 2788 981 2873 quod
995 2789 1216 2854 beneficiatus
1231 2782 1359 2854 dictam
1382 2789 1542 2854 vicariam
1558 2811 1617 2855 seu
1632 2791 1743 2875 ipsam
1758 2793 1847 2857 rica-

489 2896 570 2960 riam
587 2895 753 2974 obtinens,
770 2893 859 2958 aliud
873 2896 950 2958 ben.
967 2914 996 2958 c.
1013 2913 1042 2958 c.
1058 2893 1112 2957 vel
1129 2914 1154 2957 s.
1171 2913 1200 2957 c.
1216 2914 1370 2958 unacum
1386 2893 1477 2958 dicta
1504 2893 1628 2959 vicaria
1654 2915 1724 2959 non
1744 2895 1848 2980 possit

489 3000 580 3064 licite
595 2999 758 3076 obtinere,
774 2998 887 3062 valeat
903 2997 1027 3062 dictam
1053 2997 1212 3061 vicariam
1229 3017 1388 3062 unacum
1413 3018 1486 3063 can.
1512 3006 1547 3063 et
1570 3002 1662 3083 preb.
1678 3000 1847 3085 predictis,

489 3123 532 3166 ac
544 3102 633 3186 ipsos
649 3122 721 3166 can.
738 3109 772 3165 et
788 3104 879 3185 preb.
896 3121 1049 3165 unacum
1065 3100 1156 3164 dicta
1172 3099 1295 3165 vicaria
1312 3100 1403 3166 licite
1419 3101 1580 3183 obtinere,
1605 3102 1849 3188 dispensantes

491 3206 534 3269 lit
550 3206 641 3288 quod
656 3207 787 3290 placeat
805 3206 835 3268 S.
853 3204 892 3268 V.
908 3205 950 3268 ad
966 3205 1253 3289 dispensationem
1270 3213 1307 3268 ut
1324 3206 1435 3269 valeat
1462 3207 1635 3270 concessio
1660 3208 1857 3291 specialiter

489 3310 699 3394 respondere.
718 3349 759 3355 -—
777 3307 852 3371 Fiat
870 3318 903 3371 et
919 3308 1160 3392 dispensamus.
1178 3308 1217 3371 R.

534 3412 612 3475 Dat.
629 3412 727 3474 Asin.
746 3432 762 3493 3
781 3412 903 3495 idjnlii
922 3421 955 3490 a‘·
973 3420 1013 3494 ς’.
1030 3414 1096 3493 (ll,
1114 3412 1197 3482 doli.

543 3548 686 3627 1026.
1517 3561 1611 3643 1546,
1629 3581 1670 3643 19
1680 3558 1807 3640 jm'ller.

531 3668 632 3752 Supp.
651 3666 769 3730 Helias
784 3665 825 3728 de
842 3664 1070 3744 l'entlrodoro,
1088 3687 1160 3730 can.
1188 3670 1279 3751 preb.
1296 3667 1377 3731 eccl.
1403 3665 1594 3745 Camoten,
1619 3663 1861 3738 Cameracen,

488 3771 584 3835 Ahen
607 3770 845 3848 montasterii),
871 3765 1087 3834 Lemovicen.
1113 3770 1211 3849 dioc,
1236 3791 1276 3834 ac
1303 3790 1387 3854 pers
1405 3770 1561 3834 obtinens
1584 3769 1626 3834 de
1650 3768 1855 3842 Wambeke‚

486 3875 576 3939 dicte
591 3874 806 3939 Cameracen.
822 3873 919 3949 dioc,
932 3882 1023 3955 quat.
1039 3873 1147 3938 eidem
1178 3874 1362 3939 concedere
1389 3874 1582 3959 dignemini,
1607 3875 1650 3940 ad
1673 3875 1782 3939 vitam
1798 3875 1855 3939 rel

486 3979 529 4044 ad
544 3988 686 4064 tempus,
703 3988 801 4063 prout
824 3976 863 4040 E.
879 3976 911 4039 S.
927 3978 1088 4061 placuerit
1114 3978 1379 4058 concedendum,
1407 3988 1442 4042 ut
1470 3978 1656 4043 insistendo
1682 3978 1716 4042 in
1745 3981 1852 4044 altero

485 4083 722 4146 beneficiorum
746 4102 878 4145 suorum
905 4082 1031 4146 fructus
1033 4132 1084 4145 .....
1104 4083 1245 4146 aliorum
1272 4085 1349 4146 ben.
1377 4103 1522 4161 suorum,
1550 4103 1615 4165 que
1639 4085 1772 4147 obtinet
1799 4082 1850 4146 rel

485 4186 649 4248 obtinebit
666 4187 697 4247 iu
717 4186 1085 4264 l‘utumm,integraliter
1100 4186 1249 4270 recipiat,
1263 4208 1302 4251 ac
1318 4186 1343 4250 si
1360 4187 1393 4249 in
1411 4186 1489 4270 ipsis
1502 4185 1675 4250 beneficiis
1690 4208 1845 4272 persona·

485 4288 560 4350 liter
576 4288 743 4358 resideret,
757 4289 934 4351 cotidianis
950 4289 1238 4354 distributionibus
1254 4290 1428 4353 dumtaxat
1441 4290 1590 4374 exceptis
1604 4313 1611 4367 ;
1626 4311 1694 4354 non
1713 4293 1842 4355 obstan·

485 4391 572 4453 tibus
588 4391 850 4473 ‹ptilmscunque
866 4433 909 4439 -
927 4390 952 4453 F
955 4392 999 4454 iat
1016 4393 1058 4455 ad
1074 4392 1274 4456 decennium
1293 4391 1332 4457 R.

532 4492 604 4557 bat.
621 4495 720 4557 stt-in.
743 4516 776 4576 14
796 4494 859 4558 kal.
877 4517 949 4577 aug.
967 4507 999 4558 a⁰
1017 4506 1057 4577 ς’.
1076 4503 1141 4566 tll,
1160 4500 1243 4579 οἳ).

539 4630 677 4709 1027.
1507 4648 1602 4731 1346,
1619 4670 1660 4711 22
1678 4644 1801 4727 juillet.

526 4749 627 4832 Supp.
654 4746 867 4811 Hermaunns
883 4748 924 4811 de
945 4748 1087 4833 Heyrlen
1105 4759 1138 4813 et
1156 4748 1321 4815 Gemrdus
1345 4750 1387 4814 de
1406 4749 1521 4829 Horst,
1538 4758 1629 4833 quat.
1656 4772 1734 4816 cum
1760 4751 1839 4815 Her·

484 4873 625 4915 nmnnus
638 4873 711 4915 turn.
725 4865 757 4915 et
772 4854 863 4935 preb.
882 4850 1169 4924 ilormsterien.‚et
1186 4852 1352 4918 Geranlus
1368 4853 1508 4939 predicti
1527 4875 1601 4918 can.
1618 4863 1653 4919 et
1666 4858 1759 4940 preb.
1773 4854 1840 4937 Ny·

483 4956 645 5028 vellensis,
664 4954 822 5019 leodien.
840 4956 936 5026 dioc..
954 4957 1178 5026 ecclesiarum.
1196 4979 1280 5040 <pros
1303 4958 1510 5037 obtinebant,
1529 4958 1561 5021 in
1578 4959 1734 5023 manibus
1753 4958 1791 5023 R.
1808 4957 1840 5022 P.

517 5165 535 5207 l.
552 5162 645 5207 llnllm.
661 5177 683 5206 lt.
700 5164 766 5208 llll'.
