4650 6059
1023 786 1108 859 1352,
1134 787 1168 849 15
1187 784 1313 866 jannei.
1789 792 1850 855 607

481 940 563 1002 bac.
582 938 615 1001 in
631 938 745 1016 theol,
772 938 958 1003 Tomacen.
985 938 1082 1016 dioc,
1109 937 1151 1002 de
1178 937 1313 1022 paroch.
1330 938 1411 1002 eccl.
1427 936 1469 1002 de
1493 937 1676 1019 Cormeliis,
1695 941 1850 1007 Parisien.

482 1041 587 1120 dioc,
600 1062 672 1107 vac.
685 1063 743 1127 per
755 1042 1016 1126 resignationem
1028 1041 1153 1107 factam
1166 1061 1226 1127 per
1237 1049 1487 1127 procuratorem
1502 1041 1602 1106 Helie
1614 1044 1655 1107 de
1669 1043 1818 1111 Corsone
1833 1058 1850 1112 ¹.

534 1145 622 1209 Item
648 1146 830 1230 dignemini
856 1147 1031 1231 providere
1058 1145 1208 1211 Antonio
1225 1144 1325 1211 Sause
1338 1158 1359 1222 ²,
1376 1145 1560 1230 presbitero
1576 1145 1790 1228 Tornacensi‚
1808 1151 1849 1215 de

487 1249 687 1335 capellaniis
713 1271 804 1335 perp.
822 1250 996 1336 hospitalis
1019 1270 1202 1336 pauperum
1220 1247 1258 1313 B.
1277 1246 1325 1314 M.
1341 1247 1566 1314 Tornacensis
1581 1257 1615 1314 et
1631 1250 1673 1315 de
1691 1250 1848 1334 Hamae,

485 1353 678 1419 Tomacen.
691 1353 788 1433 dioc,
801 1375 873 1420 vac.
887 1374 946 1440 per
956 1353 1217 1437 resignationem
1234 1353 1357 1418 factam
1372 1372 1431 1437 per
1446 1362 1693 1437 procuratorem
1712 1354 1849 1422 Roberti

486 1457 532 1521 de
557 1456 765 1523 Bondevilla.
781 1462 852 1538 (21,
869 1457 905 1522 P.
928 1457 973 1538 II,
992 1459 1059 1541 30).

535 1560 624 1625 Item
640 1561 821 1646 dignemini
838 1562 1012 1649 providere
1026 1561 1171 1628 Nicolao
1186 1560 1228 1628 de
1244 1561 1499 1641 Sinardimonte,
1513 1563 1696 1647 presbitero
1713 1566 1850 1631 Ambia-

486 1687 568 1730 nen.
587 1665 683 1745 dioc,
700 1667 742 1731 de
758 1667 913 1752 portione
928 1666 1063 1752 paroch.
1080 1666 1221 1732 ecclesie
1237 1665 1268 1730 S.
1285 1664 1467 1730 Salvatoris
1483 1663 1669 1749 Brugensis,
1698 1688 1769 1732 vac.
1794 1690 1852 1754 per

485 1769 748 1852 resignationem
773 1770 895 1835 factam
922 1789 982 1855 per
1007 1777 1257 1855 procuratorem
1282 1788 1370 1852 mag.
1396 1767 1534 1833 Roberti
1553 1767 1694 1835 infantis
1709 1782 1730 1852 ³,
1747 1771 1800 1836 lic.
1817 1773 1850 1837 in

484 1874 551 1957 leg.
569 1913 613 1921 -
630 1872 706 1938 Fiat
722 1894 782 1959 pro
798 1874 952 1939 omnibus
969 1872 1009 1939 R.

531 1977 613 2041 Dat.
630 1978 728 2042 Avin.
749 1980 785 2042 18
802 1977 868 2043 kal.
886 1978 965 2043 febr.
979 1985 1012 2043 a⁰
1033 1985 1093 2043 10⁰.
1110 1980 1182 2062 (21,
1199 1976 1235 2042 P.
1252 1975 1298 2058 ΙΙ,
1317 1978 1383 2060 30).

538 2115 858 2202 2344-2346.
1496 2151 1591 2217 1352,
1610 2151 1650 2215 15
1660 2132 1804 2214 J'crnzrzer.

531 2234 807 2300 Permutationes

532 2338 622 2403 Item
638 2361 713 2405 cum
730 2339 748 2417 J
753 2340 903 2405 ohannes
920 2337 1041 2404 Reneri
1057 2339 1098 2405 de
1116 2338 1221 2425 Hoyo
1230 2352 1250 2419 ⁴,
1268 2360 1342 2405 can.
1359 2347 1393 2404 et
1408 2341 1571 2425 plebanus
1586 2344 1725 2408 ecclesie
1742 2343 1779 2409 B.
1798 2342 1846 2410 M.

486 2441 740 2522 Namurcensis,
772 2442 930 2509 Leodien.
962 2443 1047 2509 dioc.
1078 2453 1113 2508 et
1139 2442 1312 2520 Johannes
1342 2442 1511 2509 Lamberti
1551 2443 1707 2526 Hocheh,
1738 2456 1848 2513 rector

484 2549 625 2633 paroch.
650 2548 789 2613 ecclesie
810 2549 852 2613 de
879 2546 1021 2633 Cherey,
1048 2548 1137 2613 dicte
1153 2547 1250 2627 dioc,
1267 2554 1301 2611 et
1317 2547 1471 2612 altarium
1494 2546 1555 2613 XI.
1571 2550 1699 2614 milium
1715 2551 1796 2633 virg.
1813 2561 1847 2617 et

485 2651 525 2715 B.
545 2650 594 2715 M.
612 2653 751 2716 sitorum
768 2653 800 2716 in
814 2654 889 2718 coll.
907 2653 938 2717 S.
955 2651 1183 2717 Bartholomei
1212 2660 1246 2715 et
1268 2651 1465 2736 parrochiali
1490 2652 1520 2716 S.
1549 2652 1683 2737 Georgii
1700 2656 1848 2720 ecclesiis

484 2755 649 2820 Leodien.
673 2756 763 2821 dicta
790 2776 849 2820 sua
874 2754 1039 2819 beneficia
1068 2752 1186 2838 [causa
1211 2752 1481 2838 permutationis]
1516 2756 1723 2838 resignarint,
1752 2779 1846 2843 supp.

483 2869 580 2944 quat.
597 2859 743 2937 Johanni
763 2860 882 2923 Reneri
899 2859 940 2923 de
957 2858 1093 2945 paroch.
1110 2859 1191 2922 0001.
1208 2857 1249 2922 (10
1266 2857 1396 2941 Cherey
1413 2865 1447 2920 et
1469 2858 1629 2923 altaribus
1645 2869 1679 2923 et
1695 2859 1844 2937 Johanni

484 2963 659 3028 Lamberti
677 2964 834 3050 predictis
849 2962 891 3028 de
920 2982 992 3027 can.
1019 2969 1053 3024 et
1078 2959 1260 3045 plebanatu
1290 2958 1425 3044 prefatis
1455 2957 1636 3043 dignemini
1661 2962 1846 3046 providere.
1898 3038 1900 3043 .

485 3068 561 3150 (21,
580 3065 615 3131 P.
635 3066 678 3148 II,
697 3069 764 3151 32).

531 3214 643 3273 2345.
661 3206 757 3285 Item,
775 3227 850 3271 cum
867 3205 1064 3269 Guillelnrus
1080 3204 1121 3269 de
1139 3203 1295 3269 Flandria
1307 3212 1327 3283 ⁵,
1341 3203 1477 3288 scriptor
1497 3203 1712 3268 etfamiliaris
1727 3215 1845 3284 vester,

485 3335 560 3377 can.
577 3323 611 3375 et
627 3314 717 3396 preb.
745 3310 884 3374 ecclesie
913 3308 1051 3384 Eduen.,
1076 3328 1115 3372 ac
1140 3307 1310 3372 abbatiam
1339 3306 1369 3370 S.
1386 3306 1546 3391 Stephani
1570 3306 1612 3371 de
1629 3307 1749 3388 Strata,
1770 3308 1843 3394 [ac]

484 3415 662 3480 ecclesiam
687 3415 839 3499 parroch.
867 3412 908 3477 de
936 3411 1124 3495 MillereyO,
1152 3410 1281 3475 Eduen.
1306 3409 1403 3489 dioc..
1435 3430 1599 3475 annexam
1630 3412 1749 3491 eidem,
1782 3433 1846 3496 que

484 3518 621 3603 quidem
639 3519 771 3582 abbatia
788 3519 820 3581 in
837 3518 926 3580 dicta
943 3515 1085 3580 ecclesia
1104 3515 1233 3579 Eduen.
1249 3513 1395 3594 dignitas
1412 3523 1584 3599 reputatur
1600 3539 1607 3593 ;
1625 3524 1659 3580 et
1675 3514 1693 3591 J
1698 3516 1847 3580 ohannes

485 3622 655 3687 Laurentii
669 3621 680 3655 ⁶
696 3643 767 3686 can.
785 3631 819 3685 et
843 3624 933 3706 preb.
951 3620 1090 3686 ecclesie
1106 3621 1137 3684 S.
1154 3618 1338 3683 Audomari
1355 3618 1395 3682 de
1413 3619 1444 3683 S.
1461 3618 1663 3698 audomare,
1679 3619 1846 3685 Morinen.

483 3727 582 3804 dioc,
601 3747 683 3809 quos
698 3746 803 3810 nuper
819 3727 1017 3789 obtinebant
1033 3725 1065 3787 in
1083 3723 1235 3787 manibus
1254 3721 1350 3808 [ΚΡ.
1367 3722 1455 3785 doru.
1469 3720 1514 3803 G(
1518 3722 1681 3801 uillehni),
1699 3725 1846 3809 episcopi

487 3830 681 3904 Lexorieu„
706 3829 895 3913 recipientis
918 3828 1137 3893 demandato
1155 3827 1193 3892 E.
1210 3828 1240 3891 S.
1258 3825 1296 3890 V.
1313 3826 1373 3889 sibi
1392 3825 1480 3889 sacto
1504 3846 1601 3910 super
1623 3827 1687 3890 hoc
1711 3830 1846 3892 oraculo

486 3936 562 3998 rive
591 3933 698 4018 rucis]
729 3955 768 3996 ex
794 3954 891 3996 causa
916 3932 1171 4017 pemrutationis
1195 3951 1253 4016 per
1278 3951 1312 3994 se
1344 3930 1432 4014 ipsos
1460 3928 1723 4011 resignaverint;
1750 3953 1844 4017 supp.

486 4048 577 4122 quat.
595 4037 775 4101 Guillelmo
802 4038 844 4102 de
869 4057 942 4101 can.
969 4045 1003 4099 et
1028 4039 1118 4120 preb.
1144 4035 1284 4100 ecclesie
1301 4033 1332 4097 S.
1349 4032 1541 4110 Audomari,
1558 4043 1593 4096 et
1608 4032 1756 4110 Johanni
1773 4056 1845 4120 prc-

486 4143 584 4207 dictis
599 4143 641 4206 de
658 4163 731 4206 cau.
749 4150 783 4204 et
799 4144 889 4225 preb.
919 4140 1058 4218 Eduen.,
1085 4161 1124 4204 ac
1149 4140 1282 4203 abbatia
1307 4148 1341 4202 et
1364 4137 1516 4223 panocla.
1541 4138 1681 4202 ecclesia
1699 4139 1844 4223 prefatis,

488 4246 668 4331 dignemini
685 4245 868 4330 procidere,
885 4254 948 4309 etc.
966 4285 1002 4293 —
1026 4243 1100 4307 Fiat
1114 4243 1146 4305 in
1164 4242 1270 4306 forma
1288 4240 1327 4305 R.

528 4392 640 4452 2346.
659 4384 754 4462 Item,
780 4407 855 4450 cum
886 4384 1031 4462 Jacobus
1055 4383 1197 4447 Comitis
1208 4393 1228 4462 ⁷,
1255 4381 1401 4446 decanus
1417 4382 1556 4447 ecclesie
1573 4382 1603 4446 S.
1623 4381 1710 4444 Petri
1729 4380 1844 4444 Arien-

485 4491 528 4556 sis
552 4511 592 4553 ac
616 4491 807 4573 capellanus
831 4510 922 4574 perp.
948 4489 989 4553 de
1015 4486 1179 4563 Markete,
1198 4484 1364 4550 Morinen.
1381 4495 1415 4550 et
1432 4487 1641 4550 Attrebaten.
1659 4484 1792 4562 dioces,
1810 4494 1845 4548 et

482 4595 499 4671 J
504 4596 659 4660 ohannes
676 4592 822 4657 Gervasii
835 4594 855 4669 ⁸,
869 4593 1050 4657 canonicus
1062 4589 1285 4675 prebendatus
1301 4590 1440 4654 ecclesie
1453 4589 1483 4652 S.
1497 4587 1659 4664 Johannis
1674 4588 1842 4665 Leodien.,

481 4700 576 4765 dicta
603 4718 660 4760 sua
684 4697 847 4760 beneficia
876 4718 975 4760 causa
1003 4694 1257 4781 permutationis
1285 4694 1317 4755 in
1343 4694 1496 4757 manibus
1528 4691 1707 4778 [ejusdem]
1735 4712 1842 4775 perse

482 4805 576 4890 ipsos
592 4822 672 4886 pure
689 4810 722 4865 et
739 4801 840 4864 libere
864 4800 1060 4883 resignarint
1080 4821 1087 4878 ;
1116 4819 1221 4883 supp,
1238 4806 1329 4880 quat.
1346 4795 1476 4872 Jacobo
1493 4796 1534 4860 de
1551 4816 1623 4860 can.
1642 4805 1674 4858 et
1691 4798 1792 4879 prela,
1810 4804 1843 4858 et

481 4905 633 4986 Johanni
651 4904 817 4990 predictis,
834 4904 875 4968 de
892 4904 1054 4968 decanatu
1074 4901 1141 4988 [et]
1170 4902 1356 4987 capellania
1379 4900 1513 4985 prelatis
1536 4900 1715 4981 dignemini
1734 4899 1844 4982 prori-

481 5062 736 5075 ———————·—

517 5151 541 5195 l.
556 5146 620 5192 Voir
632 5160 656 5192 n.
669 5146 706 5193 83.
730 5147 796 5202 1732,
813 5147 926 5191 10311-
944 5148 965 5193 ⁸2.
980 5145 1039 5191 l'oir
1051 5158 1075 5191 11.
1091 5146 1159 5190 1552.
1173 5169 1204 5178 -
1221 5142 1243 5186 3.
1259 5139 1318 5186 Vnir
1335 5153 1359 5185 n.
1374 5140 1442 5185 luta.
1455 5164 1486 5170 -
1505 5140 1525 5183 l.
1540 5137 1599 5183 l'oir
1612 5138 1682 5183 2313.
1696 5164 1725 5169 -·—
1744 5141 1766 5183 .'›.
1786 5136 1846 5182 11011

480 5240 506 5273 n.
524 5224 582 5278 lua,
596 5220 648 5277 111,
664 5220 715 5276 lta,
730 5221 782 5277 856,
798 5220 867 5278 1350,
884 5221 951 5267 191111,
963 5247 994 5255 -
1007 5221 1028 5265 ti.
1044 5218 1082 5265 Cf.
1101 5232 1125 5264 n.
1140 5217 1253 5263 11121,-
1267 5216 1287 5263 l.
1305 5213 1364 5261 Voir
1382 5227 1406 5260 u.
1421 5213 1532 5259 11101,-
1546 5215 1567 5259 b'.
1586 5209 1648 5257 l'ois
1664 5224 1689 5258 n.
1704 5213 1772 5259 luta.
