4650 6059
999 806 1087 881 1844.
1110 805 1198 873 15-17
1218 806 1336 874 levrici.
1790 811 1854 878 158

498 959 649 1028 etPetrus
662 957 709 1026 de
725 957 928 1040 Montenes,
944 958 1045 1044 quod,
1061 979 1139 1025 cum
1162 979 1270 1046 nuper
1293 959 1413 1027 Petrus
1436 961 1604 1040 Johannis
1617 983 1678 1049 per
1691 963 1853 1050 seipsum.

498 1071 523 1130 et
544 1061 659 1130 Petrus
682 1062 727 1129 de
755 1059 943 1130 Montanea
959 1081 1020 1149 per
1034 1069 1163 1129 certum
1191 1072 1443 1149 procuratorem
1469 1085 1577 1149 suum,
1604 1086 1679 1133 can.
1694 1075 1731 1134 et
1744 1071 1853 1154 preb..

498 1187 565 1252 quos
585 1166 709 1234 Petrus
732 1165 900 1245 iohannis
924 1165 959 1232 in
987 1164 1156 1248 cavensi,
1180 1176 1216 1233 et
1239 1167 1357 1234 Petrus
1371 1168 1415 1235 de
1431 1167 1619 1237 Montanea
1633 1170 1668 1236 in
1683 1171 1716 1237 S.
1731 1172 1847 1237 Amati

456 1355 459 1365 Ι
498 1269 677 1352 verensis,
708 1273 923 1338 Attrebaten.
958 1269 1045 1338 dioc.
1072 1272 1232 1352 ecclesiis,
1268 1273 1476 1356 obtinebant,
1502 1296 1544 1340 ex
1579 1295 1680 1341 causa
1715 1296 1847 1364 permu-

497 1372 630 1454 titionis,
645 1373 681 1439 in
696 1372 854 1440 manrbus
870 1373 910 1440 R.
927 1373 964 1440 P.
980 1373 1070 1440 dom.
1082 1374 1299 1461 Talayrandi,
1312 1375 1570 1462 Petragoricen„
1582 1378 1614 1444 S.
1633 1378 1673 1444 R.
1690 1377 1730 1445 E.
1746 1379 1848 1461 card„

495 1477 702 1564 resignarunt,
727 1477 904 1564 dictusque
927 1477 1018 1545 dom.
1044 1478 1132 1545 card.
1156 1479 1399 1565 resignationes
1421 1480 1611 1566 huiusmodi
1628 1483 1719 1570 apud
1733 1483 1847 1549 sedern

495 1591 589 1668 apost.
604 1581 773 1669 receperit
787 1581 831 1648 de
844 1581 1010 1649 mandato
1024 1590 1138 1649 vestro
1152 1583 1214 1650 sibi
1230 1583 1323 1650 facto
1338 1585 1476 1651 oraculo
1486 1584 1565 1651 vive
1575 1585 1669 1652 vocis
1681 1609 1689 1667 ;
1707 1585 1852 1653 Calven.

494 1679 582 1753 Petro
604 1684 650 1752 de
675 1683 877 1768 Montanea,
893 1694 929 1751 et
951 1685 983 1751 S.
999 1685 1114 1753 Anrati
1130 1706 1206 1753 can.
1221 1695 1257 1754 et
1273 1690 1365 1774 preb.
1380 1687 1549 1774 predictos
1565 1688 1667 1755 Petro
1681 1687 1701 1768 J
1705 1690 1848 1757 ohannis

490 1789 618 1874 prefatis
641 1788 796 1856 consenc
818 1789 1000 1877 dignemini
1016 1797 1052 1855 et
1066 1790 1244 1877 providere
1259 1790 1302 1857 de
1314 1791 1403 1875 ,illis3
1424 1810 1494 1858 non
1510 1793 1596 1863 obst.
1623 1789 1714 1877 quod
1730 1791 1848 1860 Petrus

433 1885 434 1896 ’
488 1892 524 1959 de
539 1891 732 1962 Montanea
755 1894 958 1962 decanatum
981 1893 1123 1962 ecclesie
1149 1893 1339 1977 Patracen.,
1355 1903 1390 1962 et
1405 1893 1524 1962 Petrus
1538 1893 1558 1974 J
1561 1894 1704 1962 ohannis
1718 1895 1852 1983 predic·

488 2007 535 2064 tos
555 1997 713 2086 parroch.
740 1997 823 2065 eccl.
849 1997 888 2066 B.
916 1995 966 2064 M.
992 1996 1183 2065 Tomacen.
1200 2009 1218 2080 ¹,
1241 1999 1393 2065 obtinere
1418 2007 1587 2066 noscatur.
1614 2038 1657 2050 -
1683 1997 1762 2066 Fiat
1785 2020 1852 2087 pro

488 2107 635 2188 utroque.
651 2099 694 2168 R.

524 2203 604 2272 Dat.
620 2223 676 2293 ap.
692 2201 943 2273 villamnovam
963 2211 999 2271 16
1015 2205 1083 2274 kal.
1099 2213 1200 2273 mart.
1216 2213 1251 2272 a⁰
1267 2215 1310 2273 2⁰.
1327 2209 1380 2293 (4,
1398 2209 1487 2294 201).

532 2341 653 2430 663.
1482 2377 1579 2443 1344,
1603 2377 1645 2440 15
1659 2358 1802 2447 sevrier.

522 2461 626 2550 Supp.
653 2461 886 2548 Raymundus,
903 2462 1004 2548 episc.
1034 2459 1216 2542 Morinen.,
1242 2467 1335 2545 quat.
1365 2459 1543 2547 [Johanni
1568 2469 1652 2528 nato
1675 2464 1849 2548 quondam

480 2561 646 2642 lobannis
662 2562 943 2644 Pannentarii,de
958 2563 1096 2646 Gbines,
1108 2566 1219 2651 presb.
1233 2561 1403 2630 Morinen.
1418 2563 1518 2646 dioc,
1524 2566 1706 2633 secretario
1721 2575 1757 2633 et
1772 2587 1851 2654 cap.

480 2687 539 2734 suo
552 2667 745 2736 domestico
767 2675 802 2734 et
826 2666 1038 2754 commens.,]
1064 2688 1138 2734 can.
1162 2675 1199 2733 et
1220 2669 1325 2754 preb„
1350 2688 1434 2753 quos
1454 2666 1623 2735 Gerendus
1642 2667 1686 2736 de
1710 2669 1847 2736 Curtilis

479 2771 633 2838 obtinere
662 2771 795 2838 solebat
825 2772 860 2836 in
889 2774 972 2838 eccl.
993 2771 1112 2856 colleg.
1138 2769 1179 2837 B.
1205 2767 1254 2836 M.
1277 2766 1505 2853 Messinensis,
1534 2771 1625 2838 dicte
1649 2771 1747 2853 dioc,
1771 2792 1846 2839 vac.

479 2874 522 2942 ad
539 2896 682 2963 presens
703 2875 795 2963 apud
820 2876 935 2943 sedem
957 2885 1066 2962 apost.
1088 2894 1149 2961 per
1174 2874 1391 2961 adeptionem
1410 2882 1446 2939 et
1460 2874 1685 2941 retentionem
1705 2874 1847 2961 pacifice

479 2979 700 3066 possessionis
722 2999 799 3046 can.
821 2987 857 3046 et
872 2982 965 3066 preb.
984 2980 1068 3046 eccl.
1092 2977 1254 3046 Parisien.
1276 2978 1386 3045 factas
1401 2998 1460 3065 per
1474 2978 1602 3048 dictum
1624 2977 1820 3059 Gerardum,
1836 2989 1852 3016 ²

481 3091 567 3149 auct.
590 3083 700 3168 gratie
722 3081 849 3150 dudum
871 3082 933 3149 sibi
956 3082 1046 3149 facte
1075 3101 1136 3169 per
1161 3082 1253 3149 dom.
1280 3080 1503 3148 Benedictum
1526 3102 1650 3169 papam
1676 3080 1757 3162 XII,
1790 3083 1845 3167 qui

481 3189 585 3253 roluit
612 3196 649 3253 et
679 3186 839 3267 decrevit,
865 3187 955 3272 quod
986 3208 1063 3254 curn
1090 3186 1335 3271 possessionem
1366 3186 1544 3272 pacificam
1576 3186 1743 3251 dictorum
1770 3207 1848 3253 carr.

481 3306 513 3358 et
533 3295 628 3379 preb.
655 3291 816 3357 Parisien.
836 3292 934 3356 inerit
949 3300 1130 3370 assecutus
1144 3312 1220 3356 can.
1233 3299 1267 3355 et
1288 3292 1380 3375 preb.
1399 3290 1480 3355 eccl.
1498 3288 1535 3355 B.
1557 3288 1606 3355 M.
1628 3289 1846 3356 Messinensis

481 3397 649 3481 predictos
680 3396 852 3461 dimittere
884 3404 1054 3459 teneretur
1084 3418 1092 3474 ;
1127 3394 1260 3480 prefato
1295 3393 1313 3470 J
1318 3394 1445 3459 olranni
1474 3393 1624 3460 conferre
1662 3394 1844 3478 dignemini

482 3515 512 3564 et
523 3500 702 3585 providere
717 3498 760 3565 de
775 3499 900 3564 eisdem
917 3522 925 3578 ;
943 3520 1010 3563 non
1028 3501 1113 3563 obst.
1125 3497 1399 3583 quodJolrannes
1408 3498 1451 3562 de
1468 3497 1665 3583 Moyronto,
1682 3499 1847 3585 presbiter

484 3600 645 3668 Bisuntin.
660 3602 760 3684 dioc,
774 3602 884 3667 dictos
900 3622 975 3667 can.
992 3610 1026 3665 et
1042 3603 1134 3686 preb.
1151 3602 1233 3666 eccl.
1251 3598 1469 3666 Messirrensis
1484 3601 1526 3666 de
1544 3602 1645 3683 lacte,
1662 3614 1698 3668 ut
1714 3603 1844 3682 dicitur,

485 3705 631 3772 detineat
648 3714 854 3791 occupat0s;
871 3727 940 3771 non
957 3708 1042 3770 obst.
1059 3705 1161 3770 etiarn
1178 3704 1242 3770 del'.
1258 3704 1424 3769 natalium
1441 3727 1540 3789 quern
1566 3707 1693 3791 patitur
1707 3707 1749 3772 de
1766 3728 1845 3771 oon-

486 3808 594 3892 jugato
619 3810 755 3894 genitus
780 3818 815 3875 et
841 3811 952 3875 soluta
968 3832 976 3888 ;
993 3828 1092 3894 super
1118 3829 1196 3893 quo,
1213 3817 1285 3873 tam
1312 3830 1372 3894 per
1398 3809 1430 3875 S.
1458 3809 1508 3891 V„
1524 3831 1623 3894 quam
1649 3818 1737 3875 auct.
1764 3811 1845 3875 dicti

488 3910 569 3978 dom.
585 3912 831 3999 predecessoris
847 3913 958 3992 vestri,
975 3932 1052 3977 cum
1068 3933 1110 3977 eo
1126 3912 1239 3976 extitit
1254 3912 1485 3998 dispensatum
1496 3922 1533 3978 ut
1545 3924 1659 3998 posset
1675 3912 1718 3978 ad
1735 3934 1846 3978 sacros

490 4017 613 4082 ordines
629 4017 832 4103 promoveri,
849 4027 883 4082 et
898 4017 966 4082 duo
981 4020 1059 4081 ben.
1076 4018 1169 4096 eccl,
1186 4017 1246 4081 sibi
1264 4017 1308 4082 ad
1325 4018 1469 4082 invicem
1492 4017 1744 4102 compatientia,
1761 4016 1850 4081 obti-

491 4139 558 4185 nere
574 4145 583 4201 ;
599 4133 635 4185 et
651 4120 744 4206 quod
759 4122 840 4186 eccl.
856 4120 1010 4207 parroclr.
1027 4120 1107 4185 dicti
1134 4120 1199 4185 loci
1227 4120 1269 4184 de
1285 4119 1424 4201 Glrines,
1451 4141 1526 4185 curn
1550 4120 1621 4204 ejus
1636 4120 1847 4205 pertinentiis

491 4237 518 4286 et
543 4225 694 4304 annexiS,
720 4226 813 4309 cujus
844 4225 1000 4290 fructus...
1029 4244 1069 4287 20
1100 4223 1156 4288 lib.
1183 4222 1297 4302 Paris,
1329 4245 1394 4289 see.
1426 4234 1493 4289 tax.
1524 4224 1664 4304 decime,
1695 4226 1847 4290 valorem

492 4346 628 4392 annuum
644 4347 715 4394 non
732 4327 910 4408 excedunt,
925 4328 1075 4393 noscitur
1091 4325 1254 4391 obtinere.
1266 4365 1309 4376 -
1327 4326 1404 4392 Fiat
1422 4326 1461 4392 R.

433 4419 435 4502 i
528 4431 600 4497 Dat.
616 4453 670 4517 ap.
689 4430 937 4497 Villarrrrrovam
958 4451 992 4515 15
1010 4430 1240 4495 laterata
1258 4440 1299 4495 2⁰.
1318 4433 1370 4515 (4,
1389 4432 1466 4515 215)

535 4567 566 4651 6
603 4571 649 4651 4.
1498 4600 1514 4644 1
1611 4600 1653 4645 ι’
1687 4583 1801 4645 e'vrr'er.

498 4650 502 4657 Π
530 4570 625 4774 Ξιιῗρ.
642 4689 721 4753 nob.
743 4684 918 4763 Johannes
933 4684 1072 4762 Jordani
1089 4683 1131 4749 de
1159 4683 1282 4762 Insula,
1299 4682 1389 4748 dom.
1406 4681 1448 4746 de
1470 4582 1693 4761 Aujciriivilllas,
1705 4681 1846 4767 [Tholo-

433 4787 437 4868 ᾗ
499 4807 555 4855 sarr.
568 4789 683 4878 dioc.,]
701 4798 793 4874 quat.
810 4788 910 4854 irater
925 4810 1002 4854 suus
1018 4787 1165 4855 Ysarnus
1178 4789 1211 4853 in
1228 4789 1341 4872 aliquo
1350 4784 1496 4872 generali
1514 4784 1624 4850 studio
1639 4785 1746 4871 possit
1762 4785 1850 4851 irue-

433 4901 435 4934 :
500 4905 541 4957 tus
558 4915 685 4980 grossos
712 4892 882 4980 prebende
911 4912 969 4958 sue
991 4892 1072 4958 eccl.
1090 4891 1309 4958 Cameracen.
1335 4890 1528 4977 percipere;
1557 4912 1626 4956 non
1653 4893 1739 4955 obst.
1757 4889 1848 4974 quod

527 5099 544 5147 l.
555 5100 711 5151 l’ierrcdcan
728 5100 761 5150 de
781 5101 904 5151 Florence
925 5102 967 5150 lut>
989 5099 1091 5150 nomme
1111 5100 1172 5151 cure
1189 5101 1221 5151 dc
1238 5102 1315 5151 Sel).
1332 5101 1365 5149 ‹le
1382 5100 1501 5161 Tournai,
1515 5101 1538 5149 le
1552 5102 1580 5149 ll
1593 5098 1679 5161 juillet
1693 5100 1754 5146 1339
1774 5098 1849 5159 (Vos.

506 5165 615 5231 herimar,
629 5175 648 5234 1,
663 5174 707 5236 13)
720 5192 726 5232 ;
738 5176 756 5222 il
767 5189 798 5223 cn
809 5176 881 5223 erait
889 5174 931 5224 ere
941 5190 1040 5239 pourrn
1053 5190 1101 5239 par
1113 5175 1205 5226 Berroit
1219 5176 1274 5224 Xll
1288 5177 1354 5224 1022
1366 5174 1450 5237 juillet
1466 5172 1605 5237 prc'ccrlcnt
1617 5171 1715 5236 (videt
1725 5186 1750 5220 n.
1762 5173 1826 5218 bibe
1839 5185 1845 5228 ;

434 5197 439 5296 ι
506 5241 530 5289 ri.
539 5258 559 5292 ιι.
569 5250 647 5310 6572).
659 5275 692 5284 -
703 5251 727 5298 2.
739 5249 868 5308 dimittier,
884 5249 958 5308 obit,
972 5250 991 5308 1,
1004 5252 1058 5309 220,
1071 5250 1127 5302 223.
