4650 6059
940 779 1027 853 1349,
1047 778 1090 843 28
1112 781 1226 844 mars-8
1248 781 1332 846 avril.
1757 791 1815 855 415

462 938 597 1011 ecreto,
616 938 651 996 et
667 930 823 997 omnibus
835 931 908 997 aliis
923 952 991 998 non
1009 931 1219 997 obstantibus
1235 942 1269 997 et
1286 934 1442 999 clausulis
1457 938 1631 1020 oportunis
1647 946 1681 1003 et
1698 960 1816 1007 execu-

462 1034 587 1114 nibus,
605 1041 640 1099 et
656 1033 747 1118 quod
763 1034 824 1100 sibi
839 1042 1016 1101 remaneat
1030 1035 1136 1119 gratia
1151 1035 1268 1121 prima.
1285 1077 1328 1086 -
1345 1036 1423 1103 Fiat
1438 1047 1475 1104 ut
1490 1039 1585 1124 petit.
1605 1040 1644 1107 R.

482 1138 573 1203 Dat.
589 1138 693 1203 Avin.
711 1156 730 1222 7
745 1136 814 1204 kal.
830 1139 923 1225 april.
939 1146 972 1205 a⁰
989 1145 1031 1222 7⁰.
1048 1139 1117 1222 (17,
1135 1141 1226 1223 215).

495 1274 640 1357 1541.
1492 1314 1587 1379 1549,
1606 1297 1650 1358 28
1664 1319 1769 1363 naara.

485 1393 626 1479 Supp...
645 1391 764 1458 Petrus
783 1393 826 1459 de
843 1392 1001 1480 Kipercb,
1018 1392 1200 1459 canonicus
1216 1392 1388 1476 Leodien,
1412 1396 1538 1461 dudum
1554 1396 1726 1465 familiaris
1740 1422 1813 1466 ves-

463 1517 495 1560 er
512 1508 533 1575 ¹,
550 1504 647 1581 quat.
663 1495 787 1563 dilecto
803 1497 873 1582 ejus
889 1497 979 1562 fratri
996 1495 1153 1562 Conrado
1179 1497 1221 1562 de
1250 1497 1407 1583 Kipercb,
1429 1499 1550 1565 clerico
1577 1500 1812 1586 Maguntinen.

462 1600 546 1679 loc,
562 1600 608 1665 de
622 1602 699 1666 ben.
716 1602 820 1666 eccl...
836 1600 879 1666 ad
894 1600 1111 1666 collationem
1126 1600 1286 1687 episcopi,
1303 1603 1474 1688 prepositi,
1490 1604 1609 1669 decani
1627 1614 1661 1670 et
1672 1607 1810 1693 capituli

462 1704 591 1769 ecclesie
609 1702 791 1777 Leodien...
807 1703 991 1788 dignemini
1007 1703 1193 1789 providere.
1217 1745 1259 1754 -
1276 1704 1352 1771 Fiat
1369 1706 1409 1771 R.

488 1807 571 1873 Dat.
588 1807 689 1872 Avin.
707 1826 723 1891 5
740 1806 808 1871 kal.
825 1808 919 1895 april.
935 1815 968 1873 a⁰
985 1815 1018 1891 7⁰
1034 1811 1101 1888 (17,
1119 1808 1225 1891 212').

497 1944 806 2029 1542-1543.
1521 1979 1616 2045 1349,
1634 1983 1653 2025 2
1670 1965 1767 2027 avril.

485 2063 593 2150 Supp.
606 2062 639 2127 S.
656 2061 783 2143 Petrus,
801 2061 832 2126 S.
847 2059 954 2126 Marie
971 2059 1071 2126 Nove
1084 2059 1168 2148 diac.
1186 2060 1309 2140 card.,²
1325 2070 1415 2145 quat.
1436 2062 1653 2150 [cappellano
1665 2075 1699 2130 et
1715 2065 1810 2130 fami-

462 2166 513 2232 lari
530 2187 596 2232 suo
611 2165 774 2231 continuo
790 2162 988 2250 Rodulpho]
1003 2163 1045 2229 de
1062 2163 1457 2249 Rouveroy,Ambianen.
1474 2165 1571 2247 dioc,
1588 2189 1661 2234 can.
1674 2176 1708 2233 et
1717 2172 1809 2254 preb.

464 2269 589 2337 eclesie
605 2269 637 2335 S.
654 2267 743 2334 Petri
767 2266 979 2348 Casletensis,
1007 2265 1174 2332 Morinen.
1202 2266 1299 2347 dioc,
1325 2288 1398 2334 vac.
1425 2289 1485 2353 per
1511 2272 1565 2335 ob.
1591 2270 1751 2357 Stephani
1767 2272 1809 2338 de

462 2374 606 2453 livione,
622 2372 679 2457 qui
702 2371 747 2438 ad
763 2371 861 2438 Rom.
879 2371 1005 2437 curiam
1026 2370 1193 2436 veniendo
1225 2371 1257 2434 in
1275 2371 1395 2436 itinere
1420 2382 1515 2437 extra
1539 2374 1665 2440 dictam
1684 2376 1809 2441 curiam

464 2476 624 2563 xpiravit,
640 2475 744 2540 etiam
767 2473 794 2540 si
809 2474 1010 2559 generaliter
1025 2474 1078 2538 vel
1101 2474 1290 2559 specialiter
1317 2474 1406 2560 apud
1428 2475 1542 2540 sedem
1565 2487 1671 2563 apost.
1689 2478 1809 2544 fuerint

462 2579 619 2660 eservati,
640 2579 695 2643 vel
710 2578 792 2643 alias
812 2597 1011 2664 quocunque
1037 2577 1140 2642 modo
1166 2585 1298 2657 vacent,
1316 2577 1466 2644 conferre
1493 2579 1686 2665 dignemini,
1709 2591 1744 2646 et
1766 2582 1808 2647 de

462 2686 508 2751 lis
522 2684 629 2750 etiam
645 2682 821 2770 providere
836 2704 845 2762 3
862 2701 930 2747 non
946 2683 1031 2746 obst.
1048 2679 1139 2765 quod
1154 2681 1396 2765 parroch.eccl.
1407 2682 1448 2747 de
1462 2681 1673 2769 Lanhareyo,
1685 2685 1809 2750 Catha-

462 2809 582 2854 aunen.
605 2786 704 2868 dioc,
719 2786 869 2852 noscitur
892 2785 1054 2850 obtinere.
1071 2821 1102 2830 -
1124 2781 1200 2847 Fiat
1217 2783 1257 2848 R.

488 2898 595 2958 1543.
608 2889 696 2956 Item
712 2912 806 2978 supp.
823 2899 915 2976 quat.
934 2889 1152 2976 [cappellano
1168 2897 1203 2953 et
1219 2889 1370 2955 familiari
1387 2911 1446 2955 suo
1463 2891 1625 2957 continuo
1640 2890 1660 2969 J
1663 2891 1804 2977 ohanni]

462 2992 487 3058 le
514 2992 692 3075 Wavrans,
718 2994 799 3060 alias
821 2996 972 3078 Arragon
988 3003 1008 3074 ³,
1033 2994 1233 3058 Ambianen.
1260 2993 1358 3074 dioc,
1386 3014 1458 3060 can.
1492 3004 1526 3059 et
1550 2998 1641 3080 preb.
1668 2996 1808 3061 ecclesie

462 3096 479 3163 ἱ.
495 3097 586 3162 Petri
602 3098 760 3178 Ariensis,
772 3096 939 3164 Morineu.
956 3097 1053 3178 dioc,
1069 3118 1142 3162 vac.
1158 3117 1218 3181 per
1234 3098 1288 3162 ob.
1305 3097 1466 3183 Stephani
1480 3097 1522 3162 de
1534 3098 1688 3179 Divione,
1705 3099 1807 3163 etiam

462 3201 475 3263 i
489 3201 690 3285 generaliter
704 3204 758 3265 vel
775 3201 963 3286 specialiter
979 3200 1068 3285 apud
1084 3199 1199 3264 sedem
1215 3210 1323 3285 apost.
1340 3201 1461 3266 suerint
1477 3204 1644 3283 reservati,
1659 3205 1712 3267 vel
1725 3204 1808 3268 alias

462 3324 648 3388 ruocunque
664 3304 766 3370 modo
782 3314 915 3385 vacent,
932 3305 1083 3370 consenc
1098 3305 1281 3388 dignemini
1298 3314 1332 3369 et
1347 3307 1389 3370 de
1403 3307 1466 3370 illis
1483 3307 1585 3370 etiam
1612 3307 1784 3392 providere
1798 3331 1806 3387 ;

462 3428 515 3473 ron
542 3411 628 3474 obst.
657 3408 747 3493 quod
771 3410 922 3494 parroch.
946 3410 1028 3474 eccl.
1052 3408 1094 3473 de
1117 3407 1286 3493 Brimeyo,
1310 3407 1400 3473 dicte
1425 3408 1594 3475 Morinen.
1618 3412 1716 3492 dioc,
1732 3432 1808 3476 nos-

462 3512 532 3577 itur
547 3512 711 3577 obtinere.
727 3553 770 3562 —
787 3512 862 3577 Fiat
879 3512 919 3578 R.

489 3614 568 3680 Dat.
584 3617 685 3681 Avin.
709 3639 729 3699 4
745 3637 824 3682 non.
841 3616 934 3702 april.
951 3623 983 3680 a⁰
1001 3623 1043 3698 7⁰.
1062 3616 1130 3698 (17,
1150 3615 1241 3694 221).

499 3752 644 3835 1544.
1517 3786 1610 3847 1549,
1625 3786 1646 3847 5
1665 3768 1761 3829 aemil.

489 3870 592 3957 Supp.
605 3870 752 3949 Jacobus
768 3870 817 3935 Le
833 3870 947 3935 Werin
963 3871 1005 3935 de
1023 3868 1193 3946 luchiaco,
1211 3869 1349 3933 clericus
1373 3870 1588 3932 Calrleracell.
1606 3869 1702 3948 dioc,
1718 3890 1807 3952 mag.

462 3994 481 4038 n
496 3976 633 4055 artibus,
650 3976 736 4040 alter
750 3975 925 4040 missorum
942 3974 984 4038 ad
1007 3973 1110 4058 pedes
1133 3973 1164 4036 S.
1176 3971 1215 4036 V.
1232 3994 1273 4036 ex
1289 3981 1383 4057 parte
1398 3970 1634 4036 Universitatis
1647 3972 1807 4036 Parisien-

463 4078 560 4164 ispro
575 4078 716 4144 natione
732 4077 958 4156 Picardorum,
975 4078 1029 4161 qui
1047 4098 1067 4141 a
1094 4081 1131 4140 16
1148 4076 1245 4140 annis
1269 4076 1303 4139 in
1330 4074 1440 4139 studio
1457 4074 1631 4139 Parisiensi
1648 4076 1807 4140 continue

462 4182 621 4263 aboravit,
638 4193 674 4247 et
690 4183 802 4247 labore
819 4181 919 4246 studii
945 4180 1132 4246 necessaria
1160 4179 1203 4245 ad
1229 4180 1331 4244 vitam
1361 4179 1547 4262 acquisivit,
1573 4189 1662 4263 quat.
1679 4179 1740 4244 sibi
1764 4178 1807 4244 de

462 4307 519 4351 an.
534 4296 571 4351 et
586 4288 680 4372 preb.
696 4285 836 4350 ecclesie
849 4285 880 4350 S.
898 4285 990 4349 Pauli
1009 4284 1169 4348 Leodien.
1185 4303 1274 4348 nunc
1287 4303 1360 4348 vac.
1371 4304 1430 4368 per
1446 4282 1650 4348 obssalsami
1666 4283 1807 4349 Tlialani

462 4392 485 4455 le
500 4390 579 4455 filiis
591 4389 682 4454 Petri
698 4388 741 4453 de
758 4388 929 4454 Florentia
944 4400 964 4468 ⁴,
981 4388 1070 4452 dicte
1087 4386 1227 4451 ecclesie
1244 4386 1398 4451 canonici
1422 4387 1629 4471 prebendati,
1643 4389 1698 4471 qui
1715 4398 1808 4452 extra

462 4493 543 4559 tom.
561 4493 691 4558 curiam
705 4493 795 4557 diem
812 4493 932 4557 clausit
948 4501 1146 4571 extremum,
1164 4511 1240 4555 cum
1266 4490 1420 4554 omnibus
1444 4492 1570 4574 juribus
1586 4501 1620 4555 et
1636 4492 1806 4577 pertinen-

462 4598 497 4664 iis
512 4598 582 4664 suis
597 4596 708 4662 eidem
731 4595 861 4674 Jacobo
885 4595 1067 4679 dignemini
1091 4594 1279 4679 providere,-
1293 4594 1356 4659 nisi
1381 4595 1513 4659 interim
1529 4596 1624 4660 alteri
1640 4596 1806 4680 predicto-

462 4722 514 4766 um
529 4701 752 4767 canonicatus
767 4708 802 4765 et
827 4699 995 4786 prebende
1019 4699 1117 4764 fuerit
1129 4699 1182 4784 jus
1199 4698 1375 4781 quesitum,
1392 4700 1494 4762 etiam
1510 4699 1535 4763 si
1560 4698 1669 4763 forsan
1686 4699 1806 4763 suerint

462 4825 501 4870 er
515 4804 635 4871 sedem
650 4812 759 4890 apost.
773 4804 943 4883 reservati,
961 4804 1014 4866 vel
1030 4803 1096 4867 alio
1123 4800 1344 4885 quovismodo
1369 4811 1491 4867 vacent
1507 4825 1515 4882 ;
1540 4823 1609 4866 non
1625 4806 1710 4867 obst.
1727 4823 1806 4866 con-

462 4908 622 4974 uetudine
648 4907 789 4973 ecclesie
808 4907 863 4971 vel
886 4916 1023 4985 statut0,
1048 4906 1166 4989 quibus
1191 4906 1225 4968 in
1252 4904 1369 4969 eadem
1395 4905 1536 4970 ecclesia
1562 4906 1672 4970 careri
1688 4905 1808 4970 dicitur

462 5055 685 5069 —

475 5142 496 5188 l.
509 5139 610 5188 Voiru.
624 5141 661 5196 lli,
675 5140 731 5186 222.
743 5163 774 5176 -
787 5141 810 5188 2.
822 5139 906 5187 Pierre
918 5137 1007 5197 Roger,
1021 5136 1089 5184 card.
1102 5136 1125 5183 le
1137 5139 1167 5183 29
1180 5135 1231 5182 mai
1245 5136 1313 5193 1348,
1327 5134 1387 5196 plus
1397 5134 1457 5182 tard
1468 5132 1590 5194 Gregoire
1603 5131 1651 5180 Xl.
1663 5159 1694 5169 -
1707 5133 1729 5181 3.
1747 5131 1809 5178 Voir

462 5215 541 5262 ‚lost
554 5239 587 5250 -
600 5214 623 5260 4.
638 5211 702 5259 Voir
716 5224 741 5260 n.
760 5213 830 5261 1515.
