4650 6059
903 804 991 879 1343,
1014 803 1108 868 23-25
1130 804 1297 873 novembre.
1722 808 1780 873 137

420 954 538 1031 lacobo
552 977 592 1022 se
608 956 759 1022 invicem
775 956 887 1040 aliquo
903 956 1203 1040 consanguinitatis
1224 956 1326 1040 gradu
1350 957 1593 1042 contingerent,
1610 959 1781 1026 matrimo-

421 1060 500 1124 nium
515 1059 560 1125 ad
577 1060 729 1126 invicem
757 1068 1006 1139 contraxerunt,
1024 1059 1172 1143 illudque
1191 1081 1251 1145 per
1266 1061 1435 1126 carnalem
1452 1064 1609 1147 copulam
1625 1085 1780 1129 consum-

425 1172 544 1229 marunt
560 1173 598 1229 et
613 1165 745 1250 prolem
763 1165 866 1229 etiam
881 1172 1068 1249 genuerunt
1082 1187 1090 1243 ;
1108 1184 1185 1229 cum
1201 1172 1313 1228 autem
1329 1165 1545 1249 postmodum
1562 1167 1606 1231 ad
1633 1168 1779 1254 ipsorum

427 1266 459 1331 sit
470 1266 655 1333 deductum
670 1267 839 1347 notitiam,
856 1267 947 1351 quod
962 1265 1110 1344 Jacobus
1136 1276 1171 1331 et
1187 1266 1356 1350 quondam
1374 1267 1560 1334 Fridericus
1576 1271 1716 1354 predicti
1744 1294 1779 1339 se

429 1370 453 1433 in
465 1372 563 1436 tertio
579 1381 616 1436 et
641 1380 764 1455 quarto
789 1371 1086 1456 consanguinitatis
1111 1369 1215 1455 gradu
1240 1371 1384 1437 invicem
1410 1373 1661 1457 contingebant,
1678 1385 1713 1441 et
1737 1398 1778 1441 ex

430 1473 568 1554 divortio,
585 1475 613 1539 si
630 1475 718 1539 inter
734 1476 823 1561 ipsos
846 1476 951 1555 lieret,
979 1482 1118 1561 possent
1142 1473 1235 1558 sequi
1263 1476 1351 1540 mala
1375 1484 1409 1539 et
1435 1476 1590 1541 scandala
1614 1478 1777 1562 plurima;

432 1598 507 1664 supp.
523 1587 616 1663 quat.
639 1600 716 1644 cum
733 1580 869 1661 eisdem,
886 1588 922 1645 ut
940 1579 972 1643 in
989 1579 1178 1663 hujusmodi
1204 1579 1418 1644 matrimonio
1443 1580 1592 1663 legitime
1607 1602 1779 1647 remanere

431 1683 556 1763 raleant,
581 1704 653 1749 non
670 1687 756 1750 obst.
774 1685 1066 1769 consanguinitate
1093 1683 1254 1769 predicta,
1277 1683 1462 1769 dignemini
1486 1682 1686 1769 dispensare,
1701 1707 1776 1772 pro-

430 1785 480 1851 lem
495 1809 535 1852 ex
551 1809 595 1854 eo
610 1798 803 1875 susceptam
818 1800 853 1855 et
869 1786 1114 1874 suscipiendam
1131 1787 1315 1872 legitimam
1343 1785 1566 1852 decenrendo.
1591 1827 1633 1836 -
1659 1787 1736 1854 Fiat
1751 1790 1777 1855 si

430 1891 522 1957 banna
537 1892 631 1958 edita
647 1891 790 1973 fuerunt,
807 1914 873 1958 sec.
899 1891 1177 1958 consuetudinem
1203 1891 1288 1956 illius
1304 1890 1410 1977 patrie
1438 1891 1548 1974 quoad
1565 1892 1703 1972 nobiles,
1720 1914 1779 1979 per

430 1993 632 2061 diocesanum
649 1996 675 2062 si
692 1997 736 2061 sit
753 1996 800 2061 ita
810 1996 850 2062 R.

459 2099 534 2165 Dat.
549 2099 653 2164 Arin.
671 2120 689 2181 9
707 2099 773 2165 kal.
789 2099 861 2165 dec.
878 2108 910 2165 a⁰
928 2107 969 2165 2⁰.
988 2101 1035 2184 (3,
1053 2098 1089 2163 Ρ.
1107 2098 1152 2180 II,
1168 2099 1235 2182 70).

464 2235 715 2322 601-603.
823 2216 826 2220 ¹
1382 2268 1477 2332 1543,
1495 2270 1513 2311 2
1515 2267 1536 2330 5
1553 2249 1735 2313 novembre.

457 2354 557 2439 Supp.
587 2352 786 2419 Franciscus
811 2352 920 2418 dictus
938 2352 970 2416 le
998 2350 1125 2430 Boclru‚
1141 2351 1183 2417 de
1205 2350 1398 2431 Camerac0,
1426 2351 1651 2417 buticularius.
1678 2351 1779 2437 episc.

363 2487 368 2542 i
420 2454 593 2523 Belmcen.
610 2469 632 2537 ¹,
648 2458 727 2523 cler.
745 2457 953 2541 conjugatus,
977 2464 1069 2541 quat.
1096 2456 1206 2521 eidem
1222 2455 1264 2520 de
1289 2456 1449 2536 custodia,
1467 2466 1525 2521 aut
1541 2456 1777 2536 matricularia,

363 2555 364 2561 '
417 2583 468 2626 seu
476 2561 545 2628 alio
561 2560 880 2639 offecel.,c0nsueto
890 2559 1093 2625 secularibus
1103 2568 1137 2625 et
1154 2560 1258 2624 etiam
1268 2560 1456 2644 conjugatis
1468 2560 1596 2625 clericis
1609 2559 1778 2644 assignari,

417 2664 502 2751 [rac.
518 2667 576 2731 vel
591 2663 721 2750 vacat]
742 2665 774 2727 in
801 2662 1028 2743 Carneracen„
1045 2662 1244 2743 Toruacen.,
1269 2664 1322 2728 vel
1354 2661 1522 2729 Morinen.
1550 2663 1614 2728 civ.
1631 2671 1665 2728 et
1681 2662 1778 2743 dioc,

414 2770 453 2834 ad
468 2771 699 2854 cujuscunque
716 2768 770 2832 vel
787 2788 1049 2852 quoruncmrque
1060 2769 1147 2847 coll,
1158 2768 1188 2832 ei
1201 2767 1384 2852 dignemini
1395 2767 1570 2852 providere
1575 2790 1583 2844 ;
1598 2787 1665 2832 non
1682 2769 1778 2847 obst,

412 2874 510 2957 quod,
525 2873 609 2939 dum
633 2871 713 2936 illud
730 2871 787 2937 off.
803 2872 942 2957 pacifice
968 2871 1064 2935 fuerit
1082 2882 1263 2951 assecutus,
1279 2892 1339 2957 per
1365 2870 1465 2935 alium
1483 2870 1653 2955 ydoneum
1670 2871 1779 2935 faeere

412 2977 571 3042 deserviri
596 2977 719 3055 valeat,
736 2983 773 3041 ut
799 2976 833 3041 in
862 2976 979 3041 fomra.
1005 3016 1048 3025 —
1074 2974 1149 3041 Fiat
1175 2976 1217 3041 de
1241 2975 1466 3041 matricularia
1491 2975 1523 3057 in
1547 2975 1629 3040 ecel.
1652 2973 1779 3039 Torna-

413 3102 487 3145 cen.
505 3079 547 3145 R.

454 3226 540 3286 602.
561 3217 658 3297 Item,
676 3240 752 3296 cum
770 3219 839 3303 ipse
857 3239 874 3298 9
899 3218 1079 3282 liberorum
1105 3219 1289 3282 virentium
1313 3238 1414 3282 onere
1432 3217 1473 3282 sit
1489 3224 1655 3299 gravatus
1673 3236 1778 3301 supp„

415 3332 504 3404 quat.
522 3321 684 3401 Gerard0,
698 3323 770 3406 ejus
785 3322 862 3399 lilio,
876 3323 963 3400 cler,
980 3321 1022 3385 de
1049 3322 1161 3405 aliquo
1188 3325 1264 3385 ben.
1281 3323 1362 3386 eccl.
1385 3344 1409 3386 s.
1427 3343 1466 3400 c.,
1495 3320 1587 3403 cujus
1612 3319 1778 3384 fructus...

418 3430 454 3489 n'o
471 3428 526 3490 lib.
544 3426 623 3490 Tur.
636 3426 861 3510 quantitatem
888 3445 1046 3502 annuam,
1063 3448 1128 3490 sec.
1145 3435 1213 3491 tax.
1239 3426 1379 3505 decime,
1397 3446 1465 3489 non
1493 3423 1668 3501 excedant,
1686 3444 1778 3507 spec-

418 3544 507 3594 tante
524 3529 568 3595 ad
585 3531 660 3594 coll.
689 3529 882 3613 archiepisc.
909 3528 1085 3609 Senouen„
1108 3530 1197 3615 [vac.
1222 3531 1275 3593 vel
1303 3529 1444 3614 vacat}
1462 3528 1643 3612 dignemini
1669 3527 1779 3612 provi-

419 3633 491 3697 dere
507 3658 515 3711 ;
534 3654 603 3699 non
620 3637 707 3699 obst.
735 3633 824 3716 <lund
852 3634 969 3718 capell.
996 3635 1125 3718 capelle
1146 3634 1281 3698 domine
1312 3633 1500 3717 Margarete
1529 3633 1618 3717 apud
1635 3632 1778 3695 Pontem

422 3736 449 3798 S.
466 3736 675 3816 llanxentie,
695 3737 871 3801 Beluacen.
899 3735 996 3816 dioc,
1023 3738 1172 3802 noscitur
1200 3738 1359 3801 obtinere.
1383 3778 1425 3785 —
1452 3736 1527 3801 Fiat
1553 3757 1655 3819 usque
1679 3735 1721 3799 acl
1740 3754 1778 3817 50

423 3839 473 3903 lib.
488 3842 526 3905 R.

363 3999 370 4112 p
462 3986 542 4046 603.
561 3979 648 4044 Item
666 4001 761 4065 supp.
790 3980 862 4046 sim.
890 4000 937 4062 gr.
964 3980 1032 4044 fieri
1061 3981 1092 4044 in
1121 4001 1299 4065 personam
1328 3980 1425 4056 Petri,
1453 3979 1522 4062 ejus
1549 3978 1615 4055 lilii,
1634 3978 1720 4055 cler„
1738 3975 1780 4040 ad

364 4117 368 4122 ·
429 4085 523 4149 coll...
541 4085 642 4170 episc
661 4084 890 4161 Cameracen,
914 4083 1004 4169 [vac.
1022 4086 1075 4148 rel
1093 4083 1234 4169 meat}
1251 4125 1293 4131 —
1311 4083 1387 4147 Fiat
1404 4093 1439 4147 ut
1457 4102 1555 4166 supra
1575 4081 1613 4145 R.

365 4187 376 4364 ‘p
465 4187 538 4253 Dat.
553 4189 654 4252 ,li-in.
673 4209 690 4267 9
708 4188 775 4253 lral.
791 4188 863 4253 dec.
881 4198 914 4252 a⁰
932 4197 973 4254 2⁰.
991 4195 1039 4271 (3,
1058 4188 1094 4252 P.
1112 4187 1157 4267 ΙΙ,
1177 4190 1260 4271 ῑο“”).

370 4367 374 4404 r
471 4326 585 4407 604
1385 4358 1478 4421 1343,
1496 4356 1537 4417 25
1555 4338 1737 4400 reordinare.

375 4486 377 4524 Ι
465 4444 561 4530 Supp.
599 4443 784 4522 Johannes,
827 4443 965 4508 Boemie
1004 4466 1070 4522 rex,
1114 4453 1148 4508 et
1192 4465 1305 4508 comes
1340 4442 1647 4525 Lucemburgensis,
1689 4451 1779 4524 quat.

376 4582 380 4618 ι,
434 4551 500 4613 eccl.
516 4550 667 4635 parrocli.
684 4548 727 4612 de
744 4548 801 4627 Os,
819 4548 979 4613 Leodien.
996 4549 1094 4624 dioc,
1111 4549 1154 4613 de
1178 4558 1358 4633 patronatu
1384 4549 1459 4611 abb.
1484 4554 1518 4609 et
1535 4567 1632 4609 conv.
1666 4567 1780 4609 mona-

377 4621 381 4708 *ι
435 4654 507 4716 sterii
540 4653 810 4739 Epternaceusis‚
839 4652 928 4717 OS.
947 4652 1191 4731 B.,'l'rer·eren.
1222 4653 1318 4730 dioc,
1352 4652 1383 4714 in
1416 4649 1507 4714 dicto
1535 4649 1698 4712 comitatu
1715 4648 1767 4711 siti

380 4741 382 4776 ³
437 4754 598 4832 dignemini
615 4757 707 4821 dicto
723 4756 928 4821 monasterio
945 4757 977 4819 in
994 4765 1210 4839 augmentum
1228 4756 1415 4819 reddituum
1433 4761 1466 4816 et
1482 4754 1671 4815 relevamen
1690 4751 1780 4815 debi-

438 4871 538 4940 torum,
555 4863 674 4945 quibus
690 4861 818 4926 dictum
843 4860 1084 4924 monasterium
1109 4869 1160 4924 est
1187 4869 1373 4942 gravatum,
1399 4865 1486 4922 auct.
1503 4865 1610 4939 apost.
1628 4856 1781 4939 incorpo-

439 4980 495 5028 rare
509 4988 545 5031 ac
563 4967 656 5030 unire
672 4974 845 5050 perpetu0,
863 4972 988 5028 certam
1005 4974 1202 5049 perpetuam
1227 4963 1384 5027 vicariam
1403 4962 1434 5024 in
1453 4960 1601 5045 predicta
1618 4961 1698 5023 eccl.
1717 4961 1781 5023 ins·

440 5066 582 5148 timendo,
599 5070 651 5135 cui
678 5069 759 5134 certi
786 5076 1020 5152 competentes
1044 5067 1193 5132 redditus
1221 5067 1322 5151 ipsius
1349 5067 1441 5143 eccl,
1467 5064 1509 5128 ad
1535 5064 1780 5128 ordinationem

443 5186 669 5204 x—

467 5250 484 5295 l.
494 5251 551 5299 Jtau
564 5253 595 5301 ue
608 5253 734 5314 Marigny,
749 5253 889 5300 1313-1347
903 5250 1007 5314 (Eubel,
1022 5252 1041 5309 l,
1057 5252 1123 5311 130).
