4650 6059
575 800 630 862 170
1087 798 1174 870 1344,
1198 796 1294 860 24-28
1317 797 1399 861 avril.

573 947 713 1011 nuncius
728 947 770 1012 ad
786 946 825 1011 V.
842 946 873 1011 S.
898 948 1101 1031 presentiam
1128 945 1324 1025 destinatus,
1352 956 1442 1029 quat.
1469 945 1578 1010 eidem
1605 945 1647 1011 de
1674 967 1747 1012 can.
1771 950 1832 1012 sub
1856 968 1932 1033 exp.

571 1054 662 1135 preb.
680 1060 714 1114 et
730 1050 929 1135 suplementi
946 1050 978 1113 in
995 1052 1076 1116 eccl.
1092 1049 1291 1134 Trajecten,
1311 1048 1400 1135 [vac.
1410 1050 1463 1113 vel
1474 1048 1613 1135 vacat.],
1626 1050 1723 1115 simul
1736 1052 1791 1114 vel
1801 1071 1932 1116 succes·

571 1155 673 1218 sive...
690 1154 870 1237 dignemini
887 1152 1085 1239 providere;
1102 1173 1170 1217 non
1187 1155 1273 1217 obst.
1291 1152 1381 1236 quod
1397 1152 1428 1216 in
1453 1152 1484 1217 S.
1509 1152 1598 1217 Petri
1617 1152 1806 1233 Insuleusis,
1825 1153 1863 1219 B.
1881 1154 1930 1220 M.

571 1257 798 1323 Curtracensis
813 1268 848 1322 et
864 1259 894 1322 S.
911 1257 1063 1341 Quintini
1084 1257 1233 1321 ecclesiis
1249 1277 1321 1321 can.
1339 1265 1373 1320 et
1388 1258 1490 1340 preb,
1507 1276 1546 1321 ac
1562 1256 1596 1319 in
1612 1256 1829 1323 Cameracen.
1857 1279 1930 1323 can.

570 1365 629 1426 sub
654 1383 729 1447 exp.
756 1365 858 1447 preb,
885 1383 943 1427 seu
970 1363 1088 1447 capell.
1115 1361 1157 1426 de
1181 1348 1324 1425 Blatone
1347 1370 1383 1425 et
1406 1357 1580 1445 Reginaldi
1609 1359 1714 1441 Folia,
1730 1360 1930 1439 Tomacen,

571 1465 774 1530 Noviomen.
791 1476 825 1530 et
841 1465 1056 1530 Cameracen.
1073 1464 1171 1545 dioc.,
1187 1464 1336 1529 noscitur
1352 1465 1512 1529 obtinere.
1535 1502 1566 1512 -
1589 1463 1664 1529 Fiat
1681 1464 1721 1530 R.

614 1568 701 1633 Item
717 1590 811 1654 supp.
831 1570 908 1656 [pro
925 1570 990 1634 ind.
1008 1569 1042 1631 in
1058 1578 1119 1632 art.
1134 1567 1251 1654 mort]
1275 1605 1307 1614 -
1329 1566 1405 1632 Fiat
1422 1567 1461 1631 R.

613 1673 691 1738 Dat.
707 1674 806 1737 Avin.
823 1677 841 1738 8
858 1673 925 1738 kal.
942 1673 1019 1737 maii
1033 1679 1066 1737 a⁰
1083 1679 1125 1737 2⁰.
1142 1673 1193 1754 (4,
1212 1672 1317 1756 309*)·

621 1808 728 1889 719.
1434 1834 1439 1841 ’
1466 1864 1468 1869 ·
1616 1827 1886 1916 134424111111.
1945 1836 1949 1841 '

612 1925 713 2011 Supp.
740 1926 932 2010 Arnulphus
959 1923 1078 2004 Brake,
1103 1924 1186 1989 civis
1213 1923 1415 2004 Parisiensis,
1439 1933 1529 2008 quat.
1557 1924 1642 2011 [filio
1665 1947 1724 1991 suo
1750 1927 1929 2013 Radulpho

570 2028 689 2108 Bralre,
706 2028 811 2114 cler.,]
831 2029 873 2093 de
900 2031 991 2113 preb.
1019 2029 1051 2092 in
1077 2029 1159 2093 6661.
1175 2028 1207 2092 8.
1222 2027 1416 2108 Audomari,
1430 2026 1608 2093 ‘Morinen
1624 2029 1721 2110 dioc.,
1745 2030 1929 2116 dignemini

569 2133 766 2218 providere;
794 2152 862 2197 non
886 2134 971 2197 obst.
996 2132 1094 2215 quod.
1118 2132 1207 2197 idem
1236 2128 1431 2215 Radulphus
1446 2152 1530 2216 pers.
1547 2131 1589 2196 de
1616 2131 1715 2213 Vaus,
1731 2135 1929 2200 Atrebaten.

570 2237 667 2315 dioc,
678 2237 826 2301 noscitur
835 2236 987 2300 obtinere
1003 2258 1011 2314 ;
1029 2256 1096 2299 non
1113 2237 1198 2299 obst.
1215 2234 1305 2317 quod
1320 2234 1352 2299 8.
1365 2233 1405 2299 V.
1417 2234 1526 2299 eidem
1544 2233 1723 2321 Radulpho
1738 2236 1866 2303 dictam
1881 2260 1929 2323 gr.

571 2340 714 2405 contulit
725 2340 756 2403 in
768 2339 931 2424 principio
943 2338 1121 2404 creationis
1130 2346 1250 2417 vestre,
1267 2337 1309 2403 ad
1325 2331 1603 2423 supplicationem
1618 2338 1712 2404 ducis
1727 2338 1929 2426 Burgundie,

571 2444 630 2508 sed
654 2452 832 2527 postquam
856 2464 876 2508 a
898 2444 930 2508 S.
947 2441 986 2507 V.
1013 2442 1142 2526 signata
1164 2441 1235 2521 fuit,
1259 2440 1380 2506 deinde
1403 2441 1465 2507 fuit
1488 2441 1618 2527 perdita
1640 2464 1703 2508 nec
1726 2446 1864 2509 bullata.
1888 2486 1931 2493 —

573 2545 648 2610 Fiat
666 2546 705 2611 R.
1760 2581 1762 2586 ¹

616 2650 693 2714 Dat.
710 2649 807 2715 Avin.
825 2653 843 2715 8
859 2648 927 2714 kal.
942 2648 1021 2713 maii
1042 2658 1074 2712 a⁰
1091 2657 1133 2713 2⁰.
1150 2649 1201 2733 (4,
1217 2648 1322 2732 3181).

623 2787 734 2867 720.
1614 2823 1712 2886 1344,
1728 2805 1771 2867 26
1786 2807 1886 2869 avril.

614 2904 715 2989 Supp.
747 2904 913 2969 Henricus
942 2903 984 2968 de
1015 2902 1171 2981 Culento,
1202 2922 1275 2967 can.
1305 2911 1341 2966 et
1366 2902 1543 2969 archidiac.
1573 2903 1774 2972 Morinensis
1791 2918 1809 2986 ¹,
1838 2918 1929 2991 quat.

571 3009 695 3073 fructus
709 3009 947 3073 beneficiomm
968 3007 1139 3092 percipere
1159 3026 1263 3090 usque
1279 3006 1322 3071 ad
1337 3006 1516 3071 triennium
1533 3008 1565 3071 in
1582 3009 1733 3074 absentia
1747 3011 1871 3076 valeat.
1888 3052 1930 3060 —

573 3111 647 3175 Fiat
665 3111 704 3175 R.

617 3216 693 3280 Dat.
717 3216 816 3279 Avin.
842 3220 859 3278 6
883 3214 948 3279 kal.
972 3214 1050 3277 maii
1073 3223 1106 3278 a⁰
1131 3221 1172 3277 2⁰.
1197 3215 1248 3297 (4,
1274 3216 1362 3297 313).

622 3352 725 3431 72l.
1617 3385 1711 3449 1344,
1729 3370 1771 3431 28
1786 3370 1884 3434 avril.

613 3470 713 3553 Supp.
731 3468 915 3533 Nicholaus
930 3465 1138 3548 Guidouclie,
1155 3468 1290 3532 scutifer
1305 3478 1425 3550 vester,
1441 3468 1581 3534 nuncius
1593 3489 1634 3532 ex
1645 3480 1739 3553 parte
1753 3470 1926 3551 Ludovici,

569 3572 700 3635 comitis
726 3570 890 3649 Flandrie,
907 3569 949 3635 ad
961 3568 1000 3634 V.
1018 3571 1048 3634 S.
1064 3571 1268 3654 presentiam
1283 3570 1478 3650 destinatus,
1495 3581 1585 3655 quat.
1606 3570 1733 3656 [Petro
1751 3573 1820 3639 filio
1838 3575 1925 3639 Petri

570 3673 724 3757 Hugonis
748 3673 912 3757 Benyard,
936 3673 1081 3759 scolari]
1104 3673 1291 3738 Tomacen.
1308 3674 1405 3752 dioc.,
1422 3674 1476 3757 qui
1493 3675 1610 3739 ascribi
1627 3674 1793 3742 desiderat
1809 3679 1926 3743 militie

568 3778 722 3858 clericali,
753 3797 841 3862 spec.
868 3798 914 3861 gr.
943 3778 1112 3858 facientes
1137 3786 1265 3843 utnon
1289 3781 1374 3843 obst.
1398 3778 1463 3843 def.
1487 3787 1565 3857 nat,
1590 3799 1690 3862 quem
1714 3780 1784 3865 ipse
1810 3782 1927 3847 Petrus

566 3883 692 3966 patitur
721 3883 762 3947 de
794 3882 971 3966 conjugato
998 3883 1129 3966 genitus
1158 3892 1193 3946 et
1219 3884 1339 3961 soluta,
1369 3882 1474 3967 possit
1505 3903 1523 3945 a
1554 3902 1752 3965 quocunque
1782 3887 1926 3950 voluerit

567 3986 747 4049 antistite...
767 3986 910 4049 clericali
936 3996 1104 4051 caractere
1130 3986 1287 4070 insigniri,
1304 3995 1389 4050 etse
1406 3986 1581 4051 adomnes
1603 3985 1758 4066 minores
1786 3999 1832 4068 61,
1849 4010 1925 4054 cum

567 4090 609 4152 ad
625 4100 750 4153 etatem
774 4090 958 4173 legitimum
980 4089 1178 4175 pervenerit,
1195 4090 1238 4154 ad
1254 4110 1370 4154 omnes
1386 4109 1496 4154 sacros
1512 4088 1655 4170 ordines,
1672 4091 1806 4156 statutis
1822 4114 1841 4156 a
1854 4093 1925 4178 jure

566 4194 781 4276 temporibus,
808 4194 917 4257 facere
941 4194 1141 4277 promoveri,
1165 4214 1277 4258 secum
1300 4193 1482 4277 dignemini
1508 4193 1709 4277 dispensare.
1725 4234 1769 4243 —-
1785 4194 1861 4261 Fiat
1884 4196 1925 4262 de

567 4316 634 4357 uno
649 4300 735 4374 ben,
752 4297 853 4359 etiam
870 4297 895 4360 si
913 4317 1024 4360 curam
1042 4298 1164 4360 lrabeat
1180 4298 1375 4362 animarum.
1393 4296 1432 4361 R.

611 4399 689 4462 Dat.
706 4400 804 4463 Avin.
821 4423 840 4482 4
857 4400 922 4463 lral.
939 4400 1015 4463 maii
1033 4409 1065 4463 a⁰
1082 4410 1124 4464 2⁰.
1142 4402 1194 4479 (4,
1209 4405 1286 4483 322)

619 4535 726 4615 722.
1617 4577 1710 4640 1344,
1727 4558 1770 4620 28
1785 4557 1883 4621 avril.

611 4652 665 4713 3¹¹¹?
682 4652 792 4717 Pater.
808 4653 893 4718 Cum
919 4654 1197 4737 supplicationem
1214 4653 1252 4718 V.
1269 4654 1300 4717 8.
1325 4675 1386 4739 pro
1412 4666 1508 4741 parte
1535 4658 1699 4735 Johannis
1725 4660 1768 4725 de
1796 4659 1927 4725 Escoir·

567 4756 715 4838 maing²,
743 4759 819 4821 cler.
851 4758 1067 4822 Cameracen.
1095 4757 1191 4836 dioc,
1219 4757 1389 4838 traditam,
1417 4781 1515 4845 super
1540 4765 1647 4847 gratia
1683 4764 1742 4829 sibi
1771 4763 1926 4829 facienda

567 4859 608 4924 de
632 4863 708 4924 ben.
736 4863 816 4924 eccl.
848 4883 876 4927 6.
894 4861 991 4926 6161
1023 4882 1103 4940 s.c.,
1134 4870 1309 4945 spectante
1341 4861 1384 4925 ad
1414 4866 1522 4930 coll...
1553 4866 1747 4951 archiepisc.
1774 4864 1926 4945 Remen,

567 4964 774 5046 signaveritis
809 4970 867 5029 sub
895 4966 976 5030 data
1003 4970 1019 5027 6
1049 4966 1120 5030 idus
1145 4966 1235 5043 maii,
1252 4975 1345 5048 pont.
1370 4969 1470 5032 vestri
1496 4979 1529 5033 a'¹
1559 4978 1596 5050 1⁰,
1622 4977 1720 5055 prout
1748 4969 1781 5033 in
1809 4971 1927 5035 eadem

603 5219 622 5264 l.
639 5216 707 5264 (lull.
719 5216 811 5272 clarui,
828 5216 857 5265 V.
873 5218 919 5264 211
933 5221 1109 5266 ;1·υ1111,.”1.·”).”1,
1123 5246 1152 5250 --
1166 5222 1186 5264 2.
1202 5219 1261 5263 l'uii·
1275 5233 1297 5265 11,
1312 5221 1365 5265 35ῖ.
