4650 6059
377 421 393 624 Ι
839 535 843 543 .
895 486 983 563 1346,
1008 484 1094 548 18-22
1117 484 1289 562 septembre.
1711 490 1772 552 277

377 623 385 684 ἵ·
423 633 500 700 dicta
522 637 600 700 ben.
623 635 689 701 sint
716 637 807 723 apud
832 637 946 703 sedem
970 644 1077 721 apost.
1102 645 1280 716 reservata,
1306 636 1454 702 conferre
1478 636 1682 721 dignemini3
1704 664 1772 708 non

363 697 383 888 1
419 740 495 803 obst.
510 738 603 822 quod
622 738 711 804 idem
738 739 904 807 Henricus
919 741 961 807 de
977 738 1096 803 Salinis
1111 738 1145 802 in
1161 738 1357 824 Lingonen.‚
1374 740 1405 805 S.
1432 739 1452 818 J
1455 741 1596 807 ohannis
1611 741 1771 812 Leodien.

363 893 364 897 .
414 849 446 906 et
465 840 508 907 de
520 841 684 927 Soyneyo
700 860 721 924 ¹,
737 833 952 910 Cameracen.
970 843 1067 923 dioc„
1084 842 1243 921 ecclesiis,
1267 863 1339 909 can.
1364 847 1499 928 etpreb.
1520 846 1668 912 noscitur
1687 850 1773 915 obti-

412 966 498 1010 nere.
509 986 554 995 —
568 944 646 1011 Fiat
657 967 718 1031 pro
735 957 886 1031 utroque.
904 946 944 1012 R.

450 1049 531 1113 Dat.
547 1050 649 1114 Avin.
670 1072 707 1135 14
723 1050 789 1117 kal.
806 1062 873 1117 oct.
888 1057 922 1116 a⁰
939 1059 980 1134 5⁰.
997 1051 1069 1132 (12,
1088 1050 1155 1133 20).

463 1170 608 1253 1065.
1370 1184 1465 1266 1346,
1482 1187 1525 1248 18
1540 1189 1729 1271 septembre.

449 1286 555 1372 Supp.
572 1286 591 1364 J
595 1286 739 1367 ohanna,
755 1286 868 1372 regina
885 1285 1048 1366 Navarre,
1064 1293 1155 1369 quat.
1169 1284 1273 1371 [mag.
1290 1284 1471 1352 Guillelmo
1481 1288 1522 1352 de
1539 1288 1772 1370 Calvomonte,

407 1391 440 1454 in
458 1389 506 1456 U.
524 1388 552 1455 I.
569 1389 633 1469 lic.,
651 1391 851 1456 cancellario
866 1411 927 1456 suo
941 1388 982 1476 ²],
997 1388 1040 1454 de
1056 1409 1130 1454 can.
1147 1396 1182 1453 et
1202 1388 1476 1455 archidiaconatu
1500 1392 1581 1457 eccl.
1597 1393 1773 1460 Ebroicen.

404 1493 594 1579 dignemini
625 1494 832 1579 providere...
846 1516 854 1572 ;
883 1514 952 1560 non
978 1496 1063 1558 obst.
1094 1492 1185 1576 quod
1214 1492 1248 1556 in
1272 1492 1304 1557 S.
1330 1491 1492 1560 Mederici
1510 1494 1665 1561 Parisien.
1684 1506 1718 1563 et
1734 1497 1772 1562 B.

407 1596 582 1663 Laurentii
598 1597 640 1663 de
656 1596 676 1675 J
679 1598 818 1662 oinvilla
832 1617 872 1662 ac
888 1596 927 1662 B.
949 1596 1081 1661 Thome
1097 1594 1343 1681 Crispiacensis,
1361 1596 1606 1665 Cathalaunen.
1620 1609 1654 1666 et
1670 1601 1773 1665 Silva-

406 1710 545 1767 necten.
561 1700 659 1781 dioc.⁷
676 1721 750 1766 can.
772 1702 922 1786 etpreb„
939 1720 1073 1765 necnon
1096 1699 1129 1764 in
1155 1697 1324 1765 Morimen.
1346 1701 1495 1766 ecclesiis
1519 1723 1591 1768 can.
1615 1707 1675 1769 sub
1699 1726 1773 1790 exp.

406 1807 504 1891 preb.
520 1804 673 1870 obtinere
688 1812 855 1870 noscatur.
877 1841 909 1851 -
931 1802 1007 1868 Fiat
1024 1800 1064 1867 R.

452 1908 536 1973 Dat.
552 1907 652 1972 Avin.
673 1929 710 1992 14
726 1906 792 1973 kal.
809 1916 876 1973 oct.
893 1914 927 1971 a⁰
943 1914 986 1991 5⁰.
1003 1907 1074 1988 (12,
1092 1906 1157 1988 21).

465 2027 613 2110 1066.
1371 2040 1465 2121 1346,
1483 2042 1525 2103 18
1543 2044 1732 2126 septembre.

451 2145 557 2231 Supp.
572 2144 748 2223 Johannes
762 2145 804 2211 de
821 2145 852 2209 S.
870 2143 1077 2222 Audomaro,
1094 2144 1172 2207 cler.
1194 2141 1365 2221 Parisien.,
1381 2163 1470 2227 mag.
1487 2144 1520 2207 in
1537 2153 1597 2209 art.
1615 2166 1655 2211 ac
1671 2148 1776 2212 scola-

406 2251 453 2315 ris
468 2250 503 2314 in
530 2251 605 2335 jure
632 2249 706 2330 civ.,
733 2257 824 2333 quat.
852 2248 912 2313 sibi
939 2247 982 2312 de
1008 2250 1085 2311 ben.
1109 2247 1191 2311 eccl.
1208 2246 1250 2311 ad
1266 2247 1342 2312 coll.
1359 2246 1460 2330 episc.
1477 2254 1511 2311 et
1527 2268 1600 2333 cap.
1618 2248 1776 2316 Parisien.

407 2354 596 2439 dignemini
623 2353 853 2439 providere...,
869 2372 937 2417 non
955 2354 1041 2416 obst.
1062 2350 1152 2434 quod
1177 2350 1295 2435 capell.
1312 2350 1490 2434 leprosarie
1506 2350 1548 2415 de
1565 2351 1776 2434 LandrecieS,

408 2456 629 2522 Cameracen.
644 2457 742 2537 dioc,
759 2465 793 2522 et
810 2456 910 2521 aliam
927 2455 1046 2540 capell.
1063 2453 1096 2518 in
1113 2454 1195 2519 eccl.
1212 2453 1363 2539 parroclr.
1377 2454 1408 2517 S.
1426 2452 1603 2518 Michaelis
1619 2450 1777 2521 (landen-⁴

409 2562 463 2636 sis,
474 2560 663 2626 Tornacen.
675 2559 773 2641 dioc„
783 2560 933 2625 noscitur
947 2559 1108 2638 obtinere,
1120 2578 1259 2640 quarum
1272 2557 1450 2637 fructus...,
1467 2578 1532 2622 sec.
1550 2564 1619 2622 tax.
1636 2559 1778 2637 decime,

411 2685 452 2729 20
471 2663 545 2729 libr.
560 2662 687 2730 Turon.
697 2684 791 2749 parv.
807 2665 959 2728 valorem
976 2682 1125 2726 annuum
1142 2681 1210 2726 non
1227 2659 1445 2725 excedunt.—
1467 2660 1543 2724 Fiat
1560 2662 1721 2743 usquead
1739 2681 1779 2745 70

409 2791 439 2835 c.
456 2790 498 2849 c.,
516 2789 560 2853 40
577 2789 603 2833 ε.
619 2789 648 2833 c.
666 2767 706 2833 R.

458 2872 538 2938 Dat.
560 2871 661 2936 Avin.
689 2892 726 2956 14
749 2869 815 2937 kal.
840 2879 907 2937 oct.
924 2877 958 2935 a⁰
975 2877 1017 2954 5⁰.
1034 2871 1104 2952 (12,
1123 2869 1190 2953 25).

467 2992 614 3075 1067.
1376 3003 1470 3086 1346,
1488 3024 1528 3066 22
1545 3005 1734 3089 septembre.

455 3110 559 3195 Supp.
577 3108 769 3186 KaroluS,in
786 3128 897 3191 regem
915 3104 1144 3171 Romanorum
1157 3105 1293 3184 electus,
1307 3114 1341 3168 et
1353 3104 1577 3187 Waltrannus,
1584 3106 1777 3192 archiepisc.

412 3215 601 3290 Colonien„
612 3224 702 3296 quat.
713 3211 773 3275 sibi
785 3212 817 3274 in
830 3232 913 3295 pers.
925 3212 1002 3273 nob.
1020 3209 1079 3272 riri
1094 3208 1264 3271 Willrelrni
1275 3208 1316 3272 dc
1330 3208 1469 3294 (ienepe
1480 3221 1499 3287 ³,
1512 3210 1777 3291 camColoniem,

412 3317 593 3382 consiliarii
621 3314 769 3400 ejusdem
794 3313 999 3397 archiepisc„
1016 3334 1062 3396 gr.
1080 3314 1240 3377 facientes
1256 3334 1356 3397 spec,
1388 3314 1497 3378 eidem
1525 3314 1705 3378 Willielino
1735 3316 1777 3381 de

412 3420 622 3486 thesauraria
647 3418 736 3483 dicte
765 3418 846 3482 eccl.
874 3417 1060 3497 Colonien,
1087 3438 1161 3481 rac.
1189 3437 1248 3501 per
1273 3427 1416 3480 mortem
1441 3416 1579 3483 Henrici
1605 3419 1646 3483 de
1672 3419 1776 3502 Span-

414 3527 518 3610 heym
533 3537 554 3604 ⁴,
573 3524 653 3588 olim
674 3522 870 3587 thesaurarii
892 3522 1041 3606 ejusdem
1065 3523 1156 3601 eccl,
1183 3522 1275 3604 cujus
1298 3524 1373 3585 ben.
1402 3522 1515 3585 onmia
1540 3522 1570 3586 S.
1587 3521 1626 3586 V.
1651 3523 1775 3586 <ludum

415 3639 493 3694 ante
520 3628 623 3713 ipsius
647 3626 786 3691 Henrici
812 3629 876 3705 ob„
901 3634 937 3690 ut
950 3627 1079 3704 dicitur,
1096 3626 1305 3711 dispositioni
1323 3647 1379 3689 sue
1396 3625 1537 3689 asseclis
1554 3639 1660 3708 apost.
1678 3648 1777 3691 reser-

415 3734 519 3812 vavit,
548 3730 730 3815 dignemini
758 3730 957 3814 providere;
986 3731 1038 3794 cui
1058 3729 1239 3794 Willielmo
1267 3729 1354 3794 idern
1383 3728 1587 3812 archiepisc„
1616 3729 1658 3791 ad
1686 3730 1777 3813 cujus

415 3837 489 3901 coll.
515 3836 608 3901 dicta
632 3833 837 3898 thesauraria
859 3833 1014 3917 pertinet,
1031 3833 1187 3897 dubitans
1204 3833 1425 3896 verisimiliter
1440 3831 1628 3915 hujusmodi
1645 3833 1777 3896 thesau-

415 3941 537 4004 rariam
555 3938 653 4003 fuisse
670 3946 704 4001 et
720 3957 792 4001 esse
808 3946 1022 4016 reservatam,
1041 3947 1128 4001 auct.
1146 3936 1312 4001 ordinaria
1330 3957 1406 4000 eam
1423 3936 1564 4000 contulit
1581 3947 1615 4000 et
1632 3938 1776 4020 providit

415 4044 453 4110 de
479 4044 612 4109 eadem.
641 4041 721 4107 Non
743 4044 827 4105 obst.
853 4041 941 4125 quod
965 4042 1054 4106 idern
1071 4040 1269 4105 Willielnms
1286 4042 1317 4104 in
1336 4041 1516 4105 Sosatiensi
1533 4041 1776 4124 preposituram

416 4157 579 4226 curatam,
607 4147 640 4210 in
669 4146 700 4210 S.
729 4143 778 4209 M.
803 4146 950 4227 Aquensi
979 4147 1198 4226 scolastriam,
1223 4167 1287 4229 que
1312 4146 1451 4228 simplex
1476 4146 1531 4209 otl'.
1554 4146 1664 4208 existit
1688 4167 1712 4209 S.
1737 4168 1776 4225 c.,

416 4251 592 4317 Colonien.
610 4259 644 4314 et
663 4247 823 4313 Leodien.
847 4247 944 4327 dioc„
961 4259 996 4313 et
1011 4250 1044 4314 in
1062 4250 1187 4314 eisdem
1215 4270 1346 4313 necnon
1364 4248 1548 4322 Colonien,
1568 4247 1725 4313 leodien.
1743 4257 1776 4312 et

418 4356 605 4440 Trajecten.
631 4353 779 4417 ecclesiis
804 4374 878 4417 can.
900 4362 935 4416 et
956 4356 1057 4438 preb,
1079 4374 1118 4417 ac
1142 4354 1260 4437 capell.
1283 4353 1315 4415 in
1341 4351 1495 4431 Bilrerel,
1512 4353 1600 4415 dicte
1618 4351 1775 4416 leodien.

418 4460 514 4539 dioc„
531 4466 566 4522 et
582 4458 617 4520 in
635 4455 823 4540 Magantin.
837 4458 985 4522 ecclesiis
1009 4478 1082 4522 can.
1099 4461 1159 4522 sub
1176 4479 1250 4541 exp.
1266 4460 1357 4542 preb.
1375 4469 1409 4520 et
1432 4457 1520 4540 dign.
1538 4479 1622 4542 pers.
1640 4480 1697 4521 seu
1721 4458 1776 4521 off.

421 4585 446 4628 c.
462 4585 490 4630 c.
506 4564 562 4626 vel
578 4583 602 4625 S.
620 4581 649 4626 c.
665 4581 707 4624 ex
722 4560 941 4645 dispositione
958 4562 1045 4626 sedis
1057 4571 1166 4647 apost.
1184 4562 1330 4626 noscitur
1347 4562 1508 4625 obtinere.
1525 4602 1567 4608 —
1585 4560 1660 4624 Fiat
1680 4561 1718 4626 R.

462 4668 544 4732 Dat.
559 4665 658 4730 Avin.
679 4685 716 4730 ro
732 4664 798 4730 kal.
815 4674 881 4730 oct.
899 4676 931 4729 a⁰
949 4674 990 4749 5⁰.
1008 4668 1079 4748 (12,
1098 4672 1181 4749 27l).

457 4841 475 4887 l.
488 4840 608 4898 Soignies.
620 4865 652 4871 —
664 4840 686 4885 2.
697 4838 757 4884 Voir
772 4852 797 4885 n.
815 4840 852 4895 34,
868 4840 937 4886 lom.
951 4866 982 4871 —--
993 4841 1016 4885 3.
1030 4839 1051 4885 ll
1064 4840 1152 4885 rlcvint
1172 4839 1229 4899 plus
1246 4838 1302 4885 tard
1321 4838 1480 4897 arc-licrequc
1497 4837 1529 4885 (lo
1542 4837 1651 4896 Cologne
1671 4851 1676 4892 ;
1700 4835 1732 4882 cl.
1749 4834 1781 4881 ‹le

429 4912 515 4967 llic-ux,
530 4912 563 4968 ll,
579 4913 652 4958 72-73
664 4927 670 4969 3
683 4911 830 4970 Sauerlnnd,
846 4913 877 4970 ll,
891 4914 935 4959 sll
950 4927 955 4967 ς
968 4912 1036 4960 blmr.
1055 4913 1108 4960 l'ar.
1125 4913 1196 4971 Boia,
1211 4913 1230 4971 Ι,
1244 4927 1268 4961 n.
1283 4913 1395 4959 razi-724.
1408 4939 1438 4944 -—
1451 4914 1473 4958 l.
1486 4910 1547 4957 Voir
1560 4924 1584 4958 n.
1597 4912 1651 4957 395.
