4650 6059
956 763 1043 830 1844.
1066 765 1103 831 18
1124 781 1216 832 mars.
1713 768 1766 836 101

397 925 582 1016 Papineloe
591 933 614 1010 ¹,
623 926 669 995 Ο.
681 927 715 995 8.
724 925 777 1011 Β.,
789 926 976 997 Tomaoen.
991 929 1089 1013 dioc,
1104 951 1194 999 nunc
1205 949 1281 998 vac.
1290 931 1326 998 iu
1338 931 1429 1000 curia
1442 952 1503 1020 per
1516 933 1767 1020 promotionem

400 1029 561 1111 lemma
591 1031 638 1099 de
668 1029 772 1100 Mero
801 1031 845 1100 ad
874 1034 1046 1102 abbatiam
1076 1033 1109 1101 S.
1139 1033 1289 1102 Bavonis
1318 1034 1508 1104 Gaudensis
1533 1051 1555 1119 ¹,
1582 1037 1767 1124 dignemini

402 1136 588 1223 providere.
604 1173 649 1188 -
664 1133 744 1204 Fiat
758 1144 855 1204 motu
868 1137 1005 1226 proprio
1020 1136 1061 1205 R.

442 1237 524 1308 Dat.
539 1259 599 1327 ap.
613 1235 865 1308 villamnovam
884 1257 921 1327 15
936 1238 1003 1308 kal
1019 1240 1114 1328 april.
1129 1247 1164 1307 α’
1180 1247 1222 1309 2⁰.
1236 1243 1288 1325 (4,
1305 1243 1410 1328 248').

361 1445 363 1450 ·
450 1391 572 1480 684.
1448 1413 1723 1498 1344,18marr.

361 1569 363 1576 .
442 1509 498 1578 S·
513 1509 631 1579 Pater.
647 1509 766 1598 Nuper
779 1519 891 1580 vestre
915 1512 1044 1600 placuit
1069 1512 1248 1580 Sauctitati
1272 1512 1313 1580 R
1336 1512 1375 1582 P.
1400 1513 1491 1582 dom.
1506 1514 1698 1601 G(uidoni),
1712 1515 1768 1583 tit.

405 1613 574 1684 &Ceeilie
588 1619 700 1703 presb.
715 1615 815 1698 card,
830 1616 1052 1698 committere,
1067 1624 1106 1683 ut
1128 1635 1149 1684 a
1166 1615 1208 1683 R.
1223 1615 1261 1685 P.
1275 1616 1367 1685 dom.
1387 1615 1586 1706 [Johanne],
1595 1618 1628 1686 S.
1643 1618 1765 1705 Angeli

361 1707 365 1802 1
403 1719 496 1806 dyae.
511 1719 618 1803 eard,
632 1729 716 1788 tuuc
730 1741 805 1788 cau.
821 1718 981 1787 Parisien.
1004 1721 1097 1802 eccl,
1113 1728 1149 1787 et
1172 1719 1265 1788 dom.
1290 1719 1449 1810 Philippo
1463 1722 1507 1789 de
1520 1722 1675 1806 Arbosio,
1691 1722 1767 1790 dec.

404 1823 480 1891 eccl
496 1823 532 1890 S
547 1823 737 1891 Donafiani
752 1822 942 1910 Brugensis,
954 1822 1143 1892 Tornacen.
1158 1823 1257 1907 dioc,
1271 1826 1463 1893 volentibus
1477 1833 1560 1893 tunc
1575 1824 1766 1911 hujusmodi

405 1947 460 1994 sua
472 1927 645 1994 beneficia
659 1927 806 1995 invicem
819 1936 1021 2016 permutare,
1035 1929 1298 2015 resignationem
1321 1928 1512 2016 hujusmodi
1524 1929 1766 1997 beneficionrm

406 2031 551 2118 recipere
578 2051 622 2098 ex
647 2049 751 2098 carisa
776 2029 928 2120 predicta
941 2041 963 2116 ³,
987 2051 1090 2120 quam
1116 2031 1253 2118 quidem
1274 2033 1537 2119 resignationem
1557 2032 1649 2101 idem
1674 2032 1767 2101 dom.

362 2195 369 2220 ,
407 2135 490 2202 card.
501 2133 646 2222 recepit,
660 2143 706 2217 et,
722 2155 764 2202 ea
779 2135 827 2203 sic
840 2144 988 2224 recepta,
1003 2135 1132 2204 dictum
1142 2135 1345 2204 decanatum
1355 2136 1489 2225 prefato
1502 2135 1594 2204 dom.
1609 2134 1710 2218 card,
1726 2155 1768 2203 ac

362 2273 369 2314 μ
406 2257 477 2306 can.
492 2246 530 2306 et
544 2239 642 2326 preb.
656 2237 740 2306 eccl.
755 2237 916 2307 Purisien.
936 2239 1107 2326 predictos
1132 2239 1226 2308 dicto
1241 2237 1409 2326 Philippo,
1425 2259 1468 2305 ex
1482 2257 1584 2306 causa
1598 2246 1768 2326 permuta·

362 2407 364 2422 ,
404 2341 503 2410 tionis
516 2341 722 2430 hujumodi,
734 2342 915 2410 liberaliter
924 2342 1111 2411 contulistis
1122 2352 1158 2410 et
1167 2343 1211 2412 de
1219 2341 1299 2430 ipsis
1313 2343 1418 2424 etiam
1428 2341 1620 2430 providistis
1630 2341 1768 2410 eisdem.

407 2445 447 2513 Et
459 2445 544 2514 licet
559 2465 660 2534 super
673 2445 739 2514 hiis
752 2445 820 2513 sint
844 2445 935 2516 facte
960 2447 1071 2514 littere
1096 2447 1285 2534 apostolice
1298 2453 1335 2514 et
1358 2465 1534 2534 processus
1547 2444 1627 2513 inde
1651 2444 1768 2528 secuti,

406 2547 482 2618 dicti
496 2557 621 2617 tamen
636 2547 813 2618 cardinalis
827 2557 863 2618 et
877 2549 1061 2638 Philippus,
1073 2550 1129 2636 qui
1145 2549 1313 2618 dictorum
1323 2550 1373 2616 sic
1386 2557 1654 2637 permutatonun
1667 2551 1770 2615 bene·

408 2651 558 2722 bcioruun
573 2653 821 2740 pomesionem
841 2667 911 2722 non
926 2663 1004 2722 sumt
1017 2653 1153 2722 realiter
1176 2653 1329 2737 assecuti,
1343 2653 1389 2720 ad
1411 2652 1504 2721 dicta
1518 2673 1579 2720 sua
1592 2651 1770 2734 beneficia,

408 2755 514 2826 didm
538 2757 702 2826 videlicet
726 2757 818 2826 dom.
841 2757 932 2826 card
958 2757 1002 2826 ad
1028 2760 1121 2844 preb.
1145 2757 1315 2840 Parisien,
1340 2764 1377 2823 et
1402 2755 1513 2824 dictus
1538 2755 1713 2843 Philippus
1727 2754 1771 2822 ad

410 2857 598 2948 hujumodi
613 2859 819 2930 demnatum
829 2863 969 2951 cupirmt
982 2863 1087 2931 libere
1102 2883 1145 2929 ex
1159 2862 1259 2930 certis
1273 2860 1382 2930 causis
1395 2861 1529 2928 reverti.
1543 2859 1657 2946 Quare
1672 2879 1769 2947 supp.

410 2963 588 3032 cardinal‘m
596 2972 634 3032 et
641 2963 816 3056 Phssippus
826 2967 1075 3055 predicti,quat.
1088 2965 1292 3036 cardinalem
1303 2965 1348 3033 ad
1362 2985 1439 3033 can.
1449 2973 1486 3032 et
1496 2967 1590 3055 preb.
1597 2963 1769 3045 Parisien,

374 3109 381 3138 r
411 3078 442 3136 et
455 3067 657 3156 Phdipprun
677 3069 722 3137 ad
736 3070 941 3139 decanatum
956 3071 988 3140 S.
1004 3071 1190 3139 Donatiani
1206 3068 1385 3156 Brugensis
1410 3068 1626 3136 ecclesiarum
1640 3065 1770 3154 predic-

411 3181 525 3255 lanun,
543 3191 679 3240 necnon
691 3174 814 3260 jurium
841 3185 875 3241 et
900 3176 1179 3263 pertinentiarum
1198 3174 1357 3261 ipsorum,
1373 3181 1408 3238 et
1435 3173 1469 3238 in
1495 3178 1623 3237 statum
1649 3171 1774 3255 inquo

411 3284 502 3342 erant
518 3288 603 3342 aute
614 3277 857 3362 resignationes
869 3289 904 3345 et
919 3280 1118 3346 collationes
1132 3278 1322 3363 hujusmodi
1338 3276 1511 3343 restituere
1526 3273 1721 3359 dignemini,
1732 3291 1774 3339 ac

412 3379 631 3446 deoementes
659 3380 750 3468 ipsos
774 3383 808 3448 in
836 3384 982 3470 ipsorum
1016 3382 1161 3469 pristinis
1191 3382 1363 3448 beneficiis
1393 3378 1601 3465 supradictis,
1634 3376 1773 3463 perinde

414 3485 534 3569 absque
551 3484 692 3570 alicujus
707 3487 874 3553 solutione
883 3487 1054 3552 annalium
1070 3506 1201 3551 camere
1213 3495 1324 3550 vestre
1339 3485 1393 3548 vel
1407 3483 1480 3548 aliis
1500 3482 1774 3566 quibuscumque,

415 3595 467 3650 aut
482 3606 628 3652 onerum
644 3589 868 3671 quorumlibet
884 3589 1034 3669 aliorum,
1051 3609 1091 3654 ac
1106 3587 1211 3674 gradu
1226 3597 1262 3653 et
1277 3586 1394 3653 ordine
1409 3585 1602 3666 eonmdem,
1612 3592 1648 3649 et
1663 3581 1776 3667 quoad

417 3692 525 3757 omnia
541 3698 578 3757 et
593 3691 723 3776 singula
750 3692 816 3758 alia
840 3692 913 3778 ipsa
937 3693 1101 3760 beneficia
1128 3691 1380 3772 concernentia,
1407 3709 1581 3755 remanere
1603 3687 1725 3753 debere
1741 3694 1776 3752 et

418 3813 517 3878 posse,
535 3794 609 3860 siue
623 3795 689 3861 alia
715 3816 806 3863 nova
831 3798 1013 3863 collatione
1037 3816 1247 3882 quacunque,
1273 3795 1365 3862 acsi
1390 3793 1604 3882 permutatio,
1631 3791 1776 3875 resigna-

420 3896 520 3964 tiones
546 3906 583 3964 et
599 3899 797 3966 collationes
823 3901 973 3987 predicte
999 3901 1136 3966 minime
1162 3900 1253 3965 facte
1278 3899 1453 3976 forent...;
1478 3894 1776 3961 nonobstantibus

422 3999 492 4080 ruis,
519 4020 587 4085 que
612 4001 648 4065 in
673 4002 795 4068 litteris
820 4003 940 4069 vestris
965 4023 1064 4090 super
1094 4001 1332 4069 collationibus
1358 3999 1438 4086 ipsis
1453 3998 1616 4065 confectis
1643 3997 1777 4063 suerunt

424 4121 580 4188 expressa.
602 4140 635 4152 -
653 4103 731 4171 Fiat
747 4104 788 4172 R.

459 4205 532 4272 Dat
548 4226 604 4294 ap.
619 4205 869 4275 Villamnovam
888 4229 924 4293 15
941 4208 1004 4274 kal.
1020 4208 1113 4295 april.
1130 4214 1163 4274 a⁰
1180 4214 1222 4273 2⁰.
1239 4208 1291 4292 (4,
1309 4207 1415 4291 249').

464 4358 579 4445 685·
1460 4385 1555 4450 1344,
1573 4366 1615 4429 18
1629 4385 1733 4430 mars

459 4477 572 4564 Suppl.
590 4475 709 4542 Helias
717 4476 761 4543 de
777 4475 935 4543 Neronio
950 4485 1040 4561 quat.
1064 4476 1106 4543 de
1129 4474 1276 4561 quodam
1303 4471 1417 4538 officio
1440 4490 1551 4557 penne
1577 4470 1648 4535 sive
1664 4469 1776 4535 clerici

429 4578 566 4646 officialis
582 4580 617 4645 in
634 4580 724 4646 curia
740 4580 921 4667 episcopali
937 4580 1141 4647 Noviomen.
1157 4575 1458 4663 nuncupato,quod
1469 4575 1560 4640 dom.
1576 4573 1777 4658 Stephanus,

430 4683 503 4749 urd.
533 4684 588 4750 tit.
618 4682 674 4749 SS.
700 4682 867 4762 Johannis
893 4693 929 4749 et
955 4684 1060 4766 Pauli,
1084 4693 1166 4749 tunc
1192 4682 1294 4767 episc.
1320 4678 1535 4758 Noviornen,
1561 4675 1710 4754 Jolranni
1734 4675 1777 4741 de

364 4921 369 4954 5
454 4907 472 4954 l.
487 4906 526 4956 On
547 4907 604 4955 voit
622 4919 674 4966 que
691 4903 737 4954 des
755 4904 780 4955 le
799 4907 831 4954 23
849 4906 954 4955 octobre
972 4906 1034 4953 1342
1056 4902 1192 4950 Baudouin
1210 4901 1320 4949 Borluut
1339 4897 1459 4959 occupait
1478 4894 1504 4942 la
1523 4893 1616 4955 charge
1633 4892 1665 4941 de
1691 4894 1778 4954 prieur

432 4973 599 5043 derspmgloo
610 4978 682 5041 (Van
695 4977 818 5036 loheren,
831 4976 961 5041 L'abboye
971 4976 1002 5025 de
1013 4975 1152 5034 rit-Boron,
1167 4977 1192 5021 2·
1205 4979 1278 5036 part,
1292 4987 1317 5034 p.
1333 4971 1385 5032 63).
1396 4997 1430 5004 -
1441 4973 1464 5018 2.
1476 4969 1542 5017 Jerm
1554 4967 1612 5016 Van
1629 4967 1675 5014 der
1693 4966 1778 5015 Mocre

433 5049 489 5111 tigna
499 5052 630 5102 lubmdme
640 5055 657 5101 a
668 5052 795 5113 Arignon,
808 5050 832 5101 le
843 5054 875 5100 20
888 5066 955 5101 mars
967 5051 1036 5110 1344,
1049 5049 1210 5110 l'ohligation
1222 5046 1254 5095 dc
1266 5058 1346 5108 payor
1357 5046 1372 5091 a
1384 5043 1410 5090 la
1419 5043 1547 5091 chambre
1566 5040 1731 5104 apostolique
1743 5039 1779 5087 les

434 5133 523 5174 mures
540 5126 606 5175 dues
626 5139 692 5189 pour
711 5138 740 5173 aa
759 5127 921 5175 nomination
941 5124 1032 5186 (arch.
1043 5121 1136 5180 Vatic,
1153 5119 1235 5184 obl-iq.
1253 5121 1275 5179 6,
1288 5119 1306 5167 t.
1323 5119 1391 5174 212;
1413 5115 1532 5175 Berlibre,
1553 5114 1652 5162 Iacent
1671 5111 1779 5179 coulpe,

365 5240 368 5250 .
383 5209 385 5216 '
436 5199 522 5262 alto)
530 5199 593 5249 Voir
603 5198 666 5264 plus
676 5199 741 5247 haut
753 5213 779 5248 n.
790 5201 848 5250 576.
859 5227 891 5234 -
903 5201 925 5248 3.
936 5197 998 5246 Voir
1009 5212 1034 5247 n.
1046 5199 1103 5247 621.

475 5288 665 5339 tntvmbdg.
