4650 6059
382 5229 390 5268 l

911 774 997 848 1346,
1022 773 1114 837 28-29
1136 772 1261 836 octobre.
1709 775 1770 838 288

448 921 538 988 Item
567 923 657 989 idem
687 923 724 989 fr.
749 923 924 1002 Johannes
946 923 989 989 de
1016 922 1048 988 S.
1071 920 1219 987 Martino
1246 943 1341 1007 supp.
1361 931 1453 1005 quat.
1474 923 1536 988 sibi
1553 931 1588 987 et
1602 923 1692 989 fratri
1711 944 1772 990 suo

407 1027 528 1092 carnali
549 1025 634 1113 [ind.
650 1026 684 1091 in
700 1035 761 1093 art.
777 1026 894 1113 mort]
921 1026 1105 1093 concedere
1128 1025 1322 1109 dignemini,
1347 1027 1407 1090 sub
1431 1026 1538 1111 sigillo
1562 1026 1652 1093 dom.
1669 1029 1770 1113 episc.

405 1129 574 1209 Grassen,
591 1130 789 1197 confessoris
804 1129 915 1196 vestri.
934 1170 967 1180 -
991 1130 1068 1196 Fiat
1084 1127 1124 1194 R.

448 1232 531 1299 Dat.
548 1233 647 1298 Avin.
664 1236 682 1299 8
699 1233 766 1299 kal.
783 1254 861 1299 nov.
878 1241 911 1297 a⁰
928 1240 970 1317 5⁰.
987 1234 1059 1318 (12,
1075 1234 1142 1317 71).

457 1386 602 1469 1091.
1418 1398 1513 1482 1346,
1531 1401 1573 1463 28
1589 1402 1726 1464 octobre.

447 1504 555 1590 Supp.
578 1502 816 1591 S[tephanus],
837 1504 938 1590 episc.
954 1504 986 1570 S.
1003 1502 1119 1569 Poncii
1134 1501 1390 1567 Thomeriarum
1407 1517 1427 1581 ¹,
1455 1512 1547 1585 quat.
1576 1501 1770 1588 [pronepoti

404 1629 466 1674 suo
492 1607 595 1673 Petro
618 1608 731 1693 Ayme
746 1617 767 1688 ²,
783 1609 861 1673 cler.
889 1606 1140 1673 Claromonten.
1167 1605 1265 1685 dioc,
1293 1606 1410 1671 scolari
1436 1606 1560 1690 injure
1582 1607 1669 1672 civili
1694 1615 1771 1671 actu

404 1709 573 1797 studenti]
593 1710 683 1797 apud
709 1708 1092 1797 Montempessulanum,
1108 1709 1150 1775 de
1172 1708 1323 1794 parroch.
1340 1709 1422 1774 eccl.
1439 1709 1481 1774 de
1498 1709 1633 1790 Caselis,
1651 1709 1770 1774 Riven.

404 1814 506 1894 dioc,
522 1813 706 1898 dignemini
723 1812 944 1898 providere...;
961 1834 1028 1879 non
1046 1816 1131 1880 obst.
1145 1812 1235 1897 quod
1247 1832 1319 1877 can.
1337 1821 1371 1877 et
1387 1816 1478 1897 preb.
1492 1812 1530 1878 B.
1542 1812 1592 1878 M.
1602 1813 1645 1878 de
1658 1812 1770 1891 Portu,

405 1918 673 1997 Claromonten.,
693 1926 729 1983 et
759 1916 789 1982 S.
822 1917 997 2003 Gaugerici
1028 1916 1245 1983 Cameracen.
1276 1917 1491 1982 ecclesiarum
1522 1937 1563 1982 ac
1593 1918 1626 1981 iu
1652 1916 1771 1982 eadem

406 2022 439 2088 S.
466 2020 646 2106 Gaugerici
671 2021 857 2086 cantoriam
883 2042 923 2086 ac
946 2023 1088 2087 ruralem
1119 2021 1200 2086 eccl.
1227 2020 1270 2085 de
1298 2018 1473 2101 Rossonio,
1506 2019 1646 2086 Remen.
1673 2019 1771 2100 dioc,

405 2125 550 2204 obtinet,
566 2145 624 2189 seu
640 2123 731 2207 quod
746 2123 810 2189 des.
821 2125 931 2205 etatis,
941 2125 975 2189 in
990 2134 1041 2207 19⁰
1053 2145 1142 2190 anno
1154 2125 1255 2190 etatis
1267 2145 1324 2190 sue
1337 2126 1548 2207 constitutus,
1559 2127 1715 2211 patiatur.
1729 2165 1771 2175 -

409 2227 489 2293 Fiat
515 2227 556 2314 R.
1401 2253 1403 2257 ·

451 2332 649 2398 Datilum.
667 2353 683 2416 5
700 2330 768 2397 kal.
784 2352 862 2397 nov.
876 2339 910 2396 a⁰
927 2340 968 2416 5⁰.
985 2334 1056 2417 (12,
1074 2336 1142 2418 91).

461 2486 610 2570 1092.
1421 2505 1515 2589 1346,
1533 2526 1573 2588 29
1590 2507 1727 2570 octobre.

452 2606 544 2691 Sign.
569 2605 768 2671 Guillelmus
789 2604 932 2690 Coynde
947 2616 967 2685 ³,
984 2605 1161 2688 Vivarien.,
1179 2616 1214 2672 et
1231 2607 1450 2693 Raymundus
1472 2607 1515 2672 de
1538 2606 1771 2690 MonteacutO,

408 2709 555 2790 Biliomi,
580 2707 829 2774 Claromonten.
854 2709 951 2791 dioc,
977 2711 1191 2776 ecclesiarum
1227 2713 1390 2791 canonici,
1422 2712 1512 2796 quod
1543 2711 1613 2796 ipsi,
1645 2712 1772 2777 deside-

406 2822 521 2880 rantes
548 2834 592 2878 ex
618 2812 725 2877 causis
749 2812 1010 2894 rationabilibus,
1038 2814 1108 2900 ipsa
1135 2836 1193 2880 sua
1222 2817 1299 2880 ben.
1327 2815 1369 2880 ad
1396 2817 1539 2879 invicem
1570 2824 1771 2899 permutare,

406 2917 580 3003 predictus
595 2914 793 2981 Guillelmus
807 2916 965 2982 videlicet
981 2938 1053 2984 can.
1070 2940 1128 2984 seu
1144 2921 1331 3001 canoniam,
1348 2930 1382 2985 et
1397 2923 1489 3006 preb.
1502 2920 1571 2983 sive
1583 2919 1772 3003 portionem

406 3029 441 3086 et
456 3022 573 3087 locum
590 3020 812 3098 canonicales
829 3041 912 3105 quos
928 3022 1059 3087 obtinet
1081 3023 1223 3088 indicta
1240 3022 1407 3088 Vivarien.
1424 3025 1516 3102 eccl,
1533 3024 1566 3086 in
1583 3037 1647 3105 qua
1664 3030 1773 3087 certus

407 3124 651 3190 canonicorum
674 3144 831 3187 numerus
856 3128 915 3190 sub
941 3125 1126 3191 ordinanda
1148 3149 1205 3191 seu
1227 3127 1432 3192 instituenda
1449 3127 1692 3212 prebendarum
1708 3126 1772 3191 dis-

407 3229 584 3306 tinctione,
612 3235 670 3291 aut
695 3228 785 3306 alias
811 3237 956 3292 statutus
983 3230 1105 3310 existit,
1131 3230 1173 3294 ad
1200 3252 1300 3313 quam
1327 3232 1477 3295 nondum
1504 3231 1685 3295 deventum
1712 3239 1772 3309 est,

406 3333 598 3415 juramento
626 3331 767 3395 vallatus
794 3344 828 3396 et
855 3334 1111 3399 confirmatione
1145 3337 1332 3420 apostolica
1367 3340 1568 3413 roboratus;
1601 3345 1634 3398 et
1665 3335 1773 3399 dictus

410 3435 632 3520 Raymundus
648 3455 720 3500 can.
737 3443 771 3499 et
786 3439 889 3520 preb,
906 3458 989 3520 quos
1006 3439 1038 3501 in
1054 3437 1146 3503 dicta
1162 3440 1244 3503 eccl.
1258 3438 1391 3504 Biliomi
1405 3440 1545 3519 obtinet,
1559 3441 1600 3505 de
1614 3439 1774 3504 mandato

409 3541 438 3604 S.
455 3539 495 3603 V.
513 3540 718 3603 verbotenus
734 3539 832 3618 facto,
849 3541 882 3603 in
900 3541 1053 3605 manibus
1082 3542 1120 3605 R.
1139 3542 1175 3606 P.
1202 3542 1291 3607 dom.
1309 3544 1409 3628 episc.
1438 3543 1468 3607 S.
1496 3543 1606 3608 Pontii
1629 3543 1657 3606 T
1660 3543 1774 3607 home-

409 3645 540 3722 riarum,
567 3663 608 3705 ex
634 3662 734 3706 causa
759 3645 1015 3727 permutationis
1042 3654 1076 3709 et
1101 3666 1168 3709 non
1193 3646 1283 3725 alias
1306 3646 1394 3731 apud
1416 3646 1528 3710 sedem
1547 3656 1655 3730 apost.
1673 3646 1774 3709 libere

409 3748 626 3831 resignarunt,
655 3746 790 3830 ipseque
814 3748 1000 3831 hujusmodi
1025 3750 1266 3833 resignationes
1282 3750 1425 3814 admisit.
1443 3750 1553 3831 Quare
1570 3771 1664 3834 supp.
1682 3758 1772 3831 quat.

410 3850 518 3916 dictos
543 3870 619 3914 can.
643 3859 677 3914 et
703 3853 793 3935 preb.
823 3852 922 3935 ipsius
948 3853 1029 3917 eccl.
1055 3854 1187 3919 Biliomi
1213 3854 1343 3938 prefato
1369 3853 1558 3931 Guillelmo,
1576 3864 1609 3915 et
1626 3873 1700 3915 nur.
1717 3871 1774 3913 seu

412 3954 602 4032 canoniam,
630 3961 664 4017 et
702 3957 793 4038 preb.
821 3956 889 4019 sive
917 3958 1105 4041 portionem
1137 3967 1170 4021 et
1201 3960 1312 4023 locum
1352 3957 1566 4021 canonicales
1597 3954 1773 4039 predictos

411 4060 574 4144 premisso
591 4060 643 4121 vel
661 4059 728 4122 alio
744 4060 861 4141 quovis
877 4062 979 4127 modo
995 4083 1077 4141 vac,
1094 4062 1247 4147 predicto
1265 4060 1467 4146 Raymundo
1491 4060 1639 4123 conferre
1662 4059 1774 4142 digne-

412 4166 501 4244 mini,
529 4172 564 4227 et
593 4163 701 4247 ipsum
730 4163 970 4248 Raymundum
994 4167 1025 4229 in
1055 4169 1166 4232 locum
1194 4177 1227 4231 et
1255 4168 1288 4230 in
1315 4178 1348 4230 et
1376 4165 1419 4230 ad
1441 4186 1540 4229 omne
1559 4165 1611 4247 jus
1635 4162 1774 4247 predicti

412 4267 583 4333 Guillelmi
609 4267 747 4331 omnino
772 4278 805 4332 et
831 4269 981 4334 totaliter
1005 4273 1193 4353 subrogare,
1219 4272 1320 4335 etiam
1342 4270 1368 4333 si
1389 4269 1479 4333 dicta
1494 4271 1570 4332 ben.
1587 4288 1645 4331 seu
1661 4287 1774 4330 eorum

412 4372 549 4457 aliquod
576 4371 642 4435 sint
669 4371 779 4436 forsan
807 4382 864 4436 aut
882 4373 1033 4438 suerint...
1050 4383 1242 4453 reserr·ata;
1267 4395 1334 4438 non
1348 4376 1433 4437 obst.
1458 4371 1547 4456 quod
1571 4379 1776 4434 memoratus

413 4475 610 4541 Guillelmus
635 4477 667 4538 in
693 4477 774 4541 eccl.
799 4476 1047 4542 Claromonten.
1070 4481 1129 4542 sub
1149 4500 1224 4563 exp.
1246 4482 1337 4562 preb.
1354 4479 1387 4541 in
1405 4498 1478 4541 cau.
1495 4485 1546 4540 est
1562 4482 1724 4559 receptus,
1742 4485 1776 4536 et

414 4580 763 4664 archipresbiteratum
796 4579 1027 4646 Libratensem
1057 4592 1091 4646 et
1122 4584 1274 4667 parroclr.
1306 4583 1387 4646 eccl.
1420 4579 1598 4643 Bertiniaci
1632 4579 1774 4642 invicem

417 4703 572 4761 annexos
601 4704 641 4747 ac
668 4684 702 4748 in
728 4683 819 4749 dicta
847 4685 1096 4750 Claromonten.
1124 4687 1206 4750 eccl.
1234 4685 1402 4769 quandam
1427 4685 1597 4760 corariam,
1626 4692 1659 4746 et
1683 4702 1776 4767 perp.

419 4787 532 4871 capell.
551 4785 588 4849 B.
608 4785 716 4851 Marie
732 4789 839 4852 Alosti
857 4811 882 4853 s.
900 4810 949 4868 e.;
968 4791 1122 4873 quodque
1139 4791 1285 4874 prelatus
1309 4787 1528 4875 Raymundus
1545 4809 1616 4852 can.
1635 4794 1668 4850 et
1684 4790 1774 4871 preb.

424 4892 495 4954 eccl.
524 4888 562 4953 B.
593 4889 640 4954 Μ.
667 4889 848 4970 Belnensis,
865 4914 904 4957 ac
921 4895 1071 4978 parrocli.
1088 4894 1129 4957 dc
1148 4893 1310 4959 Morterio
1327 4892 1418 4957 etde
1435 4892 1603 4956 Cassanea
1631 4890 1774 4954 invicem

456 5118 475 5163 l.
487 5103 595 5165 litionnc
615 5119 764 5180 Cambarou,
785 5122 989 5183 precedcurrnent
1008 5120 1104 5183 ῥώμην
1123 5124 1154 5170 dc
1169 5124 1263 5172 s‘assm.
1277 5152 1306 5156 —-
1319 5126 1341 5170 2.
1357 5123 1416 5169 l'oir
1427 5138 1452 5170 n.
1465 5126 1520 5169 laia.
1536 5152 1539 5155 -
1577 5125 1598 5167 3.
1614 5122 1672 5167 l'oir
1684 5137 1709 5168 n.
1724 5126 1776 5175 15⁰,

434 5188 479 5236 ⁹8¹2,
