4650 6059
973 762 1059 836 1352,
1083 763 1101 827 3
1124 762 1193 831 mai.
1707 766 1763 833 617

395 943 443 986 eo
461 921 553 1005 quod
571 920 723 1006 Rogero²⁸
740 920 870 984 Daens¹
889 917 930 983 de
946 939 1020 984 can.
1037 925 1070 983 et
1086 921 1181 1004 preb.
1194 918 1295 1003 ipsius
1307 919 1448 988 ecclesie
1464 928 1514 987 est
1530 920 1709 1010 provisum.
1725 962 1768 973 -

398 1024 484 1091 Fiat
500 1033 594 1090 motu
610 1025 744 1110 proprio
761 1023 801 1089 R.

448 1130 531 1195 Dat.
548 1149 600 1214 ap.
618 1127 866 1193 Villamnovam
885 1146 901 1211 5
918 1147 998 1193 non.
1014 1128 1095 1193 maii
1111 1134 1145 1193 a⁰
1165 1137 1226 1196 10⁰.
1244 1129 1316 1214 (21,
1335 1129 1370 1196 P.
1389 1129 1434 1212 ΙΙ,
1452 1132 1520 1216 72).

456 1264 763 1352 2380·2381.
1502 1303 1596 1368 1352,
1610 1304 1631 1368 3
1650 1285 1725 1350 naal.

449 1386 552 1472 Supp.
578 1386 775 1470 Stephanus,
792 1384 956 1450 Ostiensis
977 1395 1011 1451 et
1027 1384 1241 1451 velletrensis
1264 1386 1451 1472 episcopus,
1483 1393 1575 1470 quat.
1607 1384 1767 1470 [Johanni

399 1491 501 1557 dicto
527 1491 557 1554 le
585 1488 684 1574 Page,
711 1490 792 1555 alias
817 1484 859 1554 de
886 1489 1047 1575 Senogiis,
1075 1488 1224 1576 clerico]
1252 1489 1472 1577 capellaniam
1489 1511 1580 1577 perp.
1608 1491 1707 1556 sitam
1736 1481 1769 1556 i'n

399 1594 558 1680 parroch.
575 1593 715 1659 ecclesia
730 1593 771 1659 de
790 1592 965 1674 Hofstade,
979 1592 1197 1659 Cameracen.
1213 1593 1310 1676 dioc,
1326 1614 1401 1660 vac.
1418 1613 1477 1679 per
1493 1597 1547 1661 ob.
1564 1593 1671 1679 Egidii
1688 1593 1767 1661 dicti

401 1698 550 1778 Portres,
575 1698 630 1784 qui
655 1697 687 1762 in
716 1696 833 1762 itinere
851 1696 1014 1777 Romano,
1041 1717 1130 1762 anno
1152 1696 1288 1782 jubile0,
1313 1697 1401 1763 diem
1427 1698 1546 1763 clausit
1564 1705 1768 1781 extremum,

400 1803 566 1882 conferre,
582 1810 617 1867 et
632 1800 674 1868 de
687 1802 742 1866 illa
757 1800 940 1887 dignemini
958 1795 1143 1887 providere.
1160 1841 1202 1850 -
1219 1799 1296 1867 Fiat
1314 1801 1353 1867 R.

447 1947 554 2007 2381.
572 1939 659 2005 Item
676 1960 781 2026 supp,
799 1948 890 2026 quat.
907 1939 1055 2017 Johanni
1078 1939 1171 2005 dicto
1187 1938 1229 2005 de
1246 1940 1364 2022 Ponte,
1389 1941 1573 2025 presbitero
1585 1960 1606 2021 ²,
1623 1943 1767 2028 capella-

399 2045 496 2111 niam
512 2065 603 2130 perp.
619 2064 693 2109 vac.
711 2044 743 2107 in
761 2044 901 2109 ecclesia
913 2042 1127 2109 Cameracen.
1138 2064 1197 2128 per
1213 2048 1266 2109 ob.
1283 2044 1448 2122 Johannis
1462 2044 1576 2110 Karoli
1593 2045 1634 2110 de
1651 2045 1767 2109 Came-

400 2171 484 2215 raco
497 2160 517 2229 ³,
534 2149 599 2229 oui,
613 2148 742 2234 jamdiu
758 2157 818 2225 est,
836 2148 869 2211 in
887 2147 985 2213 Rom.
1002 2148 1091 2213 curia
1106 2148 1197 2212 diem
1220 2148 1339 2214 clausit
1355 2158 1551 2229 extremum,
1569 2149 1717 2216 conferre
1734 2159 1767 2214 et

401 2253 446 2318 de
464 2252 521 2316 illa
537 2252 718 2336 dignemini
735 2252 938 2337 providere3
967 2273 1035 2316 non
1064 2254 1148 2317 obst.
1177 2252 1279 2317 etiam
1306 2252 1396 2336 quod
1424 2252 1511 2318 idem
1538 2252 1712 2330 Jolraunes
1735 2253 1768 2317 in

403 2357 613 2441 Senogiensi,
631 2356 857 2431 Cameracen„
874 2364 909 2422 et
925 2358 956 2423 S.
973 2356 1161 2440 Walburgis
1178 2355 1364 2439 Brugensis,
1380 2356 1528 2422 ecclesiis
1555 2358 1652 2422 aede
1669 2356 1769 2421 Lom-

404 2461 531 2540 bardiS,
548 2460 735 2526 Tornacen.
751 2461 847 2541 dioc,
865 2460 1065 2545 capellanias
1081 2480 1173 2545 perp.
1190 2460 1338 2525 noscitur
1354 2460 1514 2525 obtinere.
1531 2502 1573 2510 —
1591 2459 1667 2527 Fiat
1685 2460 1724 2527 R.

449 2568 531 2632 Dat.
547 2587 599 2651 ap.
616 2566 864 2632 villamnovam
882 2587 899 2652 5
916 2586 995 2632 non.
1011 2565 1090 2631 maii
1107 2572 1139 2630 a⁰
1159 2573 1221 2631 10⁰.
1238 2566 1310 2648 (21,
1328 2563 1364 2631 P.
1381 2563 1427 2645 ΙΙ,
1446 2567 1514 2650 79).

456 2703 603 2790 2382.
1497 2733 1591 2799 1352,
1606 2737 1627 2801 3
1646 2719 1722 2782 arai.

447 2825 552 2909 Supp.
568 2823 767 2909 Aymericus
783 2821 824 2887 de
842 2820 964 2901 Dumo,
990 2828 1081 2904 quat.
1107 2819 1261 2885 familiari
1285 2839 1344 2885 suo
1368 2818 1469 2884 Petro
1485 2818 1626 2902 Bissent,
1644 2822 1765 2888 clerieo
1795 2879 1799 2888 .

402 2928 622 2994 Lemovicen.
649 2926 746 3007 dioc,
774 2924 815 2990 de
854 2932 1035 3011 personatu
1065 2923 1226 3010 Eynensi,
1257 2922 1445 2989 Tornacen.
1476 2923 1576 3004 dioc,
1608 2926 1660 2990 cui
1691 2946 1769 2992 cura

401 3032 559 3098 imminet
575 3031 771 3110 animarum,
784 3050 855 3095 vac.
867 3025 911 3094 ad
926 3048 1061 3113 presens
1077 3048 1136 3114 per
1151 3028 1289 3093 liberam
1305 3026 1563 3112 resignationem
1576 3049 1635 3114 per
1650 3050 1768 3115 procu·
1813 3023 1815 3028 ’

401 3145 551 3202 ratorem
580 3133 749 3220 Aymerici
777 3132 919 3212 Mathei,
937 3132 988 3197 cui
1006 3132 1036 3197 S.
1054 3130 1093 3197 V.
1110 3132 1218 3218 ipsum
1247 3152 1351 3217 nuper
1378 3132 1531 3212 contulit,
1558 3134 1589 3197 in
1614 3134 1768 3199 manibus

404 3242 444 3306 R.
463 3242 495 3304 in
514 3240 646 3305 Christo
663 3239 699 3304 P.
716 3239 805 3304 dom.
832 3238 986 3304 Elnensis
1009 3238 1167 3325 episcopi,
1183 3238 1225 3302 de
1249 3236 1410 3303 mandato
1428 3237 1466 3303 E.
1484 3238 1525 3318 S,
1543 3240 1632 3325 apud
1655 3240 1768 3304 sedem

404 3352 515 3430 apost.
542 3343 664 3407 iactam
693 3352 727 3408 et
754 3344 943 3423 admissam,
960 3344 1013 3407 vel
1031 3342 1097 3407 alio
1121 3342 1359 3426 quoquomodo
1376 3349 1483 3424 vacet,
1502 3364 1577 3408 cum
1591 3344 1717 3429 juribus
1733 3353 1766 3410 et

405 3447 615 3534 pertinentiis
631 3448 698 3512 suis
714 3448 874 3512 universis
901 3446 1081 3531 dignemini
1108 3445 1311 3531 providere;
1337 3465 1405 3510 non
1432 3450 1517 3513 obst.
1543 3450 1633 3532 quod
1660 3449 1768 3515 dictus

404 3552 604 3637 ,lymen'cus
623 3550 751 3615 lllathei
769 3551 1014 3636 possessionem
1041 3551 1190 3635 ejusdem
1215 3560 1412 3636 personatus
1437 3551 1586 3617 nondum
1613 3554 1767 3621 habuerit

405 3678 466 3721 nec
483 3656 612 3720 litteras
628 3655 829 3741 apostolicas
856 3655 924 3718 fieri
952 3655 1067 3719 fecerit
1090 3655 1132 3720 de
1149 3654 1269 3718 eodem
1290 3678 1297 3733 ;
1315 3664 1349 3719 et
1366 3677 1434 3720 non
1451 3659 1536 3722 obst.
1554 3659 1644 3741 quod
1659 3659 1768 3723 dictus

406 3760 525 3826 Petrus
540 3762 616 3824 ben.
634 3760 714 3824 eccl.
732 3781 759 3824 c.
774 3781 801 3823 c.
817 3760 868 3823 vel
886 3781 910 3823 s.
924 3780 963 3837 c,
980 3767 1135 3844 spectans
1151 3759 1374 3823 communiter
1390 3759 1442 3823 vel
1459 3759 1591 3825 divisim
1607 3761 1650 3825 ad
1667 3762 1768 3826 colla-

404 3864 535 3929 tionem
547 3873 622 3942 etc,
639 3863 797 3948 episcopi,
822 3862 938 3927 decani
968 3872 1002 3926 et
1019 3862 1153 3948 capituli
1182 3861 1451 3946 singulorumque
1479 3865 1717 3930 canonicormn
1735 3876 1769 3930 et

405 3988 625 4054 personamm
642 3967 782 4031 ecclesie
808 3966 1023 4031 Lemovicen.
1053 3966 1085 4031 in
1102 3963 1237 4051 speciali
1265 3966 1369 4051 gratia
1396 3968 1544 4032 noscitur
1560 3981 1740 4055 expectare
1759 3992 1767 4050 ;

403 4093 483 4138 cum
501 4070 573 4135 aliis
589 4091 656 4135 non
673 4073 758 4135 obst.
771 4112 814 4120 —
830 4069 907 4135 Fiat
925 4069 965 4135 R.

449 4175 530 4239 Dat.
546 4196 599 4259 ap.
616 4172 864 4239 Villamnovam
884 4196 899 4258 5
918 4194 996 4240 uon.
1014 4174 1089 4239 maii
1107 4183 1139 4239 al
1160 4183 1219 4240 10⁰.
1238 4176 1308 4259 (21,
1327 4174 1362 4241 P.
1380 4174 1424 4256 II,
1444 4177 1513 4257 81).

458 4312 1591 4410 2383.1352,
1606 4349 1626 4412 3
1646 4330 1721 4393 trial.

449 4430 615 4515 Diguetur
631 4429 662 4493 S.
679 4426 718 4492 V.
735 4426 909 4512 providere
925 4426 1070 4504 Johanni
1086 4426 1253 4509 Dehbten,
1270 4430 1391 4495 clerico
1419 4429 1576 4497 Leodien.
1603 4432 1699 4510 dioc,
1725 4432 1767 4497 de

400 4556 480 4602 can.
498 4542 532 4598 et
548 4536 640 4620 preb.
656 4531 796 4596 ecclesie
813 4531 844 4596 S.
862 4531 976 4596 Crucis
993 4530 1162 4612 Leodien.,
1179 4555 1251 4599 vac.
1268 4555 1327 4620 per
1343 4538 1395 4600 ob.
1412 4534 1611 4600 Theodorici
1629 4536 1670 4600 de
1688 4536 1767 4600 Bas-

401 4639 502 4706 tonia
518 4654 539 4718 ⁴,
556 4646 589 4702 et
605 4633 647 4702 de
663 4637 744 4700 eccl.
761 4636 895 4721 paroch.
913 4635 954 4699 de
979 4634 1149 4717 Bastonia,
1178 4659 1249 4703 vac.
1274 4659 1334 4724 per
1358 4639 1459 4724 ipsius
1484 4638 1683 4705 Tlreodorici
1714 4642 1768 4705 ob.

401 4766 465 4830 per
482 4741 595 4807 sedem
613 4750 720 4827 apost.
737 4749 934 4805 reservata...
952 4782 993 4789 -
1011 4739 1086 4807 Fiat
1101 4741 1143 4807 de
1159 4751 1300 4826 utroque
1320 4742 1359 4807 R.

450 4847 532 4912 Dat.
550 4866 603 4932 ap.
621 4844 869 4910 Villamnovam
888 4864 904 4929 5
923 4866 1001 4910 non.
1017 4847 1094 4912 maii
1112 4855 1145 4911 a⁰
1167 4855 1225 4911 10⁰.
1244 4849 1316 4930 (21,
1335 4847 1370 4912 P.
1389 4846 1434 4927 ll,
1456 4856 1542 4927 119).

437 4995 467 5045 a)
485 4992 497 5033 Ι
503 4987 542 5035 bd.
561 4988 680 5046 Rogatus.

439 5144 461 5188 l.
476 5140 538 5185 l'oir
551 5154 574 5185 u.
593 5140 663 5185 2316.
676 5166 706 5171 —
719 5141 741 5184 2.
756 5138 815 5184 l'oir
828 5153 851 5184 11.
865 5139 902 5185 ill.
916 5140 977 5193 llllll:
994 5137 1150 5194 llcmenldrc,
1167 5138 1292 5200 Flenpilrr,
1307 5140 1360 5187 218.
1376 5168 1405 5175 —
1418 5142 1439 5187 3.
1453 5141 1513 5187 l'oii·
1526 5154 1549 5187 n.
1565 5142 1632 5198 1222.
1653 5142 1722 5188 1761.
1736 5169 1767 5176 —

402 5219 425 5263 l.
441 5216 513 5262 chm.
532 5213 586 5260 lid.
601 5212 671 5260 Bal..
688 5212 705 5268 l,
720 5214 758 5260 al.
