<?xml version="1.0" encoding="UTF-8"?>
<!DOCTYPE html PUBLIC "-//W3C//DTD XHTML 1.0 Transitional//EN"
    "http://www.w3.org/TR/xhtml1/DTD/xhtml1-transitional.dtd">
<html xmlns="http://www.w3.org/1999/xhtml" xml:lang="en" lang="en">
 <head>
  <title>
</title>
<meta http-equiv="Content-Type" content="text/html;charset=utf-8" />
  <meta name='ocr-system' content='tesseract 3.04.00' />
  <meta name='ocr-capabilities' content='ocr_page ocr_carea ocr_par ocr_line ocrx_word'/>
</head>
<body>
  <div class='ocr_page' id='page_1' title='image "./suppliquesdeclm00goog_0183.png"; bbox 0 0 4650 6059; ppageno 0'>
   <div class='ocr_carea' id='block_1_1' title="bbox 563 766 1507 842">
    <p class='ocr_par' dir='ltr' id='par_1_1' title="bbox 563 766 1507 842">
     <span class='ocr_line' id='line_1_1' title="bbox 563 766 1507 842; baseline -0.003 -7"><span class='ocrx_word' id='word_1_1' title='bbox 563 768 618 835; x_wconf 86' lang='lat'>128</span> <span class='ocrx_word' id='word_1_2' title='bbox 1003 817 1007 822; x_wconf 87' lang='lat'>.</span> <span class='ocrx_word' id='word_1_3' title='bbox 1064 766 1151 842; x_wconf 80' lang='lat'>1843,</span> <span class='ocrx_word' id='word_1_4' title='bbox 1176 766 1414 833; x_wconf 73' lang='grc'>50110111111111.</span> <span class='ocrx_word' id='word_1_5' title='bbox 1445 778 1448 781; x_wconf 77' lang='grc'>’</span> <span class='ocrx_word' id='word_1_6' title='bbox 1504 776 1507 782; x_wconf 81' lang='grc'><strong>’</strong></span> 
     </span>
    </p>
   </div>
   <div class='ocr_carea' id='block_1_2' title="bbox 562 920 1922 2045">
    <p class='ocr_par' dir='ltr' id='par_1_2' title="bbox 562 920 1920 1613">
     <span class='ocr_line' id='line_1_2' title="bbox 562 920 1920 1008; baseline 0 -22"><span class='ocrx_word' id='word_1_7' title='bbox 562 933 595 988; x_wconf 91' lang='lat' dir='ltr'>et</span> <span class='ocrx_word' id='word_1_8' title='bbox 626 923 690 988; x_wconf 90' lang='lat' dir='ltr'>alia</span> <span class='ocrx_word' id='word_1_9' title='bbox 720 921 917 1008; x_wconf 82' lang='lat' dir='ltr'>multiplicia</span> <span class='ocrx_word' id='word_1_10' title='bbox 948 920 1171 998; x_wconf 90' lang='lat' dir='ltr'>incommoda,</span> <span class='ocrx_word' id='word_1_11' title='bbox 1197 941 1261 1005; x_wconf 92' lang='lat' dir='ltr'>que</span> <span class='ocrx_word' id='word_1_12' title='bbox 1288 942 1349 1005; x_wconf 91' lang='lat' dir='ltr'>pro</span> <span class='ocrx_word' id='word_1_13' title='bbox 1380 929 1470 986; x_wconf 89' lang='lat' dir='ltr'>statu</span> <span class='ocrx_word' id='word_1_14' title='bbox 1501 941 1561 987; x_wconf 89' lang='lat' dir='ltr'>suo</span> <span class='ocrx_word' id='word_1_15' title='bbox 1587 921 1736 988; x_wconf 88' lang='lat' dir='ltr'>tenendo</span> <span class='ocrx_word' id='word_1_16' title='bbox 1760 922 1920 988; x_wconf 79' lang='lat' dir='ltr'>veraciter</span> 
     </span>
     <span class='ocr_line' id='line_1_3' title="bbox 563 1025 1919 1113; baseline 0.001 -23"><span class='ocrx_word' id='word_1_17' title='bbox 563 1028 783 1091; x_wconf 88' lang='lat' dir='ltr'>incubuerunt</span> <span class='ocrx_word' id='word_1_18' title='bbox 798 1035 832 1090; x_wconf 90' lang='lat' dir='ltr'>et</span> <span class='ocrx_word' id='word_1_19' title='bbox 858 1026 900 1091; x_wconf 92' lang='lat' dir='ltr'>de</span> <span class='ocrx_word' id='word_1_20' title='bbox 928 1025 982 1090; x_wconf 94' lang='lat' dir='ltr'>die</span> <span class='ocrx_word' id='word_1_21' title='bbox 1008 1025 1040 1089; x_wconf 93' lang='lat' dir='ltr'>in</span> <span class='ocrx_word' id='word_1_22' title='bbox 1067 1025 1156 1090; x_wconf 93' lang='lat' dir='ltr'>diem</span> <span class='ocrx_word' id='word_1_23' title='bbox 1185 1026 1392 1105; x_wconf 90' lang='lat' dir='ltr'>incumbunt,</span> <span class='ocrx_word' id='word_1_24' title='bbox 1414 1045 1478 1110; x_wconf 95' lang='lat' dir='ltr'>que</span> <span class='ocrx_word' id='word_1_25' title='bbox 1503 1046 1571 1091; x_wconf 90' lang='lat' dir='ltr'>non</span> <span class='ocrx_word' id='word_1_26' title='bbox 1597 1035 1710 1113; x_wconf 90' lang='lat' dir='ltr'>potest</span> <span class='ocrx_word' id='word_1_27' title='bbox 1737 1028 1919 1111; x_wconf 83' lang='lat' dir='ltr'>aliqualiter</span> 
     </span>
     <span class='ocr_line' id='line_1_4' title="bbox 562 1129 1918 1216; baseline 0 -21"><span class='ocrx_word' id='word_1_28' title='bbox 562 1132 632 1195; x_wconf 91' lang='lat' dir='ltr'>sine</span> <span class='ocrx_word' id='word_1_29' title='bbox 650 1130 766 1195; x_wconf 90' lang='lat' dir='ltr'>Vestre</span> <span class='ocrx_word' id='word_1_30' title='bbox 783 1130 813 1194; x_wconf 85' lang='lat' dir='ltr'>S.</span> <span class='ocrx_word' id='word_1_31' title='bbox 829 1151 876 1214; x_wconf 89' lang='lat' dir='ltr'>gr.</span> <span class='ocrx_word' id='word_1_32' title='bbox 887 1138 1081 1215; x_wconf 87' lang='lat' dir='ltr'>supportare</span> <span class='ocrx_word' id='word_1_33' title='bbox 1098 1152 1105 1207; x_wconf 93' lang='grc'>;</span> <span class='ocrx_word' id='word_1_34' title='bbox 1123 1138 1220 1213; x_wconf 61' lang='lat' dir='ltr'>quat„</span> <span class='ocrx_word' id='word_1_35' title='bbox 1230 1129 1339 1194; x_wconf 91' lang='lat' dir='ltr'>eidem</span> <span class='ocrx_word' id='word_1_36' title='bbox 1356 1129 1541 1195; x_wconf 88' lang='lat' dir='ltr'><strong>concedere</strong></span> <span class='ocrx_word' id='word_1_37' title='bbox 1556 1131 1738 1214; x_wconf 88' lang='lat' dir='ltr'>dignemini</span> <span class='ocrx_word' id='word_1_38' title='bbox 1755 1131 1847 1216; x_wconf 94' lang='lat' dir='ltr'>quod</span> <span class='ocrx_word' id='word_1_39' title='bbox 1862 1132 1918 1196; x_wconf 91' lang='lat' dir='ltr'>sibi</span> 
     </span>
     <span class='ocr_line' id='line_1_5' title="bbox 563 1232 1919 1317; baseline 0.001 -20"><span class='ocrx_word' id='word_1_40' title='bbox 563 1235 661 1298; x_wconf 91' lang='lat' dir='ltr'>liceat</span> <span class='ocrx_word' id='word_1_41' title='bbox 678 1234 808 1317; x_wconf 81' lang='lat' dir='ltr'>exigere</span> <span class='ocrx_word' id='word_1_42' title='bbox 824 1241 859 1298; x_wconf 94' lang='lat' dir='ltr'>et</span> <span class='ocrx_word' id='word_1_43' title='bbox 883 1234 994 1298; x_wconf 83' lang='lat' dir='ltr'>levare</span> <span class='ocrx_word' id='word_1_44' title='bbox 1019 1233 1184 1298; x_wconf 87' lang='lat' dir='ltr'>decimam</span> <span class='ocrx_word' id='word_1_45' title='bbox 1210 1232 1375 1317; x_wconf 90' lang='lat' dir='ltr'>integram</span> <span class='ocrx_word' id='word_1_46' title='bbox 1402 1236 1443 1298; x_wconf 92' lang='lat' dir='ltr'>ab</span> <span class='ocrx_word' id='word_1_47' title='bbox 1470 1234 1626 1300; x_wconf 86' lang='lat' dir='ltr'>omnibus</span> <span class='ocrx_word' id='word_1_48' title='bbox 1650 1235 1793 1300; x_wconf 90' lang='lat' dir='ltr'>subditis</span> <span class='ocrx_word' id='word_1_49' title='bbox 1807 1234 1873 1300; x_wconf 90' lang='lat' dir='ltr'>suis</span> <span class='ocrx_word' id='word_1_50' title='bbox 1887 1243 1919 1298; x_wconf 90' lang='lat' dir='ltr'>et</span> 
     </span>
     <span class='ocr_line' id='line_1_6' title="bbox 563 1337 1919 1423; baseline 0.001 -22"><span class='ocrx_word' id='word_1_51' title='bbox 563 1339 635 1402; x_wconf 88' lang='lat' dir='ltr'>aliis</span> <span class='ocrx_word' id='word_1_52' title='bbox 650 1338 799 1423; x_wconf 89' lang='lat' dir='ltr'>personis</span> <span class='ocrx_word' id='word_1_53' title='bbox 814 1339 896 1403; x_wconf 89' lang='lat' dir='ltr'>eccl.</span> <span class='ocrx_word' id='word_1_54' title='bbox 913 1339 944 1403; x_wconf 91' lang='lat' dir='ltr'>in</span> <span class='ocrx_word' id='word_1_55' title='bbox 962 1339 1028 1403; x_wconf 90' lang='lat' dir='ltr'>suis</span> <span class='ocrx_word' id='word_1_56' title='bbox 1044 1338 1107 1403; x_wconf 84' lang='lat' dir='ltr'>civ.</span> <span class='ocrx_word' id='word_1_57' title='bbox 1125 1345 1159 1403; x_wconf 90' lang='lat' dir='ltr'>et</span> <span class='ocrx_word' id='word_1_58' title='bbox 1187 1337 1273 1402; x_wconf 93' lang='lat' dir='ltr'>dioc.</span> <span class='ocrx_word' id='word_1_59' title='bbox 1290 1337 1476 1403; x_wconf 86' lang='lat' dir='ltr'>Tornacen.</span> <span class='ocrx_word' id='word_1_60' title='bbox 1502 1339 1716 1420; x_wconf 91' lang='lat' dir='ltr'>constitutis;</span> <span class='ocrx_word' id='word_1_61' title='bbox 1742 1360 1813 1405; x_wconf 91' lang='lat' dir='ltr'>non</span> <span class='ocrx_word' id='word_1_62' title='bbox 1837 1342 1919 1405; x_wconf 92' lang='lat' dir='ltr'>obst.</span> 
     </span>
     <span class='ocr_line' id='line_1_7' title="bbox 563 1442 1918 1528; baseline 0 -22"><span class='ocrx_word' id='word_1_63' title='bbox 563 1443 813 1527; x_wconf 87' lang='lat' dir='ltr'>quibuscunque</span> <span class='ocrx_word' id='word_1_64' title='bbox 829 1443 1019 1528; x_wconf 67' lang='lat' dir='ltr'>pririlegiis,</span> <span class='ocrx_word' id='word_1_65' title='bbox 1036 1442 1315 1528; x_wconf 67' lang='lat' dir='ltr'>exemptionibus</span> <span class='ocrx_word' id='word_1_66' title='bbox 1332 1444 1465 1509; x_wconf 89' lang='lat' dir='ltr'>statutis</span> <span class='ocrx_word' id='word_1_67' title='bbox 1486 1465 1543 1509; x_wconf 94' lang='lat' dir='ltr'>seu</span> <span class='ocrx_word' id='word_1_68' title='bbox 1566 1443 1863 1510; x_wconf 85' lang='lat' dir='ltr'>consuetudinibus</span> <span class='ocrx_word' id='word_1_69' title='bbox 1888 1443 1918 1507; x_wconf 92' lang='lat' dir='ltr'>in</span> 
     </span>
     <span class='ocr_line' id='line_1_8' title="bbox 564 1546 1523 1613; baseline 0 0"><span class='ocrx_word' id='word_1_70' title='bbox 564 1547 764 1613; x_wconf 91' lang='lat' dir='ltr'>contrarium</span> <span class='ocrx_word' id='word_1_71' title='bbox 781 1547 909 1612; x_wconf 91' lang='lat' dir='ltr'>editis...</span> <span class='ocrx_word' id='word_1_72' title='bbox 925 1584 967 1591; x_wconf 87' lang='lat'><em>-</em></span> <span class='ocrx_word' id='word_1_73' title='bbox 984 1546 1060 1613; x_wconf 89' lang='lat' dir='ltr'>Fiat</span> <span class='ocrx_word' id='word_1_74' title='bbox 1071 1546 1113 1612; x_wconf 95' lang='lat' dir='ltr'>de</span> <span class='ocrx_word' id='word_1_75' title='bbox 1130 1546 1276 1612; x_wconf 87' lang='lat' dir='ltr'>subsidio</span> <span class='ocrx_word' id='word_1_76' title='bbox 1291 1546 1466 1613; x_wconf 90' lang='lat' dir='ltr'>moderato</span> <span class='ocrx_word' id='word_1_77' title='bbox 1483 1546 1523 1613; x_wconf 87' lang='lat' dir='ltr'>R.</span> 
     </span>
    </p>

    <p class='ocr_par' dir='ltr' id='par_1_3' title="bbox 563 1650 1922 2045">
     <span class='ocr_line' id='line_1_9' title="bbox 608 1650 1919 1739; baseline 0.002 -24"><span class='ocrx_word' id='word_1_78' title='bbox 608 1651 704 1729; x_wconf 85' lang='lat' dir='ltr'><strong>Item,</strong></span> <span class='ocrx_word' id='word_1_79' title='bbox 722 1661 811 1735; x_wconf 89' lang='lat' dir='ltr'>quat.</span> <span class='ocrx_word' id='word_1_80' title='bbox 839 1652 899 1715; x_wconf 87' lang='lat' dir='ltr'>sibi</span> <span class='ocrx_word' id='word_1_81' title='bbox 925 1650 1110 1717; x_wconf 87' lang='lat' dir='ltr'>concedere</span> <span class='ocrx_word' id='word_1_82' title='bbox 1134 1650 1315 1734; x_wconf 87' lang='lat' dir='ltr'>dignemini</span> <span class='ocrx_word' id='word_1_83' title='bbox 1332 1651 1422 1736; x_wconf 94' lang='lat' dir='ltr'>quod</span> <span class='ocrx_word' id='word_1_84' title='bbox 1446 1651 1573 1717; x_wconf 86' lang='lat' dir='ltr'>duabus</span> <span class='ocrx_word' id='word_1_85' title='bbox 1594 1651 1745 1739; x_wconf 88' lang='lat' dir='ltr'>personis</span> <span class='ocrx_word' id='word_1_86' title='bbox 1771 1652 1919 1738; x_wconf 87' lang='lat' dir='ltr'>ydoneis,</span> 
     </span>
     <span class='ocr_line' id='line_1_10' title="bbox 563 1754 1920 1841; baseline 0 -20"><span class='ocrx_word' id='word_1_87' title='bbox 563 1757 664 1821; x_wconf 88' lang='lat' dir='ltr'>etiam</span> <span class='ocrx_word' id='word_1_88' title='bbox 681 1756 706 1821; x_wconf 90' lang='lat' dir='ltr'>si</span> <span class='ocrx_word' id='word_1_89' title='bbox 724 1756 789 1821; x_wconf 92' lang='lat' dir='ltr'>sint</span> <span class='ocrx_word' id='word_1_90' title='bbox 806 1755 838 1820; x_wconf 93' lang='lat' dir='ltr'>in</span> <span class='ocrx_word' id='word_1_91' title='bbox 855 1756 958 1821; x_wconf 89' lang='lat' dir='ltr'>sacris</span> <span class='ocrx_word' id='word_1_92' title='bbox 982 1754 1152 1821; x_wconf 88' lang='lat' dir='ltr'>ordinibus</span> <span class='ocrx_word' id='word_1_93' title='bbox 1180 1756 1373 1836; x_wconf 90' lang='lat' dir='ltr'>constitute,</span> <span class='ocrx_word' id='word_1_94' title='bbox 1390 1775 1473 1840; x_wconf 86' lang='lat' dir='ltr'>quas</span> <span class='ocrx_word' id='word_1_95' title='bbox 1488 1754 1619 1821; x_wconf 83' lang='lat' dir='ltr'>duxerit</span> <span class='ocrx_word' id='word_1_96' title='bbox 1639 1756 1820 1841; x_wconf 88' lang='lat' dir='ltr'>eligendas,</span> <span class='ocrx_word' id='word_1_97' title='bbox 1836 1766 1920 1823; x_wconf 90' lang='lat' dir='ltr'>auct.</span> 
     </span>
     <span class='ocr_line' id='line_1_11' title="bbox 563 1858 1922 1945; baseline 0.001 -21"><span class='ocrx_word' id='word_1_98' title='bbox 563 1870 683 1939; x_wconf 77' lang='lat' dir='ltr'>vestra,</span> <span class='ocrx_word' id='word_1_99' title='bbox 711 1860 947 1925; x_wconf 86' lang='lat' dir='ltr'>tabellionatus</span> <span class='ocrx_word' id='word_1_100' title='bbox 978 1858 1125 1925; x_wconf 89' lang='lat' dir='ltr'>officium</span> <span class='ocrx_word' id='word_1_101' title='bbox 1159 1858 1372 1924; x_wconf 84' lang='lat' dir='ltr'>committere</span> <span class='ocrx_word' id='word_1_102' title='bbox 1411 1861 1522 1925; x_wconf 88' lang='lat' dir='ltr'>valeat</span> <span class='ocrx_word' id='word_1_103' title='bbox 1549 1868 1584 1925; x_wconf 89' lang='lat' dir='ltr'>et</span> <span class='ocrx_word' id='word_1_104' title='bbox 1610 1860 1700 1945; x_wconf 89' lang='lat' dir='ltr'>ipsos</span> <span class='ocrx_word' id='word_1_105' title='bbox 1726 1861 1922 1927; x_wconf 88' lang='lat' dir='ltr'>tabelliones</span> 
     </span>
     <span class='ocr_line' id='line_1_12' title="bbox 565 1962 1130 2045; baseline -0.007 -15"><span class='ocrx_word' id='word_1_106' title='bbox 565 1986 686 2045; x_wconf 88' lang='lat' dir='ltr'>creare,</span> <span class='ocrx_word' id='word_1_107' title='bbox 703 1975 740 2029; x_wconf 96' lang='lat' dir='ltr'>ut</span> <span class='ocrx_word' id='word_1_108' title='bbox 756 1964 789 2028; x_wconf 93' lang='lat' dir='ltr'>in</span> <span class='ocrx_word' id='word_1_109' title='bbox 807 1965 921 2030; x_wconf 86' lang='lat' dir='ltr'>fomra.</span> <span class='ocrx_word' id='word_1_110' title='bbox 938 1962 1073 2028; x_wconf 85' lang='lat' dir='ltr'>—Fiat</span> <span class='ocrx_word' id='word_1_111' title='bbox 1090 1962 1130 2027; x_wconf 89' lang='lat' dir='ltr'>R.</span> 
     </span>
    </p>
   </div>
   <div class='ocr_carea' id='block_1_3' title="bbox 567 2116 1922 2412">
    <p class='ocr_par' dir='ltr' id='par_1_4' title="bbox 567 2116 1922 2412">
     <span class='ocr_line' id='line_1_13' title="bbox 610 2116 1922 2206; baseline 0 -20"><span class='ocrx_word' id='word_1_112' title='bbox 610 2126 693 2186; x_wconf 87' lang='lat'>568.</span> <span class='ocrx_word' id='word_1_113' title='bbox 712 2119 809 2201; x_wconf 84' lang='lat' dir='ltr'>ltem,</span> <span class='ocrx_word' id='word_1_114' title='bbox 833 2128 923 2204; x_wconf 89' lang='lat' dir='ltr'>quat.</span> <span class='ocrx_word' id='word_1_115' title='bbox 942 2118 1118 2205; x_wconf 83' lang='lat' dir='ltr'>[consocio</span> <span class='ocrx_word' id='word_1_116' title='bbox 1134 2138 1194 2183; x_wconf 91' lang='lat' dir='ltr'>suo</span> <span class='ocrx_word' id='word_1_117' title='bbox 1212 2116 1350 2202; x_wconf 89' lang='lat' dir='ltr'>Hugoni</span> <span class='ocrx_word' id='word_1_118' title='bbox 1367 2117 1409 2184; x_wconf 89' lang='lat' dir='ltr'>de</span> <span class='ocrx_word' id='word_1_119' title='bbox 1433 2118 1464 2183; x_wconf 88' lang='lat' dir='ltr'>S.</span> <span class='ocrx_word' id='word_1_120' title='bbox 1481 2117 1655 2199; x_wconf 87' lang='lat' dir='ltr'>Medard0,</span> <span class='ocrx_word' id='word_1_121' title='bbox 1670 2123 1791 2206; x_wconf 85' lang='lat' dir='ltr'>presb,</span> <span class='ocrx_word' id='word_1_122' title='bbox 1808 2121 1876 2187; x_wconf 92' lang='lat' dir='ltr'>ind.</span> <span class='ocrx_word' id='word_1_123' title='bbox 1891 2121 1922 2186; x_wconf 92' lang='lat' dir='ltr'>in</span> 
     </span>
     <span class='ocr_line' id='line_1_14' title="bbox 567 2220 1381 2310; baseline -0.002 -20"><span class='ocrx_word' id='word_1_124' title='bbox 567 2233 628 2290; x_wconf 91' lang='lat' dir='ltr'>art.</span> <span class='ocrx_word' id='word_1_125' title='bbox 644 2234 743 2290; x_wconf 89' lang='lat' dir='ltr'>mort.</span> <span class='ocrx_word' id='word_1_126' title='bbox 760 2223 960 2310; x_wconf 82' lang='lat' dir='ltr'>concedere]</span> <span class='ocrx_word' id='word_1_127' title='bbox 978 2223 1168 2307; x_wconf 86' lang='lat' dir='ltr'>dignemini.</span> <span class='ocrx_word' id='word_1_128' title='bbox 1190 2220 1324 2287; x_wconf 88' lang='lat' dir='ltr'>-Fiat</span> <span class='ocrx_word' id='word_1_129' title='bbox 1341 2222 1381 2288; x_wconf 90' lang='lat' dir='ltr'>R.</span> 
     </span>
     <span class='ocr_line' id='line_1_15' title="bbox 611 2325 1416 2412; baseline 0.001 -20"><span class='ocrx_word' id='word_1_130' title='bbox 611 2329 689 2394; x_wconf 89' lang='lat' dir='ltr'>Dat.</span> <span class='ocrx_word' id='word_1_131' title='bbox 705 2330 805 2395; x_wconf 67' lang='lat' dir='ltr'>Acin.</span> <span class='ocrx_word' id='word_1_132' title='bbox 823 2351 840 2394; x_wconf 94' lang='lat'>2</span> <span class='ocrx_word' id='word_1_133' title='bbox 857 2351 936 2395; x_wconf 90' lang='lat' dir='ltr'>non.</span> <span class='ocrx_word' id='word_1_134' title='bbox 952 2349 1031 2393; x_wconf 78' lang='lat' dir='ltr'>nov.</span> <span class='ocrx_word' id='word_1_135' title='bbox 1055 2335 1088 2392; x_wconf 86' lang='lat' dir='ltr'>a‘’</span> <span class='ocrx_word' id='word_1_136' title='bbox 1105 2336 1147 2392; x_wconf 81' lang='lat'>2⁰.</span> <span class='ocrx_word' id='word_1_137' title='bbox 1164 2329 1213 2410; x_wconf 82' lang='lat'>(3,</span> <span class='ocrx_word' id='word_1_138' title='bbox 1231 2327 1267 2392; x_wconf 93' lang='lat' dir='ltr'>P.</span> <span class='ocrx_word' id='word_1_139' title='bbox 1286 2325 1331 2407; x_wconf 93' lang='lat' dir='ltr'>ll,</span> <span class='ocrx_word' id='word_1_140' title='bbox 1349 2333 1416 2412; x_wconf 84' lang='lat'><strong>25).</strong></span> 
     </span>
    </p>
   </div>
   <div class='ocr_carea' id='block_1_4' title="bbox 565 2483 1927 3000">
    <p class='ocr_par' dir='ltr' id='par_1_5' title="bbox 617 2483 1885 2584">
     <span class='ocr_line' id='line_1_16' title="bbox 617 2483 1885 2584; baseline 0.001 -18"><span class='ocrx_word' id='word_1_141' title='bbox 617 2483 732 2567; x_wconf 84' lang='grc'>569.</span> <span class='ocrx_word' id='word_1_142' title='bbox 1551 2519 1646 2584; x_wconf 75' lang='lat'>1343,</span> <span class='ocrx_word' id='word_1_143' title='bbox 1661 2518 1682 2581; x_wconf 88' lang='lat'>5</span> <span class='ocrx_word' id='word_1_144' title='bbox 1699 2502 1885 2568; x_wconf 78' lang='lat' dir='ltr'>novembre.</span> 
     </span>
    </p>

    <p class='ocr_par' dir='ltr' id='par_1_6' title="bbox 565 2600 1927 3000">
     <span class='ocr_line' id='line_1_17' title="bbox 609 2600 1926 2689; baseline 0.002 -23"><span class='ocrx_word' id='word_1_145' title='bbox 609 2603 711 2689; x_wconf 83' lang='lat' dir='ltr'>Supp.</span> <span class='ocrx_word' id='word_1_146' title='bbox 741 2601 913 2679; x_wconf 90' lang='lat' dir='ltr'>Jobannes</span> <span class='ocrx_word' id='word_1_147' title='bbox 939 2600 981 2665; x_wconf 94' lang='lat' dir='ltr'>de</span> <span class='ocrx_word' id='word_1_148' title='bbox 1006 2600 1231 2668; x_wconf 82' lang='lat' dir='ltr'>Pradisvassio</span> <span class='ocrx_word' id='word_1_149' title='bbox 1246 2601 1288 2668; x_wconf 91' lang='lat' dir='ltr'>de</span> <span class='ocrx_word' id='word_1_150' title='bbox 1325 2601 1456 2682; x_wconf 81' lang='lat' dir='ltr'>Ucello,</span> <span class='ocrx_word' id='word_1_151' title='bbox 1485 2601 1701 2669; x_wconf 79' lang='lat' dir='ltr'>Lemovicen.</span> <span class='ocrx_word' id='word_1_152' title='bbox 1723 2604 1822 2686; x_wconf 76' lang='lat' dir='ltr'>dioc,</span> <span class='ocrx_word' id='word_1_153' title='bbox 1847 2606 1926 2671; x_wconf 92' lang='lat' dir='ltr'>olim</span> 
     </span>
     <span class='ocr_line' id='line_1_18' title="bbox 565 2704 1927 2792; baseline 0.001 -21"><span class='ocrx_word' id='word_1_154' title='bbox 565 2707 705 2772; x_wconf 91' lang='lat' dir='ltr'>servitor</span> <span class='ocrx_word' id='word_1_155' title='bbox 723 2706 762 2771; x_wconf 92' lang='lat' dir='ltr'>R.</span> <span class='ocrx_word' id='word_1_156' title='bbox 780 2705 816 2770; x_wconf 93' lang='lat' dir='ltr'>P.</span> <span class='ocrx_word' id='word_1_157' title='bbox 840 2704 881 2768; x_wconf 88' lang='lat' dir='ltr'>G.</span> <span class='ocrx_word' id='word_1_158' title='bbox 897 2704 939 2769; x_wconf 94' lang='lat' dir='ltr'>de</span> <span class='ocrx_word' id='word_1_159' title='bbox 956 2704 1159 2784; x_wconf 90' lang='lat' dir='ltr'>Ventadoro,</span> <span class='ocrx_word' id='word_1_160' title='bbox 1183 2709 1261 2772; x_wconf 91' lang='lat' dir='ltr'>bon.</span> <span class='ocrx_word' id='word_1_161' title='bbox 1283 2727 1384 2770; x_wconf 91' lang='lat' dir='ltr'>mern.</span> <span class='ocrx_word' id='word_1_162' title='bbox 1401 2707 1501 2792; x_wconf 92' lang='lat' dir='ltr'>episc.</span> <span class='ocrx_word' id='word_1_163' title='bbox 1518 2705 1704 2772; x_wconf 89' lang='lat' dir='ltr'>Tornacen.</span> <span class='ocrx_word' id='word_1_164' title='bbox 1722 2716 1730 2741; x_wconf 92' lang='lat'>¹</span> <span class='ocrx_word' id='word_1_165' title='bbox 1746 2708 1927 2792; x_wconf 91' lang='lat' dir='ltr'>quondam,</span> 
     </span>
     <span class='ocr_line' id='line_1_19' title="bbox 565 2808 1927 2896; baseline 0.001 -21"><span class='ocrx_word' id='word_1_166' title='bbox 565 2819 599 2875; x_wconf 92' lang='lat' dir='ltr'>et</span> <span class='ocrx_word' id='word_1_167' title='bbox 615 2820 725 2876; x_wconf 78' lang='lat' dir='ltr'>vester</span> <span class='ocrx_word' id='word_1_168' title='bbox 741 2819 893 2895; x_wconf 86' lang='lat' dir='ltr'>tempore</span> <span class='ocrx_word' id='word_1_169' title='bbox 909 2831 976 2893; x_wconf 93' lang='lat' dir='ltr'>quo</span> <span class='ocrx_word' id='word_1_170' title='bbox 993 2809 1099 2875; x_wconf 86' lang='lat' dir='ltr'>fuistis</span> <span class='ocrx_word' id='word_1_171' title='bbox 1123 2813 1226 2875; x_wconf 91' lang='lat' dir='ltr'>abbas</span> <span class='ocrx_word' id='word_1_172' title='bbox 1246 2810 1439 2875; x_wconf 92' lang='lat' dir='ltr'>monasterii</span> <span class='ocrx_word' id='word_1_173' title='bbox 1457 2808 1692 2876; x_wconf 84' lang='lat' dir='ltr'>Fiscannensis</span> <span class='ocrx_word' id='word_1_174' title='bbox 1707 2822 1729 2891; x_wconf 87' lang='lat'>²,</span> <span class='ocrx_word' id='word_1_175' title='bbox 1757 2820 1850 2896; x_wconf 89' lang='lat' dir='ltr'>quat.</span> <span class='ocrx_word' id='word_1_176' title='bbox 1866 2812 1927 2877; x_wconf 91' lang='lat' dir='ltr'>sibi</span> 
     </span>
     <span class='ocr_line' id='line_1_20' title="bbox 565 2911 1925 3000; baseline 0.001 -20"><span class='ocrx_word' id='word_1_177' title='bbox 565 2914 607 2980; x_wconf 92' lang='lat' dir='ltr'>de</span> <span class='ocrx_word' id='word_1_178' title='bbox 623 2911 779 3000; x_wconf 87' lang='lat' dir='ltr'>hospitali</span> <span class='ocrx_word' id='word_1_179' title='bbox 805 2912 922 2977; x_wconf 92' lang='lat' dir='ltr'>Pontis</span> <span class='ocrx_word' id='word_1_180' title='bbox 944 2913 1082 2998; x_wconf 80' lang='lat' dir='ltr'>Artigie,</span> <span class='ocrx_word' id='word_1_181' title='bbox 1099 2913 1308 2979; x_wconf 90' lang='lat' dir='ltr'>Condomen.</span> <span class='ocrx_word' id='word_1_182' title='bbox 1324 2913 1422 2995; x_wconf 74' lang='lat' dir='ltr'>dioc,</span> <span class='ocrx_word' id='word_1_183' title='bbox 1439 2914 1619 2999; x_wconf 89' lang='lat' dir='ltr'>dignemini</span> <span class='ocrx_word' id='word_1_184' title='bbox 1633 2914 1820 3000; x_wconf 90' lang='lat' dir='ltr'>providere.</span> <span class='ocrx_word' id='word_1_185' title='bbox 1831 2916 1925 2981; x_wconf 91' lang='lat' dir='ltr'>-R.</span> 
     </span>
    </p>
   </div>
   <div class='ocr_carea' id='block_1_5' title="bbox 609 3016 1362 3101">
    <p class='ocr_par' dir='ltr' id='par_1_7' title="bbox 609 3016 1362 3101">
     <span class='ocr_line' id='line_1_21' title="bbox 609 3016 1362 3101; baseline -0.001 -18"><span class='ocrx_word' id='word_1_186' title='bbox 609 3020 687 3085; x_wconf 89' lang='lat' dir='ltr'>Dat.</span> <span class='ocrx_word' id='word_1_187' title='bbox 703 3019 802 3083; x_wconf 80' lang='lat' dir='ltr'>Avin.</span> <span class='ocrx_word' id='word_1_188' title='bbox 818 3037 897 3081; x_wconf 92' lang='lat' dir='ltr'>non.</span> <span class='ocrx_word' id='word_1_189' title='bbox 913 3037 991 3082; x_wconf 85' lang='lat' dir='ltr'>nov.</span> <span class='ocrx_word' id='word_1_190' title='bbox 1008 3025 1040 3082; x_wconf 86' lang='lat' dir='ltr'>a⁰</span> <span class='ocrx_word' id='word_1_191' title='bbox 1057 3026 1099 3082; x_wconf 85' lang='lat'>2⁰.</span> <span class='ocrx_word' id='word_1_192' title='bbox 1117 3019 1165 3100; x_wconf 86' lang='lat'>(3,</span> <span class='ocrx_word' id='word_1_193' title='bbox 1183 3017 1218 3083; x_wconf 93' lang='lat' dir='ltr'>P.</span> <span class='ocrx_word' id='word_1_194' title='bbox 1231 3016 1276 3099; x_wconf 93' lang='lat' dir='ltr'>ll,</span> <span class='ocrx_word' id='word_1_195' title='bbox 1294 3021 1362 3101; x_wconf 90' lang='lat'><strong>22).</strong></span> 
     </span>
    </p>
   </div>
   <div class='ocr_carea' id='block_1_6' title="bbox 564 3172 1926 4309">
    <p class='ocr_par' dir='ltr' id='par_1_8' title="bbox 616 3172 1883 3273">
     <span class='ocr_line' id='line_1_22' title="bbox 616 3172 1883 3273; baseline -0.002 -16"><span class='ocrx_word' id='word_1_196' title='bbox 616 3172 855 3257; x_wconf 86' lang='lat' dir='ltr'>570·57l.</span> <span class='ocrx_word' id='word_1_197' title='bbox 1553 3208 1614 3273; x_wconf 74' lang='lat'>134</span> <span class='ocrx_word' id='word_1_198' title='bbox 1615 3208 1647 3272; x_wconf 75' lang='lat'>3,</span> <span class='ocrx_word' id='word_1_199' title='bbox 1661 3188 1681 3253; x_wconf 83' lang='lat'><em>6</em></span> <span class='ocrx_word' id='word_1_200' title='bbox 1699 3189 1883 3254; x_wconf 82' lang='lat' dir='ltr'>novembre.</span> 
     </span>
    </p>

    <p class='ocr_par' dir='ltr' id='par_1_9' title="bbox 564 3290 1926 4309">
     <span class='ocr_line' id='line_1_23' title="bbox 609 3290 1926 3378; baseline 0.003 -23"><span class='ocrx_word' id='word_1_201' title='bbox 609 3292 709 3376; x_wconf 86' lang='lat' dir='ltr'>Supp.</span> <span class='ocrx_word' id='word_1_202' title='bbox 727 3290 917 3373; x_wconf 83' lang='lat' dir='ltr'>Margarita,</span> <span class='ocrx_word' id='word_1_203' title='bbox 932 3290 1099 3375; x_wconf 90' lang='lat' dir='ltr'>quondam</span> <span class='ocrx_word' id='word_1_204' title='bbox 1117 3290 1202 3375; x_wconf 90' lang='lat' dir='ltr'>regis</span> <span class='ocrx_word' id='word_1_205' title='bbox 1219 3290 1358 3356; x_wconf 90' lang='lat' dir='ltr'>Francie</span> <span class='ocrx_word' id='word_1_206' title='bbox 1375 3290 1451 3372; x_wconf 88' lang='lat' dir='ltr'>lilia,</span> <span class='ocrx_word' id='word_1_207' title='bbox 1468 3293 1637 3358; x_wconf 84' lang='lat' dir='ltr'>comitissa</span> <span class='ocrx_word' id='word_1_208' title='bbox 1651 3292 1817 3374; x_wconf 90' lang='lat' dir='ltr'>Flandrie,</span> <span class='ocrx_word' id='word_1_209' title='bbox 1834 3304 1926 3378; x_wconf 90' lang='lat' dir='ltr'>quat.</span> 
     </span>
     <span class='ocr_line' id='line_1_24' title="bbox 569 3393 1925 3482; baseline 0.001 -22"><span class='ocrx_word' id='word_1_210' title='bbox 569 3395 673 3482; x_wconf 87' lang='lat' dir='ltr'>[cler.,</span> <span class='ocrx_word' id='word_1_211' title='bbox 690 3403 725 3459; x_wconf 88' lang='lat' dir='ltr'>et</span> <span class='ocrx_word' id='word_1_212' title='bbox 740 3395 872 3460; x_wconf 90' lang='lat' dir='ltr'>medico</span> <span class='ocrx_word' id='word_1_213' title='bbox 888 3416 947 3459; x_wconf 93' lang='lat' dir='ltr'>suo</span> <span class='ocrx_word' id='word_1_214' title='bbox 964 3394 1064 3459; x_wconf 85' lang='lat' dir='ltr'>famil.</span> <span class='ocrx_word' id='word_1_215' title='bbox 1082 3394 1183 3459; x_wconf 90' lang='lat' dir='ltr'>Petro</span> <span class='ocrx_word' id='word_1_216' title='bbox 1199 3393 1241 3459; x_wconf 94' lang='lat' dir='ltr'>de</span> <span class='ocrx_word' id='word_1_217' title='bbox 1257 3394 1436 3461; x_wconf 88' lang='lat' dir='ltr'>Damousis</span> <span class='ocrx_word' id='word_1_218' title='bbox 1450 3405 1470 3477; x_wconf 84' lang='lat'>³,</span> <span class='ocrx_word' id='word_1_219' title='bbox 1487 3395 1522 3459; x_wconf 91' lang='lat' dir='ltr'>in</span> <span class='ocrx_word' id='word_1_220' title='bbox 1537 3396 1625 3462; x_wconf 93' lang='lat' dir='ltr'>med.</span> <span class='ocrx_word' id='word_1_221' title='bbox 1641 3405 1675 3461; x_wconf 90' lang='lat' dir='ltr'>et</span> <span class='ocrx_word' id='word_1_222' title='bbox 1691 3398 1725 3461; x_wconf 93' lang='lat' dir='ltr'>in</span> <span class='ocrx_word' id='word_1_223' title='bbox 1741 3407 1804 3464; x_wconf 90' lang='lat' dir='ltr'>art.</span> <span class='ocrx_word' id='word_1_224' title='bbox 1825 3419 1925 3482; x_wconf 73' lang='lat' dir='ltr'>mag,</span> 
     </span>
     <span class='ocr_line' id='line_1_25' title="bbox 565 3496 1926 3587; baseline 0.001 -23"><span class='ocrx_word' id='word_1_225' title='bbox 565 3498 692 3584; x_wconf 70' lang='lat' dir='ltr'>dyacl,</span> <span class='ocrx_word' id='word_1_226' title='bbox 705 3499 747 3563; x_wconf 93' lang='lat' dir='ltr'>de</span> <span class='ocrx_word' id='word_1_227' title='bbox 757 3501 833 3563; x_wconf 93' lang='lat' dir='ltr'>ben.</span> <span class='ocrx_word' id='word_1_228' title='bbox 850 3498 931 3563; x_wconf 91' lang='lat' dir='ltr'>eccl.</span> <span class='ocrx_word' id='word_1_229' title='bbox 943 3520 971 3563; x_wconf 92' lang='lat' dir='ltr'>c.</span> <span class='ocrx_word' id='word_1_230' title='bbox 988 3519 1027 3578; x_wconf 95' lang='lat' dir='ltr'>c.,</span> <span class='ocrx_word' id='word_1_231' title='bbox 1044 3498 1097 3562; x_wconf 91' lang='lat' dir='ltr'>vel</span> <span class='ocrx_word' id='word_1_232' title='bbox 1110 3518 1135 3562; x_wconf 91' lang='lat' dir='ltr'>s.</span> <span class='ocrx_word' id='word_1_233' title='bbox 1152 3517 1192 3577; x_wconf 77' lang='lat' dir='ltr'>c;,</span> <span class='ocrx_word' id='word_1_234' title='bbox 1210 3519 1267 3562; x_wconf 92' lang='lat' dir='ltr'>seu</span> <span class='ocrx_word' id='word_1_235' title='bbox 1284 3496 1350 3578; x_wconf 78' lang='lat' dir='ltr'>off,</span> <span class='ocrx_word' id='word_1_236' title='bbox 1367 3498 1469 3564; x_wconf 92' lang='lat' dir='ltr'>etiam</span> <span class='ocrx_word' id='word_1_237' title='bbox 1485 3497 1511 3564; x_wconf 92' lang='lat' dir='ltr'>si</span> <span class='ocrx_word' id='word_1_238' title='bbox 1527 3509 1725 3586; x_wconf 87' lang='lat' dir='ltr'>personatus</span> <span class='ocrx_word' id='word_1_239' title='bbox 1741 3502 1796 3565; x_wconf 84' lang='lat' dir='ltr'>vel</span> <span class='ocrx_word' id='word_1_240' title='bbox 1812 3510 1926 3587; x_wconf 90' lang='lat' dir='ltr'>patro-</span> 
     </span>
     <span class='ocr_line' id='line_1_26' title="bbox 565 3601 1924 3688; baseline 0.001 -21"><span class='ocrx_word' id='word_1_241' title='bbox 565 3604 698 3688; x_wconf 88' lang='lat' dir='ltr'>nagium</span> <span class='ocrx_word' id='word_1_242' title='bbox 726 3603 856 3682; x_wconf 86' lang='lat' dir='ltr'>existat,</span> <span class='ocrx_word' id='word_1_243' title='bbox 882 3603 973 3687; x_wconf 86' lang='lat' dir='ltr'>cujus</span> <span class='ocrx_word' id='word_1_244' title='bbox 997 3605 1073 3667; x_wconf 89' lang='lat' dir='ltr'>ben.</span> <span class='ocrx_word' id='word_1_245' title='bbox 1101 3623 1129 3667; x_wconf 92' lang='lat' dir='ltr'>c.</span> <span class='ocrx_word' id='word_1_246' title='bbox 1161 3622 1190 3666; x_wconf 89' lang='lat' dir='ltr'>c.</span> <span class='ocrx_word' id='word_1_247' title='bbox 1215 3601 1318 3685; x_wconf 90' lang='lat' dir='ltr'>grossi</span> <span class='ocrx_word' id='word_1_248' title='bbox 1346 3601 1470 3667; x_wconf 84' lang='lat' dir='ltr'>fructus</span> <span class='ocrx_word' id='word_1_249' title='bbox 1505 3623 1563 3668; x_wconf 91' lang='lat'>100</span> <span class='ocrx_word' id='word_1_250' title='bbox 1588 3603 1642 3668; x_wconf 93' lang='lat' dir='ltr'>lib.</span> <span class='ocrx_word' id='word_1_251' title='bbox 1670 3603 1759 3684; x_wconf 80' lang='lat' dir='ltr'>Tur,</span> <span class='ocrx_word' id='word_1_252' title='bbox 1787 3613 1822 3669; x_wconf 90' lang='lat' dir='ltr'>et</span> <span class='ocrx_word' id='word_1_253' title='bbox 1848 3606 1924 3670; x_wconf 90' lang='lat' dir='ltr'>ben.</span> 
     </span>
     <span class='ocr_line' id='line_1_27' title="bbox 566 3705 1924 3793; baseline -0.002 -19"><span class='ocrx_word' id='word_1_254' title='bbox 566 3730 590 3774; x_wconf 93' lang='lat' dir='ltr'>s.</span> <span class='ocrx_word' id='word_1_255' title='bbox 608 3730 646 3790; x_wconf 93' lang='lat' dir='ltr'>c.,</span> <span class='ocrx_word' id='word_1_256' title='bbox 664 3707 730 3788; x_wconf 75' lang='lat' dir='ltr'>off,</span> <span class='ocrx_word' id='word_1_257' title='bbox 747 3709 801 3771; x_wconf 80' lang='lat' dir='ltr'>vel</span> <span class='ocrx_word' id='word_1_258' title='bbox 817 3708 1013 3793; x_wconf 89' lang='lat' dir='ltr'>patronagii,</span> <span class='ocrx_word' id='word_1_259' title='bbox 1033 3712 1072 3772; x_wconf 91' lang='lat'>60</span> <span class='ocrx_word' id='word_1_260' title='bbox 1088 3707 1144 3771; x_wconf 91' lang='lat' dir='ltr'>lib.</span> <span class='ocrx_word' id='word_1_261' title='bbox 1161 3705 1249 3787; x_wconf 77' lang='lat' dir='ltr'>Tur,</span> <span class='ocrx_word' id='word_1_262' title='bbox 1267 3726 1332 3771; x_wconf 90' lang='lat' dir='ltr'>sec.</span> <span class='ocrx_word' id='word_1_263' title='bbox 1355 3713 1423 3771; x_wconf 84' lang='lat' dir='ltr'>tax.</span> <span class='ocrx_word' id='word_1_264' title='bbox 1447 3706 1586 3786; x_wconf 84' lang='lat' dir='ltr'>decime,</span> <span class='ocrx_word' id='word_1_265' title='bbox 1603 3707 1751 3772; x_wconf 87' lang='lat' dir='ltr'>valorem</span> <span class='ocrx_word' id='word_1_266' title='bbox 1776 3729 1924 3773; x_wconf 89' lang='lat' dir='ltr'>annuum</span> 
     </span>
     <span class='ocr_line' id='line_1_28' title="bbox 565 3809 1924 3897; baseline 0 -20"><span class='ocrx_word' id='word_1_267' title='bbox 565 3835 631 3877; x_wconf 93' lang='lat' dir='ltr'>non</span> <span class='ocrx_word' id='word_1_268' title='bbox 650 3812 823 3892; x_wconf 86' lang='lat' dir='ltr'>excedant,</span> <span class='ocrx_word' id='word_1_269' title='bbox 844 3810 934 3897; x_wconf 78' lang='lat' dir='ltr'>[vac.</span> <span class='ocrx_word' id='word_1_270' title='bbox 951 3812 1004 3875; x_wconf 78' lang='lat' dir='ltr'>vel</span> <span class='ocrx_word' id='word_1_271' title='bbox 1018 3809 1144 3895; x_wconf 81' lang='lat' dir='ltr'>vacat]</span> <span class='ocrx_word' id='word_1_272' title='bbox 1165 3810 1196 3872; x_wconf 91' lang='lat' dir='ltr'>in</span> <span class='ocrx_word' id='word_1_273' title='bbox 1215 3810 1278 3874; x_wconf 80' lang='lat' dir='ltr'>civ.</span> <span class='ocrx_word' id='word_1_274' title='bbox 1297 3809 1436 3875; x_wconf 90' lang='lat' dir='ltr'>Remen.</span> <span class='ocrx_word' id='word_1_275' title='bbox 1453 3810 1506 3874; x_wconf 76' lang='lat' dir='ltr'>vel</span> <span class='ocrx_word' id='word_1_276' title='bbox 1523 3809 1620 3891; x_wconf 89' lang='lat' dir='ltr'>dioc,</span> <span class='ocrx_word' id='word_1_277' title='bbox 1637 3820 1811 3896; x_wconf 89' lang='lat' dir='ltr'>spectante</span> <span class='ocrx_word' id='word_1_278' title='bbox 1833 3833 1924 3878; x_wconf 90' lang='lat' dir='ltr'>com·</span> 
     </span>
     <span class='ocr_line' id='line_1_29' title="bbox 564 3913 1924 4000; baseline -0.001 -18"><span class='ocrx_word' id='word_1_279' title='bbox 564 3918 708 3982; x_wconf 88' lang='lat' dir='ltr'>nruniter</span> <span class='ocrx_word' id='word_1_280' title='bbox 724 3919 778 3981; x_wconf 83' lang='lat' dir='ltr'>vel</span> <span class='ocrx_word' id='word_1_281' title='bbox 793 3916 925 3981; x_wconf 86' lang='lat' dir='ltr'>divisim</span> <span class='ocrx_word' id='word_1_282' title='bbox 935 3917 977 3981; x_wconf 92' lang='lat' dir='ltr'>ad</span> <span class='ocrx_word' id='word_1_283' title='bbox 993 3916 1090 3981; x_wconf 90' lang='lat' dir='ltr'>coll...</span> <span class='ocrx_word' id='word_1_284' title='bbox 1107 3914 1311 4000; x_wconf 84' lang='lat' dir='ltr'>archiepisc,</span> <span class='ocrx_word' id='word_1_285' title='bbox 1328 3915 1400 3979; x_wconf 93' lang='lat' dir='ltr'>dec.</span> <span class='ocrx_word' id='word_1_286' title='bbox 1424 3924 1458 3979; x_wconf 86' lang='lat' dir='ltr'>et</span> <span class='ocrx_word' id='word_1_287' title='bbox 1474 3936 1546 4000; x_wconf 87' lang='lat' dir='ltr'>cap.</span> <span class='ocrx_word' id='word_1_288' title='bbox 1564 3913 1714 3995; x_wconf 89' lang='lat' dir='ltr'>Remen.,</span> <span class='ocrx_word' id='word_1_289' title='bbox 1741 3914 1924 4000; x_wconf 90' lang='lat' dir='ltr'>dignemini</span> 
     </span>
     <span class='ocr_line' id='line_1_30' title="bbox 564 4005 1925 4107; baseline -0.001 -22"><span class='ocrx_word' id='word_1_290' title='bbox 564 4021 760 4107; x_wconf 81' lang='lat' dir='ltr'>providere3</span> <span class='ocrx_word' id='word_1_291' title='bbox 788 4039 856 4084; x_wconf 80' lang='lat' dir='ltr'>non</span> <span class='ocrx_word' id='word_1_292' title='bbox 882 4021 968 4084; x_wconf 92' lang='lat' dir='ltr'>obst.</span> <span class='ocrx_word' id='word_1_293' title='bbox 985 4018 1075 4103; x_wconf 92' lang='lat' dir='ltr'>quod</span> <span class='ocrx_word' id='word_1_294' title='bbox 1091 4017 1124 4081; x_wconf 91' lang='lat' dir='ltr'>in</span> <span class='ocrx_word' id='word_1_295' title='bbox 1143 4005 1282 4082; x_wconf 89' lang='lat' dir='ltr'>Remen.</span> <span class='ocrx_word' id='word_1_296' title='bbox 1298 4018 1596 4103; x_wconf 88' lang='lat' dir='ltr'>semiprebendam,</span> <span class='ocrx_word' id='word_1_297' title='bbox 1612 4038 1652 4084; x_wconf 92' lang='lat' dir='ltr'>ac</span> <span class='ocrx_word' id='word_1_298' title='bbox 1668 4018 1701 4082; x_wconf 92' lang='lat' dir='ltr'>in</span> <span class='ocrx_word' id='word_1_299' title='bbox 1729 4019 1784 4084; x_wconf 82' lang='lat' dir='ltr'>SS.</span> <span class='ocrx_word' id='word_1_300' title='bbox 1801 4018 1925 4086; x_wconf 89' lang='lat' dir='ltr'>Cosme</span> 
     </span>
     <span class='ocr_line' id='line_1_31' title="bbox 564 4120 1925 4209; baseline 0.002 -21"><span class='ocrx_word' id='word_1_301' title='bbox 564 4133 598 4188; x_wconf 94' lang='lat' dir='ltr'>et</span> <span class='ocrx_word' id='word_1_302' title='bbox 624 4124 777 4189; x_wconf 89' lang='lat' dir='ltr'>Damiani</span> <span class='ocrx_word' id='word_1_303' title='bbox 796 4123 946 4202; x_wconf 90' lang='lat' dir='ltr'>Remen.,</span> <span class='ocrx_word' id='word_1_304' title='bbox 963 4131 996 4186; x_wconf 88' lang='lat' dir='ltr'>et</span> <span class='ocrx_word' id='word_1_305' title='bbox 1013 4122 1044 4186; x_wconf 92' lang='lat' dir='ltr'>S.</span> <span class='ocrx_word' id='word_1_306' title='bbox 1069 4120 1157 4185; x_wconf 88' lang='lat' dir='ltr'>Petri</span> <span class='ocrx_word' id='word_1_307' title='bbox 1174 4121 1216 4186; x_wconf 91' lang='lat' dir='ltr'>de</span> <span class='ocrx_word' id='word_1_308' title='bbox 1242 4120 1397 4186; x_wconf 87' lang='lat' dir='ltr'>Maceriis</span> <span class='ocrx_word' id='word_1_309' title='bbox 1421 4122 1579 4202; x_wconf 90' lang='lat' dir='ltr'>ecclesiis,</span> <span class='ocrx_word' id='word_1_310' title='bbox 1601 4142 1673 4188; x_wconf 92' lang='lat' dir='ltr'>can.</span> <span class='ocrx_word' id='word_1_311' title='bbox 1690 4130 1725 4188; x_wconf 91' lang='lat' dir='ltr'>et</span> <span class='ocrx_word' id='word_1_312' title='bbox 1739 4124 1832 4209; x_wconf 92' lang='lat' dir='ltr'>preb.</span> <span class='ocrx_word' id='word_1_313' title='bbox 1849 4145 1925 4191; x_wconf 91' lang='lat' dir='ltr'>nos·</span> 
     </span>
     <span class='ocr_line' id='line_1_32' title="bbox 565 4225 1594 4309; baseline -0.002 -17"><span class='ocrx_word' id='word_1_314' title='bbox 565 4228 649 4293; x_wconf 92' lang='lat' dir='ltr'>citur</span> <span class='ocrx_word' id='word_1_315' title='bbox 673 4228 832 4292; x_wconf 90' lang='lat' dir='ltr'>obtinere.</span> <span class='ocrx_word' id='word_1_316' title='bbox 849 4268 892 4275; x_wconf 95' lang='lat'>-</span> <span class='ocrx_word' id='word_1_317' title='bbox 909 4226 984 4290; x_wconf 86' lang='lat' dir='ltr'>Fiat</span> <span class='ocrx_word' id='word_1_318' title='bbox 1000 4246 1102 4308; x_wconf 92' lang='lat' dir='ltr'>usque</span> <span class='ocrx_word' id='word_1_319' title='bbox 1118 4225 1160 4289; x_wconf 92' lang='lat' dir='ltr'>ad</span> <span class='ocrx_word' id='word_1_320' title='bbox 1178 4243 1217 4307; x_wconf 85' lang='lat'>70</span> <span class='ocrx_word' id='word_1_321' title='bbox 1233 4226 1289 4290; x_wconf 90' lang='lat' dir='ltr'>lib.</span> <span class='ocrx_word' id='word_1_322' title='bbox 1306 4247 1334 4290; x_wconf 93' lang='lat' dir='ltr'>c.</span> <span class='ocrx_word' id='word_1_323' title='bbox 1352 4246 1390 4305; x_wconf 89' lang='lat' dir='ltr'>c.,</span> <span class='ocrx_word' id='word_1_324' title='bbox 1410 4245 1449 4309; x_wconf 89' lang='lat'>50</span> <span class='ocrx_word' id='word_1_325' title='bbox 1465 4247 1490 4291; x_wconf 93' lang='lat' dir='ltr'>s.</span> <span class='ocrx_word' id='word_1_326' title='bbox 1507 4247 1535 4291; x_wconf 93' lang='lat' dir='ltr'>c.</span> <span class='ocrx_word' id='word_1_327' title='bbox 1554 4225 1594 4291; x_wconf 89' lang='lat' dir='ltr'>R.</span> 
     </span>
    </p>
   </div>
   <div class='ocr_carea' id='block_1_7' title="bbox 566 4382 1923 4884">
    <p class='ocr_par' dir='ltr' id='par_1_10' title="bbox 566 4382 1923 4884">
     <span class='ocr_line' id='line_1_33' title="bbox 609 4382 1923 4467; baseline 0 -18"><span class='ocrx_word' id='word_1_328' title='bbox 609 4391 685 4450; x_wconf 86' lang='lat'><strong>571.</strong></span> <span class='ocrx_word' id='word_1_329' title='bbox 705 4383 804 4461; x_wconf 83' lang='lat' dir='ltr'>ltern,</span> <span class='ocrx_word' id='word_1_330' title='bbox 821 4404 927 4467; x_wconf 75' lang='lat' dir='ltr'>supp,</span> <span class='ocrx_word' id='word_1_331' title='bbox 953 4382 1052 4466; x_wconf 91' lang='lat' dir='ltr'>quod,</span> <span class='ocrx_word' id='word_1_332' title='bbox 1079 4403 1154 4446; x_wconf 90' lang='lat' dir='ltr'>cum</span> <span class='ocrx_word' id='word_1_333' title='bbox 1180 4385 1282 4447; x_wconf 91' lang='lat' dir='ltr'>abbas</span> <span class='ocrx_word' id='word_1_334' title='bbox 1306 4390 1449 4447; x_wconf 88' lang='lat' dir='ltr'>monast.</span> <span class='ocrx_word' id='word_1_335' title='bbox 1475 4382 1765 4467; x_wconf 83' lang='lat' dir='ltr'>Septemfontium,</span> <span class='ocrx_word' id='word_1_336' title='bbox 1783 4382 1923 4449; x_wconf 90' lang='lat' dir='ltr'>Remen.</span> 
     </span>
     <span class='ocr_line' id='line_1_34' title="bbox 566 4478 1923 4571; baseline -0.001 -20"><span class='ocrx_word' id='word_1_337' title='bbox 566 4488 662 4566; x_wconf 83' lang='lat' dir='ltr'>dioc,</span> <span class='ocrx_word' id='word_1_338' title='bbox 680 4478 996 4551; x_wconf 88' lang='lat' dir='ltr'>Premonstratensis</span> <span class='ocrx_word' id='word_1_339' title='bbox 1012 4484 1143 4565; x_wconf 89' lang='lat' dir='ltr'>ordinis,</span> <span class='ocrx_word' id='word_1_340' title='bbox 1161 4485 1203 4550; x_wconf 88' lang='lat' dir='ltr'>sit</span> <span class='ocrx_word' id='word_1_341' title='bbox 1219 4494 1378 4571; x_wconf 87' lang='lat' dir='ltr'>patronus</span> <span class='ocrx_word' id='word_1_342' title='bbox 1393 4485 1544 4570; x_wconf 74' lang='lat' dir='ltr'>patrocli.</span> <span class='ocrx_word' id='word_1_343' title='bbox 1555 4486 1636 4550; x_wconf 90' lang='lat' dir='ltr'>eccl.</span> <span class='ocrx_word' id='word_1_344' title='bbox 1648 4485 1690 4551; x_wconf 95' lang='lat' dir='ltr'>de</span> <span class='ocrx_word' id='word_1_345' title='bbox 1700 4484 1823 4567; x_wconf 88' lang='lat' dir='ltr'>Turna,</span> <span class='ocrx_word' id='word_1_346' title='bbox 1834 4487 1923 4553; x_wconf 91' lang='lat' dir='ltr'>dicte</span> 
     </span>
     <span class='ocr_line' id='line_1_35' title="bbox 567 4588 1921 4674; baseline 0 -17"><span class='ocrx_word' id='word_1_347' title='bbox 567 4592 663 4669; x_wconf 83' lang='lat' dir='ltr'>dioc,</span> <span class='ocrx_word' id='word_1_348' title='bbox 676 4591 796 4655; x_wconf 79' lang='lat' dir='ltr'>valoris</span> <span class='ocrx_word' id='word_1_349' title='bbox 812 4611 853 4674; x_wconf 80' lang='lat'>40</span> <span class='ocrx_word' id='word_1_350' title='bbox 869 4591 925 4653; x_wconf 85' lang='lat' dir='ltr'>lib.</span> <span class='ocrx_word' id='word_1_351' title='bbox 943 4589 1042 4653; x_wconf 91' lang='lat' dir='ltr'>Paris.</span> <span class='ocrx_word' id='word_1_352' title='bbox 1059 4588 1101 4653; x_wconf 88' lang='lat' dir='ltr'>ad</span> <span class='ocrx_word' id='word_1_353' title='bbox 1116 4588 1292 4669; x_wconf 88' lang='lat' dir='ltr'>decimam,</span> <span class='ocrx_word' id='word_1_354' title='bbox 1309 4599 1343 4653; x_wconf 91' lang='lat' dir='ltr'>et</span> <span class='ocrx_word' id='word_1_355' title='bbox 1368 4588 1558 4673; x_wconf 86' lang='lat' dir='ltr'>archiepisc.</span> <span class='ocrx_word' id='word_1_356' title='bbox 1576 4588 1716 4655; x_wconf 92' lang='lat' dir='ltr'>Remen.</span> <span class='ocrx_word' id='word_1_357' title='bbox 1745 4589 1921 4671; x_wconf 81' lang='lat' dir='ltr'>Robertus,</span> 
     </span>
     <span class='ocr_line' id='line_1_36' title="bbox 566 4693 1922 4776; baseline 0.001 -17"><span class='ocrx_word' id='word_1_358' title='bbox 566 4699 644 4760; x_wconf 92' lang='lat' dir='ltr'>bon.</span> <span class='ocrx_word' id='word_1_359' title='bbox 661 4717 760 4759; x_wconf 81' lang='lat' dir='ltr'>inem.</span> <span class='ocrx_word' id='word_1_360' title='bbox 774 4705 793 4775; x_wconf 78' lang='lat'>⁴,</span> <span class='ocrx_word' id='word_1_361' title='bbox 809 4694 1008 4760; x_wconf 89' lang='lat' dir='ltr'>tenuitatem</span> <span class='ocrx_word' id='word_1_362' title='bbox 1036 4694 1225 4759; x_wconf 91' lang='lat' dir='ltr'>reddituum</span> <span class='ocrx_word' id='word_1_363' title='bbox 1242 4694 1322 4759; x_wconf 90' lang='lat' dir='ltr'>dicti</span> <span class='ocrx_word' id='word_1_364' title='bbox 1347 4694 1540 4758; x_wconf 89' lang='lat' dir='ltr'>monasterii</span> <span class='ocrx_word' id='word_1_365' title='bbox 1568 4693 1791 4776; x_wconf 89' lang='lat' dir='ltr'>considerans,</span> <span class='ocrx_word' id='word_1_366' title='bbox 1814 4695 1922 4760; x_wconf 91' lang='lat' dir='ltr'>eidem</span> 
     </span>
     <span class='ocr_line' id='line_1_37' title="bbox 566 4798 1923 4884; baseline -0.001 -19"><span class='ocrx_word' id='word_1_367' title='bbox 566 4801 689 4865; x_wconf 88' lang='lat' dir='ltr'>dictam</span> <span class='ocrx_word' id='word_1_368' title='bbox 715 4800 864 4884; x_wconf 83' lang='lat' dir='ltr'>parroclr.</span> <span class='ocrx_word' id='word_1_369' title='bbox 889 4801 970 4864; x_wconf 91' lang='lat' dir='ltr'>eccl.</span> <span class='ocrx_word' id='word_1_370' title='bbox 996 4799 1149 4878; x_wconf 89' lang='lat' dir='ltr'>univerit,</span> <span class='ocrx_word' id='word_1_371' title='bbox 1176 4798 1443 4882; x_wconf 88' lang='lat' dir='ltr'>ordinaveritque</span> <span class='ocrx_word' id='word_1_372' title='bbox 1474 4798 1563 4881; x_wconf 92' lang='lat' dir='ltr'>quod</span> <span class='ocrx_word' id='word_1_373' title='bbox 1593 4800 1695 4864; x_wconf 90' lang='lat' dir='ltr'>abbas</span> <span class='ocrx_word' id='word_1_374' title='bbox 1725 4799 1769 4865; x_wconf 92' lang='lat' dir='ltr'>ad</span> <span class='ocrx_word' id='word_1_375' title='bbox 1799 4799 1923 4866; x_wconf 88' lang='lat' dir='ltr'>dictam</span> 
     </span>
    </p>
   </div>
   <div class='ocr_carea' id='block_1_8' title="bbox 565 5007 1926 5295">
    <p class='ocr_par' dir='ltr' id='par_1_11' title="bbox 565 5007 1926 5295">
     <span class='ocr_line' id='line_1_38' title="bbox 599 5007 1924 5071; baseline 0.001 -17"><span class='ocrx_word' id='word_1_376' title='bbox 599 5011 620 5057; x_wconf 78' lang='lat' dir='ltr'>l,</span> <span class='ocrx_word' id='word_1_377' title='bbox 633 5008 779 5057; x_wconf 79' lang='lat' dir='ltr'>Gnillmrmo</span> <span class='ocrx_word' id='word_1_378' title='bbox 790 5009 822 5057; x_wconf 84' lang='lat' dir='ltr'>dc</span> <span class='ocrx_word' id='word_1_379' title='bbox 835 5009 991 5067; x_wconf 82' lang='lat' dir='ltr'>Ventadour,</span> <span class='ocrx_word' id='word_1_380' title='bbox 1003 5016 1029 5066; x_wconf 70' lang='lat'>›1-</span> <span class='ocrx_word' id='word_1_381' title='bbox 1042 5011 1103 5056; x_wconf 76' lang='lat'><strong>1333</strong></span> <span class='ocrx_word' id='word_1_382' title='bbox 1116 5008 1220 5069; x_wconf 79' lang='lat' dir='ltr'>(Eribol,</span> <span class='ocrx_word' id='word_1_383' title='bbox 1235 5008 1254 5068; x_wconf 94' lang='lat' dir='ltr'>I,</span> <span class='ocrx_word' id='word_1_384' title='bbox 1267 5010 1336 5070; x_wconf 77' lang='grc'>516).</span> <span class='ocrx_word' id='word_1_385' title='bbox 1349 5033 1381 5047; x_wconf 83' lang='lat'>--</span> <span class='ocrx_word' id='word_1_386' title='bbox 1397 5011 1420 5057; x_wconf 79' lang='lat'>2.</span> <span class='ocrx_word' id='word_1_387' title='bbox 1438 5008 1523 5057; x_wconf 86' lang='lat' dir='ltr'>Pierre</span> <span class='ocrx_word' id='word_1_388' title='bbox 1541 5010 1623 5070; x_wconf 73' lang='lat' dir='ltr'>Roget</span> <span class='ocrx_word' id='word_1_389' title='bbox 1637 5009 1679 5057; x_wconf 80' lang='lat' dir='ltr'>lut</span> <span class='ocrx_word' id='word_1_390' title='bbox 1690 5007 1758 5057; x_wconf 74' lang='lat' dir='ltr'>abbe</span> <span class='ocrx_word' id='word_1_391' title='bbox 1769 5010 1803 5058; x_wconf 92' lang='lat' dir='ltr'>de</span> <span class='ocrx_word' id='word_1_392' title='bbox 1816 5008 1924 5071; x_wconf 73' lang='lat' dir='ltr'>chrrmp</span> 
     </span>
     <span class='ocr_line' id='line_1_39' title="bbox 565 5081 1925 5143; baseline 0.001 -15"><span class='ocrx_word' id='word_1_393' title='bbox 565 5082 597 5129; x_wconf 67' lang='grc'>11·</span> <span class='ocrx_word' id='word_1_394' title='bbox 611 5084 699 5129; x_wconf 75' lang='grc'>111111</span> <span class='ocrx_word' id='word_1_395' title='bbox 713 5084 774 5129; x_wconf 75' lang='lat' dir='ltr'>raas</span> <span class='ocrx_word' id='word_1_396' title='bbox 792 5082 983 5143; x_wconf 68' lang='grc'>(1111111111,</span> <span class='ocrx_word' id='word_1_397' title='bbox 999 5084 1045 5138; x_wconf 82' lang='lat' dir='ltr'>xi,</span> <span class='ocrx_word' id='word_1_398' title='bbox 1059 5083 1127 5142; x_wconf 77' lang='grc'>111).</span> <span class='ocrx_word' id='word_1_399' title='bbox 1140 5108 1172 5116; x_wconf 62' lang='lat'><em>„</em></span> <span class='ocrx_word' id='word_1_400' title='bbox 1183 5085 1206 5130; x_wconf 79' lang='lat' dir='ltr'>a.</span> <span class='ocrx_word' id='word_1_401' title='bbox 1220 5082 1325 5141; x_wconf 76' lang='lat' dir='ltr'>Donido,</span> <span class='ocrx_word' id='word_1_402' title='bbox 1342 5081 1464 5141; x_wconf 66' lang='lat' dir='ltr'>(arama,</span> <span class='ocrx_word' id='word_1_403' title='bbox 1480 5082 1513 5137; x_wconf 90' lang='grc'>11,</span> <span class='ocrx_word' id='word_1_404' title='bbox 1527 5085 1580 5139; x_wconf 73' lang='lat' dir='ltr'>aaa,</span> <span class='ocrx_word' id='word_1_405' title='bbox 1594 5085 1648 5142; x_wconf 74' lang='lat' dir='ltr'>roo,</span> <span class='ocrx_word' id='word_1_406' title='bbox 1662 5085 1718 5131; x_wconf 80' lang='lat'><strong>322.</strong></span> <span class='ocrx_word' id='word_1_407' title='bbox 1731 5082 1755 5130; x_wconf 87' lang='lat'>11</span> <span class='ocrx_word' id='word_1_408' title='bbox 1775 5083 1832 5131; x_wconf 79' lang='lat' dir='ltr'>dou</span> <span class='ocrx_word' id='word_1_409' title='bbox 1852 5084 1925 5142; x_wconf 57' lang='lat' dir='ltr'>suun</span> 
     </span>
     <span class='ocr_line' id='line_1_40' title="bbox 567 5154 1924 5217; baseline 0.001 -15"><span class='ocrx_word' id='word_1_410' title='bbox 567 5158 599 5202; x_wconf 78' lang='lat' dir='ltr'>ici</span> <span class='ocrx_word' id='word_1_411' title='bbox 611 5156 642 5202; x_wconf 83' lang='lat' dir='ltr'>dc</span> <span class='ocrx_word' id='word_1_412' title='bbox 659 5156 788 5215; x_wconf 73' lang='lat' dir='ltr'>[larnouay</span> <span class='ocrx_word' id='word_1_413' title='bbox 801 5155 1059 5216; x_wconf 49' lang='grc'>11101111101111111</span> <span class='ocrx_word' id='word_1_414' title='bbox 1072 5156 1103 5202; x_wconf 74' lang='lat' dir='ltr'>ilc</span> <span class='ocrx_word' id='word_1_415' title='bbox 1118 5157 1266 5203; x_wconf 64' lang='lat' dir='ltr'>lturroueics</span> <span class='ocrx_word' id='word_1_416' title='bbox 1278 5156 1384 5217; x_wconf 86' lang='lat' dir='ltr'>(Nord).</span> <span class='ocrx_word' id='word_1_417' title='bbox 1397 5157 1436 5206; x_wconf 78' lang='lat' dir='ltr'>Ol.</span> <span class='ocrx_word' id='word_1_418' title='bbox 1448 5156 1536 5214; x_wconf 82' lang='lat' dir='ltr'>Varin,</span> <span class='ocrx_word' id='word_1_419' title='bbox 1550 5157 1628 5204; x_wconf 69' lang='lat' dir='ltr'>Areia.</span> <span class='ocrx_word' id='word_1_420' title='bbox 1645 5154 1714 5204; x_wconf 76' lang='lat' dir='ltr'>adar.</span> <span class='ocrx_word' id='word_1_421' title='bbox 1725 5155 1757 5204; x_wconf 69' lang='lat' dir='ltr'>do</span> <span class='ocrx_word' id='word_1_422' title='bbox 1774 5156 1869 5215; x_wconf 68' lang='lat' dir='ltr'>licinia,</span> <span class='ocrx_word' id='word_1_423' title='bbox 1891 5155 1924 5213; x_wconf 90' lang='lat' dir='ltr'>ll,</span> 
     </span>
     <span class='ocr_line' id='line_1_41' title="bbox 569 5227 1926 5295; baseline 0.001 -17"><span class='ocrx_word' id='word_1_424' title='bbox 569 5233 636 5290; x_wconf 83' lang='grc'>1032,</span> <span class='ocrx_word' id='word_1_425' title='bbox 652 5232 713 5277; x_wconf 82' lang='grc'>1013</span> <span class='ocrx_word' id='word_1_426' title='bbox 726 5247 731 5288; x_wconf 88' lang='grc'>;</span> <span class='ocrx_word' id='word_1_427' title='bbox 745 5230 793 5289; x_wconf 87' lang='lat'>111,</span> <span class='ocrx_word' id='word_1_428' title='bbox 808 5233 838 5278; x_wconf 68' lang='lat'>65</span> <span class='ocrx_word' id='word_1_429' title='bbox 854 5230 950 5289; x_wconf 70' lang='grc' dir='ltr'>;Α1·1·11.</span> <span class='ocrx_word' id='word_1_430' title='bbox 963 5227 1049 5292; x_wconf 70' lang='lat' dir='ltr'>lipial,</span> <span class='ocrx_word' id='word_1_431' title='bbox 1063 5233 1086 5276; x_wconf 63' lang='grc' dir='ltr'>2Γ</span> <span class='ocrx_word' id='word_1_432' title='bbox 1099 5237 1173 5292; x_wconf 72' lang='lat' dir='ltr'>part,</span> <span class='ocrx_word' id='word_1_433' title='bbox 1188 5233 1293 5290; x_wconf 73' lang='lat' dir='ltr'>Statuts,</span> <span class='ocrx_word' id='word_1_434' title='bbox 1307 5230 1326 5289; x_wconf 93' lang='lat' dir='ltr'>I,</span> <span class='ocrx_word' id='word_1_435' title='bbox 1343 5233 1395 5280; x_wconf 94' lang='grc'>101.</span> <span class='ocrx_word' id='word_1_436' title='bbox 1407 5232 1473 5280; x_wconf 85' lang='grc'>-1,</span> <span class='ocrx_word' id='word_1_437' title='bbox 1485 5227 1536 5281; x_wconf 69' lang='grc'>’13</span> <span class='ocrx_word' id='word_1_438' title='bbox 1548 5233 1690 5280; x_wconf 62' lang='grc'>1111111321</span> <span class='ocrx_word' id='word_1_439' title='bbox 1704 5229 1810 5293; x_wconf 71' lang='lat' dir='ltr'>(Eubel</span> <span class='ocrx_word' id='word_1_440' title='bbox 1824 5230 1845 5295; x_wconf 87' lang='lat'>1,</span> <span class='ocrx_word' id='word_1_441' title='bbox 1858 5232 1926 5293; x_wconf 83' lang='grc'>110).</span> 
     </span>
    </p>
   </div>
   <div class='ocr_carea' id='block_1_9' title="bbox 0 0 2333 6052">
    <p class='ocr_par' dir='ltr' id='par_1_12' title="bbox 0 0 2333 6052">
     <span class='ocr_line' id='line_1_42' title="bbox 0 0 2333 6052; baseline 0 0"><span class='ocrx_word' id='word_1_442' title='bbox 0 0 2333 6052; x_wconf 95' lang='lat' dir='ltr'> </span> 
     </span>
    </p>
   </div>
  </div>
 </body>
</html>
