<?xml version="1.0" encoding="UTF-8"?>
<!DOCTYPE html PUBLIC "-//W3C//DTD XHTML 1.0 Transitional//EN"
    "http://www.w3.org/TR/xhtml1/DTD/xhtml1-transitional.dtd">
<html xmlns="http://www.w3.org/1999/xhtml" xml:lang="en" lang="en">
 <head>
  <title>
</title>
<meta http-equiv="Content-Type" content="text/html;charset=utf-8" />
  <meta name='ocr-system' content='tesseract 3.04.00' />
  <meta name='ocr-capabilities' content='ocr_page ocr_carea ocr_par ocr_line ocrx_word'/>
</head>
<body>
  <div class='ocr_page' id='page_1' title='image "./suppliquesdeclm00goog_0238.png"; bbox 0 0 4650 6059; ppageno 0'>
   <div class='ocr_carea' id='block_1_1' title="bbox 1006 789 1848 878">
    <p class='ocr_par' dir='ltr' id='par_1_1' title="bbox 1006 789 1848 878">
     <span class='ocr_line' id='line_1_1' title="bbox 1006 789 1848 878; baseline 0.006 -24"><span class='ocrx_word' id='word_1_1' title='bbox 1006 789 1094 863; x_wconf 79' lang='grc'>1844,</span> <span class='ocrx_word' id='word_1_2' title='bbox 1115 791 1137 854; x_wconf 87' lang='grc'>4</span> <span class='ocrx_word' id='word_1_3' title='bbox 1157 790 1324 856; x_wconf 77' lang='lat' dir='ltr'><strong>novembre</strong></span> <span class='ocrx_word' id='word_1_4' title='bbox 1790 793 1848 878; x_wconf 78' lang='grc'><strong>188</strong></span> 
     </span>
    </p>
   </div>
   <div class='ocr_carea' id='block_1_2' title="bbox 483 938 1846 1234">
    <p class='ocr_par' dir='ltr' id='par_1_2' title="bbox 483 938 1846 1234">
     <span class='ocr_line' id='line_1_2' title="bbox 483 938 1846 1027; baseline 0.002 -21"><span class='ocrx_word' id='word_1_5' title='bbox 483 938 585 1006; x_wconf 84' lang='lat' dir='ltr'>XXII</span> <span class='ocrx_word' id='word_1_6' title='bbox 600 940 825 1009; x_wconf 72' lang='lat' dir='ltr'><strong>reservandos</strong></span> <span class='ocrx_word' id='word_1_7' title='bbox 838 940 945 1009; x_wconf 83' lang='lat' dir='ltr'><strong>duxit.</strong></span> <span class='ocrx_word' id='word_1_8' title='bbox 966 977 999 990; x_wconf 97' lang='lat'><em>-</em></span> <span class='ocrx_word' id='word_1_9' title='bbox 1020 939 1096 1008; x_wconf 87' lang='lat' dir='ltr'><strong>Fiat</strong></span> <span class='ocrx_word' id='word_1_10' title='bbox 1111 948 1208 1007; x_wconf 91' lang='lat' dir='ltr'><strong>motu</strong></span> <span class='ocrx_word' id='word_1_11' title='bbox 1221 940 1369 1027; x_wconf 91' lang='lat' dir='ltr'><strong>proprio,</strong></span> <span class='ocrx_word' id='word_1_12' title='bbox 1383 941 1411 1008; x_wconf 92' lang='lat' dir='ltr'><strong>si</strong></span> <span class='ocrx_word' id='word_1_13' title='bbox 1426 941 1616 1008; x_wconf 90' lang='lat' dir='ltr'><strong>constiterit</strong></span> <span class='ocrx_word' id='word_1_14' title='bbox 1636 943 1679 1008; x_wconf 89' lang='lat' dir='ltr'><strong>de</strong></span> <span class='ocrx_word' id='word_1_15' title='bbox 1699 962 1846 1010; x_wconf 88' lang='lat' dir='ltr'><strong>reserva·</strong></span> 
     </span>
     <span class='ocr_line' id='line_1_3' title="bbox 485 1045 1686 1112; baseline -0.001 0"><span class='ocrx_word' id='word_1_16' title='bbox 485 1045 586 1112; x_wconf 88' lang='lat' dir='ltr'><strong>tione.</strong></span> <span class='ocrx_word' id='word_1_17' title='bbox 1683 1064 1686 1069; x_wconf 88' lang='lat'><em>·</em></span> 
     </span>
     <span class='ocr_line' id='line_1_4' title="bbox 526 1148 1229 1234; baseline -0.003 -18"><span class='ocrx_word' id='word_1_18' title='bbox 526 1149 607 1216; x_wconf 89' lang='lat' dir='ltr'><strong>Dat.</strong></span> <span class='ocrx_word' id='word_1_19' title='bbox 620 1148 725 1216; x_wconf 86' lang='lat' dir='ltr'><strong>Avin.</strong></span> <span class='ocrx_word' id='word_1_20' title='bbox 741 1168 759 1213; x_wconf 87' lang='lat'><em>2</em></span> <span class='ocrx_word' id='word_1_21' title='bbox 775 1167 857 1215; x_wconf 86' lang='lat' dir='ltr'><strong>non.</strong></span> <span class='ocrx_word' id='word_1_22' title='bbox 873 1167 953 1215; x_wconf 91' lang='lat' dir='ltr'><strong>nov.</strong></span> <span class='ocrx_word' id='word_1_23' title='bbox 967 1154 1002 1214; x_wconf 86' lang='lat' dir='ltr'><strong>a⁰</strong></span> <span class='ocrx_word' id='word_1_24' title='bbox 1018 1154 1061 1232; x_wconf 84' lang='lat'><strong>3⁰.</strong></span> <span class='ocrx_word' id='word_1_25' title='bbox 1077 1149 1127 1233; x_wconf 92' lang='lat'><strong>(7,</strong></span> <span class='ocrx_word' id='word_1_26' title='bbox 1143 1148 1229 1234; x_wconf 86' lang='lat'><strong>41&#39;).</strong></span> 
     </span>
    </p>
   </div>
   <div class='ocr_carea' id='block_1_3' title="bbox 433 1279 1950 3661">
    <p class='ocr_par' dir='ltr' id='par_1_3' title="bbox 533 1279 1800 1386">
     <span class='ocr_line' id='line_1_5' title="bbox 533 1279 1800 1386; baseline 0 -19"><span class='ocrx_word' id='word_1_27' title='bbox 533 1285 651 1369; x_wconf 76' lang='grc'><strong>754.</strong></span> <span class='ocrx_word' id='word_1_28' title='bbox 673 1279 680 1290; x_wconf 54' lang='grc'><em>“</em></span> <span class='ocrx_word' id='word_1_29' title='bbox 1118 1371 1120 1375; x_wconf 81' lang='lat'><strong>.</strong></span> <span class='ocrx_word' id='word_1_30' title='bbox 1456 1321 1552 1386; x_wconf 75' lang='grc'>1344,</span> <span class='ocrx_word' id='word_1_31' title='bbox 1574 1323 1594 1386; x_wconf 93' lang='grc'><strong><em>4</em></strong></span> <span class='ocrx_word' id='word_1_32' title='bbox 1615 1301 1800 1367; x_wconf 83' lang='lat' dir='ltr'><em>novembre.</em></span> 
     </span>
    </p>

    <p class='ocr_par' dir='ltr' id='par_1_4' title="bbox 433 1398 1844 1591">
     <span class='ocr_line' id='line_1_6' title="bbox 433 1398 1844 1490; baseline 0.001 -24"><span class='ocrx_word' id='word_1_33' title='bbox 433 1455 434 1466; x_wconf 70' lang='grc'>,</span> <span class='ocrx_word' id='word_1_34' title='bbox 526 1403 616 1490; x_wconf 84' lang='lat' dir='ltr'><strong>Sign.</strong></span> <span class='ocrx_word' id='word_1_35' title='bbox 635 1398 845 1490; x_wconf 88' lang='lat' dir='ltr'>[Philippus]</span> <span class='ocrx_word' id='word_1_36' title='bbox 863 1411 884 1478; x_wconf 89' lang='lat'><strong>¹,</strong></span> <span class='ocrx_word' id='word_1_37' title='bbox 898 1402 1001 1468; x_wconf 84' lang='lat' dir='ltr'><strong>abhas</strong></span> <span class='ocrx_word' id='word_1_38' title='bbox 1015 1409 1051 1468; x_wconf 90' lang='lat' dir='ltr'><strong>et</strong></span> <span class='ocrx_word' id='word_1_39' title='bbox 1065 1409 1254 1470; x_wconf 86' lang='lat' dir='ltr'><strong>conventus</strong></span> <span class='ocrx_word' id='word_1_40' title='bbox 1275 1404 1468 1471; x_wconf 88' lang='lat' dir='ltr'><strong>monasterii</strong></span> <span class='ocrx_word' id='word_1_41' title='bbox 1483 1403 1516 1470; x_wconf 86' lang='lat' dir='ltr'><strong>S.</strong></span> <span class='ocrx_word' id='word_1_42' title='bbox 1531 1401 1567 1470; x_wconf 94' lang='lat' dir='ltr'>N</span> <span class='ocrx_word' id='word_1_43' title='bbox 1568 1403 1685 1471; x_wconf 89' lang='lat' dir='ltr'><strong>ichasii</strong></span> <span class='ocrx_word' id='word_1_44' title='bbox 1698 1401 1844 1470; x_wconf 90' lang='lat' dir='ltr'><strong>Remen-</strong></span> 
     </span>
     <span class='ocr_line' id='line_1_7' title="bbox 489 1502 1842 1591; baseline -0.002 -19"><span class='ocrx_word' id='word_1_45' title='bbox 489 1507 536 1587; x_wconf 85' lang='lat' dir='ltr'><strong>sis,</strong></span> <span class='ocrx_word' id='word_1_46' title='bbox 551 1505 596 1572; x_wconf 94' lang='grc' dir='ltr'><strong>Ο.</strong></span> <span class='ocrx_word' id='word_1_47' title='bbox 610 1505 645 1572; x_wconf 89' lang='lat' dir='ltr'><strong>S.</strong></span> <span class='ocrx_word' id='word_1_48' title='bbox 661 1503 711 1586; x_wconf 80' lang='grc' dir='ltr'><strong>Β,</strong></span> <span class='ocrx_word' id='word_1_49' title='bbox 726 1504 818 1590; x_wconf 90' lang='lat' dir='ltr'><strong>quod</strong></span> <span class='ocrx_word' id='word_1_50' title='bbox 840 1505 918 1572; x_wconf 85' lang='lat' dir='ltr'><strong>curn</strong></span> <span class='ocrx_word' id='word_1_51' title='bbox 932 1503 1142 1591; x_wconf 90' lang='lat' dir='ltr'><strong>parrochiani</strong></span> <span class='ocrx_word' id='word_1_52' title='bbox 1157 1503 1240 1570; x_wconf 90' lang='lat' dir='ltr'><strong>eccl.</strong></span> <span class='ocrx_word' id='word_1_53' title='bbox 1268 1502 1300 1571; x_wconf 89' lang='lat' dir='ltr'><strong>S.</strong></span> <span class='ocrx_word' id='word_1_54' title='bbox 1326 1503 1501 1571; x_wconf 85' lang='lat' dir='ltr'><strong>Genovefe</strong></span> <span class='ocrx_word' id='word_1_55' title='bbox 1521 1504 1619 1590; x_wconf 87' lang='lat' dir='ltr'><strong>juxta</strong></span> <span class='ocrx_word' id='word_1_56' title='bbox 1643 1502 1842 1590; x_wconf 87' lang='lat' dir='ltr'><strong>Cymaeum,</strong></span> 
     </span>
    </p>

    <p class='ocr_par' dir='ltr' id='par_1_5' title="bbox 433 1605 1950 2628">
     <span class='ocr_line' id='line_1_8' title="bbox 433 1605 1843 1694; baseline -0.004 -17"><span class='ocrx_word' id='word_1_57' title='bbox 433 1645 434 1686; x_wconf 61' lang='lat'>1</span> <span class='ocrx_word' id='word_1_58' title='bbox 478 1607 760 1690; x_wconf 69' lang='lat' dir='ltr'><strong>-1eodiendioc,</strong></span> <span class='ocrx_word' id='word_1_59' title='bbox 776 1608 870 1693; x_wconf 86' lang='lat' dir='ltr'><strong>cujus</strong></span> <span class='ocrx_word' id='word_1_60' title='bbox 883 1607 945 1694; x_wconf 92' lang='lat' dir='ltr'><strong>ipsi</strong></span> <span class='ocrx_word' id='word_1_61' title='bbox 961 1610 1064 1674; x_wconf 90' lang='lat' dir='ltr'><strong>abhas</strong></span> <span class='ocrx_word' id='word_1_62' title='bbox 1078 1614 1114 1673; x_wconf 88' lang='lat' dir='ltr'><strong>et</strong></span> <span class='ocrx_word' id='word_1_63' title='bbox 1129 1616 1317 1674; x_wconf 86' lang='lat' dir='ltr'><strong>conventus</strong></span> <span class='ocrx_word' id='word_1_64' title='bbox 1331 1607 1464 1694; x_wconf 89' lang='lat' dir='ltr'><strong>patroni</strong></span> <span class='ocrx_word' id='word_1_65' title='bbox 1481 1607 1640 1689; x_wconf 88' lang='lat' dir='ltr'><strong>existunt,</strong></span> <span class='ocrx_word' id='word_1_66' title='bbox 1651 1607 1738 1674; x_wconf 89' lang='lat' dir='ltr'><strong>adeo</strong></span> <span class='ocrx_word' id='word_1_67' title='bbox 1752 1605 1843 1673; x_wconf 86' lang='lat' dir='ltr'><strong>dese-</strong></span> 
     </span>
     <span class='ocr_line' id='line_1_9' title="bbox 490 1708 1845 1798; baseline -0.003 -18"><span class='ocrx_word' id='word_1_68' title='bbox 490 1711 710 1798; x_wconf 66' lang='lat' dir='ltr'><strong>ciaeentquod</strong></span> <span class='ocrx_word' id='word_1_69' title='bbox 723 1710 768 1778; x_wconf 87' lang='lat' dir='ltr'><strong>ad</strong></span> <span class='ocrx_word' id='word_1_70' title='bbox 781 1731 887 1777; x_wconf 89' lang='lat' dir='ltr'><strong>unum</strong></span> <span class='ocrx_word' id='word_1_71' title='bbox 909 1710 1035 1777; x_wconf 87' lang='lat' dir='ltr'><strong>redacti</strong></span> <span class='ocrx_word' id='word_1_72' title='bbox 1058 1708 1180 1792; x_wconf 86' lang='lat' dir='ltr'><strong>forent,</strong></span> <span class='ocrx_word' id='word_1_73' title='bbox 1203 1717 1239 1777; x_wconf 93' lang='lat' dir='ltr'><strong>et</strong></span> <span class='ocrx_word' id='word_1_74' title='bbox 1262 1711 1334 1797; x_wconf 90' lang='lat' dir='ltr'><strong>ipsa</strong></span> <span class='ocrx_word' id='word_1_75' title='bbox 1358 1711 1441 1778; x_wconf 89' lang='lat' dir='ltr'><strong>eccl.</strong></span> <span class='ocrx_word' id='word_1_76' title='bbox 1465 1711 1545 1777; x_wconf 90' lang='lat' dir='ltr'><strong>ville</strong></span> <span class='ocrx_word' id='word_1_77' title='bbox 1559 1710 1603 1778; x_wconf 93' lang='lat' dir='ltr'><strong>de</strong></span> <span class='ocrx_word' id='word_1_78' title='bbox 1628 1709 1780 1797; x_wconf 87' lang='lat' dir='ltr'><strong>Cymaeo</strong></span> <span class='ocrx_word' id='word_1_79' title='bbox 1795 1709 1845 1777; x_wconf 90' lang='lat' dir='ltr'><strong>sic</strong></span> 
     </span>
     <span class='ocr_line' id='line_1_10' title="bbox 489 1803 1843 1901; baseline -0.005 -16"><span class='ocrx_word' id='word_1_80' title='bbox 489 1803 593 1884; x_wconf 79' lang='lat' dir='ltr'><strong>vicinia</strong></span> <span class='ocrx_word' id='word_1_81' title='bbox 608 1825 699 1884; x_wconf 88' lang='lat' dir='ltr'><strong>esset</strong></span> <span class='ocrx_word' id='word_1_82' title='bbox 713 1815 805 1900; x_wconf 91' lang='lat' dir='ltr'><strong>quod</strong></span> <span class='ocrx_word' id='word_1_83' title='bbox 820 1833 899 1882; x_wconf 91' lang='lat' dir='ltr'><strong>cura</strong></span> <span class='ocrx_word' id='word_1_84' title='bbox 915 1813 1017 1901; x_wconf 92' lang='lat' dir='ltr'><strong>ipsius</strong></span> <span class='ocrx_word' id='word_1_85' title='bbox 1043 1821 1079 1880; x_wconf 91' lang='lat' dir='ltr'><strong>et</strong></span> <span class='ocrx_word' id='word_1_86' title='bbox 1104 1813 1246 1881; x_wconf 84' lang='lat' dir='ltr'><strong>ecclesie</strong></span> <span class='ocrx_word' id='word_1_87' title='bbox 1265 1813 1356 1881; x_wconf 87' lang='lat' dir='ltr'><strong>dicte</strong></span> <span class='ocrx_word' id='word_1_88' title='bbox 1370 1815 1450 1880; x_wconf 90' lang='lat' dir='ltr'><strong>ville</strong></span> <span class='ocrx_word' id='word_1_89' title='bbox 1464 1834 1525 1901; x_wconf 88' lang='lat' dir='ltr'><strong>per</strong></span> <span class='ocrx_word' id='word_1_90' title='bbox 1547 1835 1653 1880; x_wconf 90' lang='lat' dir='ltr'><strong>unum</strong></span> <span class='ocrx_word' id='word_1_91' title='bbox 1677 1821 1843 1880; x_wconf 89' lang='lat' dir='ltr'><strong>rectorem</strong></span> 
     </span>
     <span class='ocr_line' id='line_1_11' title="bbox 490 1915 1845 2006; baseline -0.002 -19"><span class='ocrx_word' id='word_1_92' title='bbox 490 1919 626 1987; x_wconf 89' lang='lat' dir='ltr'><strong>comode</strong></span> <span class='ocrx_word' id='word_1_93' title='bbox 641 1917 767 2006; x_wconf 75' lang='lat' dir='ltr'><strong>poterit</strong></span> <span class='ocrx_word' id='word_1_94' title='bbox 782 1917 930 1984; x_wconf 86' lang='lat' dir='ltr'><strong>exerceri</strong></span> <span class='ocrx_word' id='word_1_95' title='bbox 943 1940 952 1999; x_wconf 87' lang='lat'>;</span> <span class='ocrx_word' id='word_1_96' title='bbox 968 1937 1046 1986; x_wconf 89' lang='lat' dir='ltr'><strong>ven.</strong></span> <span class='ocrx_word' id='word_1_97' title='bbox 1061 1924 1158 2004; x_wconf 89' lang='lat' dir='ltr'><strong>pater</strong></span> <span class='ocrx_word' id='word_1_98' title='bbox 1171 1915 1263 1984; x_wconf 91' lang='lat' dir='ltr'><strong>dom.</strong></span> <span class='ocrx_word' id='word_1_99' title='bbox 1290 1917 1393 2004; x_wconf 87' lang='lat' dir='ltr'><strong>episc.</strong></span> <span class='ocrx_word' id='word_1_100' title='bbox 1409 1917 1581 1999; x_wconf 78' lang='lat' dir='ltr'><strong>Leodien,</strong></span> <span class='ocrx_word' id='word_1_101' title='bbox 1598 1938 1675 1984; x_wconf 89' lang='lat' dir='ltr'><strong>cum</strong></span> <span class='ocrx_word' id='word_1_102' title='bbox 1702 1917 1845 1984; x_wconf 91' lang='lat' dir='ltr'><strong>consilio</strong></span> 
     </span>
     <span class='ocr_line' id='line_1_12' title="bbox 490 2020 1928 2109; baseline -0.002 -19"><span class='ocrx_word' id='word_1_103' title='bbox 490 2033 517 2090; x_wconf 89' lang='lat' dir='ltr'><strong>et</strong></span> <span class='ocrx_word' id='word_1_104' title='bbox 530 2044 672 2090; x_wconf 84' lang='lat' dir='ltr'><strong>assensu</strong></span> <span class='ocrx_word' id='word_1_105' title='bbox 687 2022 827 2108; x_wconf 88' lang='lat' dir='ltr'><strong>capituli</strong></span> <span class='ocrx_word' id='word_1_106' title='bbox 842 2022 892 2089; x_wconf 87' lang='lat' dir='ltr'><strong>sui</strong></span> <span class='ocrx_word' id='word_1_107' title='bbox 908 2029 945 2088; x_wconf 92' lang='lat' dir='ltr'><strong>et</strong></span> <span class='ocrx_word' id='word_1_108' title='bbox 952 2021 1120 2089; x_wconf 90' lang='lat' dir='ltr'><strong>dictorum</strong></span> <span class='ocrx_word' id='word_1_109' title='bbox 1131 2029 1363 2109; x_wconf 90' lang='lat' dir='ltr'><strong>patronorum,</strong></span> <span class='ocrx_word' id='word_1_110' title='bbox 1379 2023 1505 2090; x_wconf 90' lang='lat' dir='ltr'><strong>dictam</strong></span> <span class='ocrx_word' id='word_1_111' title='bbox 1520 2023 1604 2090; x_wconf 91' lang='lat' dir='ltr'><strong>eccl.</strong></span> <span class='ocrx_word' id='word_1_112' title='bbox 1619 2021 1651 2088; x_wconf 86' lang='lat' dir='ltr'><strong>S.</strong></span> <span class='ocrx_word' id='word_1_113' title='bbox 1668 2020 1844 2088; x_wconf 84' lang='lat' dir='ltr'><strong>Genovefe</strong></span> <span class='ocrx_word' id='word_1_114' title='bbox 1923 2025 1928 2034; x_wconf 89' lang='lat'>&#39;</span> 
     </span>
     <span class='ocr_line' id='line_1_13' title="bbox 491 2123 1950 2214; baseline -0.003 -20"><span class='ocrx_word' id='word_1_115' title='bbox 491 2126 543 2214; x_wconf 89' lang='lat' dir='ltr'><strong>ipsi</strong></span> <span class='ocrx_word' id='word_1_116' title='bbox 558 2125 704 2194; x_wconf 76' lang='lat' dir='ltr'><strong>ecclesie</strong></span> <span class='ocrx_word' id='word_1_117' title='bbox 719 2123 763 2191; x_wconf 90' lang='lat' dir='ltr'><strong>de</strong></span> <span class='ocrx_word' id='word_1_118' title='bbox 779 2123 932 2212; x_wconf 89' lang='lat' dir='ltr'><strong>Cymaeo</strong></span> <span class='ocrx_word' id='word_1_119' title='bbox 946 2125 981 2191; x_wconf 92' lang='lat' dir='ltr'><strong>in</strong></span> <span class='ocrx_word' id='word_1_120' title='bbox 996 2133 1198 2214; x_wconf 88' lang='lat' dir='ltr'><strong>perpetuum</strong></span> <span class='ocrx_word' id='word_1_121' title='bbox 1213 2145 1255 2191; x_wconf 90' lang='lat' dir='ltr'><strong>eo</strong></span> <span class='ocrx_word' id='word_1_122' title='bbox 1266 2124 1371 2192; x_wconf 89' lang='lat' dir='ltr'><strong>modo</strong></span> <span class='ocrx_word' id='word_1_123' title='bbox 1384 2127 1493 2193; x_wconf 92' lang='lat' dir='ltr'><strong>univit</strong></span> <span class='ocrx_word' id='word_1_124' title='bbox 1508 2135 1544 2193; x_wconf 90' lang='lat' dir='ltr'><strong>et</strong></span> <span class='ocrx_word' id='word_1_125' title='bbox 1558 2134 1724 2213; x_wconf 90' lang='lat' dir='ltr'><strong>perpetuo</strong></span> <span class='ocrx_word' id='word_1_126' title='bbox 1739 2125 1845 2212; x_wconf 88' lang='lat' dir='ltr'><strong>appli—</strong></span> <span class='ocrx_word' id='word_1_127' title='bbox 1941 2124 1950 2138; x_wconf 75' lang='lat'><strong>⁴</strong></span> 
     </span>
     <span class='ocr_line' id='line_1_14' title="bbox 491 2220 1845 2317; baseline -0.001 -19"><span class='ocrx_word' id='word_1_128' title='bbox 491 2231 582 2312; x_wconf 81' lang='lat' dir='ltr'><strong>avit,</strong></span> <span class='ocrx_word' id='word_1_129' title='bbox 598 2228 693 2316; x_wconf 92' lang='lat' dir='ltr'><strong>quod</strong></span> <span class='ocrx_word' id='word_1_130' title='bbox 707 2237 799 2297; x_wconf 88' lang='lat' dir='ltr'><strong>certa</strong></span> <span class='ocrx_word' id='word_1_131' title='bbox 812 2249 890 2317; x_wconf 88' lang='lat' dir='ltr'><strong>pars</strong></span> <span class='ocrx_word' id='word_1_132' title='bbox 909 2229 1001 2297; x_wconf 92' lang='lat' dir='ltr'><strong>bladi</strong></span> <span class='ocrx_word' id='word_1_133' title='bbox 1020 2229 1063 2297; x_wconf 92' lang='lat' dir='ltr'><strong>de</strong></span> <span class='ocrx_word' id='word_1_134' title='bbox 1086 2227 1270 2296; x_wconf 74' lang='lat' dir='ltr'><strong>redditibus</strong></span> <span class='ocrx_word' id='word_1_135' title='bbox 1284 2229 1375 2297; x_wconf 91' lang='lat' dir='ltr'><strong>dicte</strong></span> <span class='ocrx_word' id='word_1_136' title='bbox 1386 2231 1469 2297; x_wconf 88' lang='lat' dir='ltr'><strong>eccl.</strong></span> <span class='ocrx_word' id='word_1_137' title='bbox 1486 2220 1523 2297; x_wconf 85' lang='lat' dir='ltr'><strong>S.&#39;</strong></span> <span class='ocrx_word' id='word_1_138' title='bbox 1534 2229 1709 2296; x_wconf 83' lang='lat' dir='ltr'><strong>Genoveie</strong></span> <span class='ocrx_word' id='word_1_139' title='bbox 1724 2228 1845 2297; x_wconf 85' lang='lat' dir='ltr'><strong>rectori</strong></span> 
     </span>
     <span class='ocr_line' id='line_1_15' title="bbox 490 2323 1847 2422; baseline 0 -23"><span class='ocrx_word' id='word_1_140' title='bbox 490 2335 630 2422; x_wconf 78' lang='lat' dir='ltr'><strong>ips-annm</strong></span> <span class='ocrx_word' id='word_1_141' title='bbox 645 2323 862 2400; x_wconf 82' lang='lat' dir='ltr'><strong>ecclesiarum</strong></span> <span class='ocrx_word' id='word_1_142' title='bbox 876 2332 933 2420; x_wconf 90' lang='lat' dir='ltr'><strong>qui</strong></span> <span class='ocrx_word' id='word_1_143' title='bbox 949 2333 1036 2400; x_wconf 81' lang='lat' dir='ltr'><strong>foret</strong></span> <span class='ocrx_word' id='word_1_144' title='bbox 1050 2353 1112 2419; x_wconf 93' lang='lat' dir='ltr'><strong>pro</strong></span> <span class='ocrx_word' id='word_1_145' title='bbox 1125 2340 1280 2419; x_wconf 86' lang='lat' dir='ltr'><strong>tempore</strong></span> <span class='ocrx_word' id='word_1_146' title='bbox 1299 2352 1362 2420; x_wconf 90' lang='lat' dir='ltr'><strong>pro</strong></span> <span class='ocrx_word' id='word_1_147' title='bbox 1377 2333 1464 2400; x_wconf 92' lang='lat' dir='ltr'><strong>illius</strong></span> <span class='ocrx_word' id='word_1_148' title='bbox 1489 2333 1724 2422; x_wconf 88' lang='lat' dir='ltr'><strong>supportandis</strong></span> <span class='ocrx_word' id='word_1_149' title='bbox 1740 2333 1847 2399; x_wconf 89' lang='lat' dir='ltr'><strong>oneri-</strong></span> 
     </span>
     <span class='ocr_line' id='line_1_16' title="bbox 489 2435 1848 2524; baseline 0 -20"><span class='ocrx_word' id='word_1_150' title='bbox 489 2440 552 2519; x_wconf 90' lang='lat' dir='ltr'><strong>bus,</strong></span> <span class='ocrx_word' id='word_1_151' title='bbox 568 2447 605 2504; x_wconf 90' lang='lat' dir='ltr'><strong>et</strong></span> <span class='ocrx_word' id='word_1_152' title='bbox 620 2436 688 2503; x_wconf 86' lang='lat' dir='ltr'><strong>alia</strong></span> <span class='ocrx_word' id='word_1_153' title='bbox 699 2445 792 2503; x_wconf 90' lang='lat' dir='ltr'><strong>certa</strong></span> <span class='ocrx_word' id='word_1_154' title='bbox 814 2455 891 2522; x_wconf 87' lang='lat' dir='ltr'><strong>pars</strong></span> <span class='ocrx_word' id='word_1_155' title='bbox 917 2435 1154 2505; x_wconf 88' lang='lat' dir='ltr'><strong>archidiacono</strong></span> <span class='ocrx_word' id='word_1_156' title='bbox 1178 2436 1244 2504; x_wconf 91' lang='lat' dir='ltr'><strong>loci</strong></span> <span class='ocrx_word' id='word_1_157' title='bbox 1259 2458 1322 2524; x_wconf 92' lang='lat' dir='ltr'><strong>pro</strong></span> <span class='ocrx_word' id='word_1_158' title='bbox 1333 2438 1407 2524; x_wconf 86' lang='lat' dir='ltr'><strong>jure</strong></span> <span class='ocrx_word' id='word_1_159' title='bbox 1429 2449 1465 2505; x_wconf 88' lang='lat' dir='ltr'><strong>et</strong></span> <span class='ocrx_word' id='word_1_160' title='bbox 1480 2438 1642 2506; x_wconf 89' lang='lat' dir='ltr'><strong>interesse</strong></span> <span class='ocrx_word' id='word_1_161' title='bbox 1657 2439 1735 2521; x_wconf 92' lang='lat' dir='ltr'><strong>suis,</strong></span> <span class='ocrx_word' id='word_1_162' title='bbox 1751 2439 1848 2505; x_wconf 89' lang='lat' dir='ltr'><strong>annis</strong></span> 
     </span>
     <span class='ocr_line' id='line_1_17' title="bbox 488 2540 1849 2628; baseline -0.001 -20"><span class='ocrx_word' id='word_1_163' title='bbox 488 2540 621 2628; x_wconf 82' lang='lat' dir='ltr'><strong>singulis</strong></span> <span class='ocrx_word' id='word_1_164' title='bbox 635 2548 859 2621; x_wconf 86' lang='lat' dir='ltr'><strong>remanerent,</strong></span> <span class='ocrx_word' id='word_1_165' title='bbox 875 2548 910 2606; x_wconf 90' lang='lat' dir='ltr'><strong>et</strong></span> <span class='ocrx_word' id='word_1_166' title='bbox 925 2541 1070 2626; x_wconf 88' lang='lat' dir='ltr'><strong>reliquos</strong></span> <span class='ocrx_word' id='word_1_167' title='bbox 1092 2561 1211 2608; x_wconf 90' lang='lat' dir='ltr'><strong>omnes</strong></span> <span class='ocrx_word' id='word_1_168' title='bbox 1225 2541 1374 2608; x_wconf 91' lang='lat' dir='ltr'><strong>redditus</strong></span> <span class='ocrx_word' id='word_1_169' title='bbox 1397 2541 1487 2609; x_wconf 88' lang='lat' dir='ltr'><strong>dicte</strong></span> <span class='ocrx_word' id='word_1_170' title='bbox 1511 2543 1594 2610; x_wconf 88' lang='lat' dir='ltr'><strong>eccl.</strong></span> <span class='ocrx_word' id='word_1_171' title='bbox 1611 2542 1643 2608; x_wconf 89' lang='lat' dir='ltr'><strong>S.</strong></span> <span class='ocrx_word' id='word_1_172' title='bbox 1671 2541 1849 2608; x_wconf 83' lang='lat' dir='ltr'><strong>Genovefe</strong></span> 
     </span>
    </p>

    <p class='ocr_par' dir='ltr' id='par_1_6' title="bbox 433 2643 1907 3541">
     <span class='ocr_line' id='line_1_18' title="bbox 433 2643 1884 2732; baseline -0.001 -20"><span class='ocrx_word' id='word_1_173' title='bbox 433 2673 434 2682; x_wconf 50' lang='lat'>¹</span> <span class='ocrx_word' id='word_1_174' title='bbox 486 2645 595 2714; x_wconf 90' lang='lat' dir='ltr'><strong>officio</strong></span> <span class='ocrx_word' id='word_1_175' title='bbox 622 2644 805 2710; x_wconf 85' lang='lat' dir='ltr'><strong>infirmarie</strong></span> <span class='ocrx_word' id='word_1_176' title='bbox 833 2643 917 2711; x_wconf 92' lang='lat' dir='ltr'><strong>dicti</strong></span> <span class='ocrx_word' id='word_1_177' title='bbox 945 2644 1139 2712; x_wconf 88' lang='lat' dir='ltr'><strong>monasterii</strong></span> <span class='ocrx_word' id='word_1_178' title='bbox 1164 2664 1227 2732; x_wconf 93' lang='lat' dir='ltr'><strong>pro</strong></span> <span class='ocrx_word' id='word_1_179' title='bbox 1250 2645 1445 2712; x_wconf 88' lang='lat' dir='ltr'><strong>necessariis</strong></span> <span class='ocrx_word' id='word_1_180' title='bbox 1467 2645 1674 2712; x_wconf 90' lang='lat' dir='ltr'><strong>infirmorum</strong></span> <span class='ocrx_word' id='word_1_181' title='bbox 1699 2645 1847 2732; x_wconf 86' lang='lat' dir='ltr'><strong>ejusdem</strong></span> <span class='ocrx_word' id='word_1_182' title='bbox 1882 2691 1884 2696; x_wconf 63' lang='grc'><em>»</em></span> 
     </span>
     <span class='ocr_line' id='line_1_19' title="bbox 485 2746 1848 2836; baseline -0.001 -21"><span class='ocrx_word' id='word_1_183' title='bbox 485 2748 691 2829; x_wconf 87' lang='lat' dir='ltr'><strong>monasterii,</strong></span> <span class='ocrx_word' id='word_1_184' title='bbox 716 2746 773 2834; x_wconf 90' lang='lat' dir='ltr'><strong>qui</strong></span> <span class='ocrx_word' id='word_1_185' title='bbox 799 2756 967 2834; x_wconf 92' lang='lat' dir='ltr'><strong>oportuna</strong></span> <span class='ocrx_word' id='word_1_186' title='bbox 989 2747 1046 2829; x_wconf 92' lang='lat' dir='ltr'><strong>eis,</strong></span> <span class='ocrx_word' id='word_1_187' title='bbox 1072 2757 1211 2836; x_wconf 88' lang='lat' dir='ltr'><strong>propter</strong></span> <span class='ocrx_word' id='word_1_188' title='bbox 1236 2757 1469 2836; x_wconf 89' lang='lat' dir='ltr'><strong>paupertatem</strong></span> <span class='ocrx_word' id='word_1_189' title='bbox 1496 2749 1578 2816; x_wconf 89' lang='lat' dir='ltr'><strong>dicti</strong></span> <span class='ocrx_word' id='word_1_190' title='bbox 1595 2747 1708 2830; x_wconf 87' lang='lat' dir='ltr'><strong>officii,</strong></span> <span class='ocrx_word' id='word_1_191' title='bbox 1724 2748 1848 2815; x_wconf 88' lang='lat' dir='ltr'><strong>hahere</strong></span> 
     </span>
     <span class='ocr_line' id='line_1_20' title="bbox 484 2852 1849 2940; baseline -0.001 -20"><span class='ocrx_word' id='word_1_192' title='bbox 484 2853 680 2939; x_wconf 73' lang='lat' dir='ltr'><strong>nequibant,</strong></span> <span class='ocrx_word' id='word_1_193' title='bbox 692 2852 877 2938; x_wconf 89' lang='lat' dir='ltr'><strong>applicavit</strong></span> <span class='ocrx_word' id='word_1_194' title='bbox 892 2861 1056 2940; x_wconf 90' lang='lat' dir='ltr'><strong>perpetuo</strong></span> <span class='ocrx_word' id='word_1_195' title='bbox 1071 2861 1106 2919; x_wconf 88' lang='lat' dir='ltr'><strong>et</strong></span> <span class='ocrx_word' id='word_1_196' title='bbox 1121 2854 1300 2935; x_wconf 89' lang='lat' dir='ltr'><strong>concessit,</strong></span> <span class='ocrx_word' id='word_1_197' title='bbox 1312 2853 1357 2922; x_wconf 89' lang='lat' dir='ltr'><strong>ad</strong></span> <span class='ocrx_word' id='word_1_198' title='bbox 1371 2854 1438 2923; x_wconf 90' lang='lat' dir='ltr'><strong>hoc</strong></span> <span class='ocrx_word' id='word_1_199' title='bbox 1449 2853 1610 2921; x_wconf 92' lang='lat' dir='ltr'><strong>antedicti</strong></span> <span class='ocrx_word' id='word_1_200' title='bbox 1620 2853 1849 2920; x_wconf 89' lang='lat' dir='ltr'><strong>archidiaconi</strong></span> 
     </span>
     <span class='ocr_line' id='line_1_21' title="bbox 482 2955 1847 3045; baseline -0.001 -21"><span class='ocrx_word' id='word_1_201' title='bbox 482 2955 670 3024; x_wconf 82' lang='lat' dir='ltr'><strong>accedente</strong></span> <span class='ocrx_word' id='word_1_202' title='bbox 684 2975 850 3022; x_wconf 89' lang='lat' dir='ltr'><strong>consensu</strong></span> <span class='ocrx_word' id='word_1_203' title='bbox 863 2978 872 3037; x_wconf 90' lang='lat'>;</span> <span class='ocrx_word' id='word_1_204' title='bbox 899 2966 999 3043; x_wconf 93' lang='lat' dir='ltr'><strong>prout</strong></span> <span class='ocrx_word' id='word_1_205' title='bbox 1015 2957 1049 3022; x_wconf 92' lang='lat' dir='ltr'><strong>in</strong></span> <span class='ocrx_word' id='word_1_206' title='bbox 1063 2956 1257 3044; x_wconf 88' lang='lat' dir='ltr'><strong>patentibus</strong></span> <span class='ocrx_word' id='word_1_207' title='bbox 1274 2956 1396 3025; x_wconf 90' lang='lat' dir='ltr'><strong>litteris</strong></span> <span class='ocrx_word' id='word_1_208' title='bbox 1409 2957 1488 3025; x_wconf 88' lang='lat' dir='ltr'><strong>inde</strong></span> <span class='ocrx_word' id='word_1_209' title='bbox 1504 2957 1677 3038; x_wconf 86' lang='lat' dir='ltr'><strong>coniectis,</strong></span> <span class='ocrx_word' id='word_1_210' title='bbox 1693 2957 1847 3045; x_wconf 85' lang='lat' dir='ltr'><strong>episcopi</strong></span> 
     </span>
     <span class='ocr_line' id='line_1_22' title="bbox 481 3053 1849 3147; baseline 0.001 -22"><span class='ocrx_word' id='word_1_211' title='bbox 481 3069 515 3125; x_wconf 91' lang='lat' dir='ltr'><strong>et</strong></span> <span class='ocrx_word' id='word_1_212' title='bbox 531 3057 675 3145; x_wconf 91' lang='lat' dir='ltr'><strong>capituli</strong></span> <span class='ocrx_word' id='word_1_213' title='bbox 701 3067 737 3124; x_wconf 92' lang='lat' dir='ltr'><strong>et</strong></span> <span class='ocrx_word' id='word_1_214' title='bbox 752 3059 977 3126; x_wconf 85' lang='lat' dir='ltr'><strong>archidiaconi</strong></span> <span class='ocrx_word' id='word_1_215' title='bbox 992 3059 1220 3145; x_wconf 91' lang='lat' dir='ltr'><strong>predictorum</strong></span> <span class='ocrx_word' id='word_1_216' title='bbox 1234 3059 1349 3146; x_wconf 86' lang='lat' dir='ltr'><strong>sigillis</strong></span> <span class='ocrx_word' id='word_1_217' title='bbox 1373 3060 1521 3141; x_wconf 91' lang='lat' dir='ltr'><strong>munitis,</strong></span> <span class='ocrx_word' id='word_1_218' title='bbox 1547 3053 1679 3147; x_wconf 88' lang='lat' dir='ltr'><strong>plenius</strong></span> <span class='ocrx_word' id='word_1_219' title='bbox 1695 3061 1849 3127; x_wconf 90' lang='lat' dir='ltr'><strong>contine·</strong></span> 
     </span>
     <span class='ocr_line' id='line_1_23' title="bbox 481 3147 1907 3251; baseline 0 -23"><span class='ocrx_word' id='word_1_220' title='bbox 481 3174 544 3229; x_wconf 89' lang='lat' dir='ltr'><strong>tur.</strong></span> <span class='ocrx_word' id='word_1_221' title='bbox 562 3162 679 3247; x_wconf 83' lang='lat' dir='ltr'><strong>Quare</strong></span> <span class='ocrx_word' id='word_1_222' title='bbox 695 3182 790 3247; x_wconf 90' lang='lat' dir='ltr'><strong>supp.</strong></span> <span class='ocrx_word' id='word_1_223' title='bbox 806 3162 887 3228; x_wconf 89' lang='lat' dir='ltr'><strong>dicti</strong></span> <span class='ocrx_word' id='word_1_224' title='bbox 909 3165 1014 3228; x_wconf 89' lang='lat' dir='ltr'><strong>abbas</strong></span> <span class='ocrx_word' id='word_1_225' title='bbox 1029 3171 1064 3227; x_wconf 91' lang='lat' dir='ltr'><strong>et</strong></span> <span class='ocrx_word' id='word_1_226' title='bbox 1080 3171 1275 3244; x_wconf 88' lang='lat' dir='ltr'><strong>conventus,</strong></span> <span class='ocrx_word' id='word_1_227' title='bbox 1303 3173 1393 3248; x_wconf 90' lang='lat' dir='ltr'><strong>quat.</strong></span> <span class='ocrx_word' id='word_1_228' title='bbox 1419 3164 1578 3251; x_wconf 88' lang='lat' dir='ltr'><strong>premissa</strong></span> <span class='ocrx_word' id='word_1_229' title='bbox 1594 3165 1707 3230; x_wconf 88' lang='lat' dir='ltr'><strong>omnia</strong></span> <span class='ocrx_word' id='word_1_230' title='bbox 1732 3171 1766 3229; x_wconf 93' lang='lat' dir='ltr'><strong>et</strong></span> <span class='ocrx_word' id='word_1_231' title='bbox 1782 3164 1848 3229; x_wconf 92' lang='lat' dir='ltr'><strong>sin·</strong></span> <span class='ocrx_word' id='word_1_232' title='bbox 1901 3147 1907 3156; x_wconf 62' lang='grc'><strong>’</strong></span> 
     </span>
     <span class='ocr_line' id='line_1_24' title="bbox 480 3264 1847 3353; baseline 0.004 -24"><span class='ocrx_word' id='word_1_233' title='bbox 480 3268 559 3351; x_wconf 87' lang='lat' dir='ltr'><strong>gula</strong></span> <span class='ocrx_word' id='word_1_234' title='bbox 575 3268 619 3330; x_wconf 91' lang='lat' dir='ltr'><strong>ab</strong></span> <span class='ocrx_word' id='word_1_235' title='bbox 635 3264 756 3331; x_wconf 92' lang='lat' dir='ltr'><strong>eodem</strong></span> <span class='ocrx_word' id='word_1_236' title='bbox 772 3266 862 3331; x_wconf 92' lang='lat' dir='ltr'><strong>dom.</strong></span> <span class='ocrx_word' id='word_1_237' title='bbox 878 3267 1039 3352; x_wconf 91' lang='lat' dir='ltr'><strong>episcopo</strong></span> <span class='ocrx_word' id='word_1_238' title='bbox 1059 3268 1160 3344; x_wconf 88' lang='lat' dir='ltr'><strong>facta,</strong></span> <span class='ocrx_word' id='word_1_239' title='bbox 1185 3277 1260 3333; x_wconf 89' lang='lat' dir='ltr'><strong>rata</strong></span> <span class='ocrx_word' id='word_1_240' title='bbox 1286 3277 1320 3333; x_wconf 91' lang='lat' dir='ltr'><strong>et</strong></span> <span class='ocrx_word' id='word_1_241' title='bbox 1344 3278 1439 3353; x_wconf 88' lang='lat' dir='ltr'><strong>grata</strong></span> <span class='ocrx_word' id='word_1_242' title='bbox 1465 3269 1637 3348; x_wconf 85' lang='lat' dir='ltr'><strong>habentes,</strong></span> <span class='ocrx_word' id='word_1_243' title='bbox 1653 3268 1709 3333; x_wconf 89' lang='lat' dir='ltr'><strong>illa</strong></span> <span class='ocrx_word' id='word_1_244' title='bbox 1731 3268 1847 3353; x_wconf 84' lang='lat' dir='ltr'><strong>digne·</strong></span> 
     </span>
     <span class='ocr_line' id='line_1_25' title="bbox 480 3370 1847 3455; baseline 0.003 -21"><span class='ocrx_word' id='word_1_245' title='bbox 480 3370 564 3434; x_wconf 91' lang='lat' dir='ltr'><strong>mini</strong></span> <span class='ocrx_word' id='word_1_246' title='bbox 590 3377 680 3434; x_wconf 89' lang='lat' dir='ltr'><strong>auct.</strong></span> <span class='ocrx_word' id='word_1_247' title='bbox 696 3379 803 3455; x_wconf 90' lang='lat' dir='ltr'><strong>apost.</strong></span> <span class='ocrx_word' id='word_1_248' title='bbox 820 3371 1028 3450; x_wconf 89' lang='lat' dir='ltr'><strong>confirmare,</strong></span> <span class='ocrx_word' id='word_1_249' title='bbox 1053 3379 1188 3436; x_wconf 88' lang='lat' dir='ltr'><strong>tenores</strong></span> <span class='ocrx_word' id='word_1_250' title='bbox 1213 3371 1379 3436; x_wconf 89' lang='lat' dir='ltr'><strong>dictarum</strong></span> <span class='ocrx_word' id='word_1_251' title='bbox 1406 3372 1592 3437; x_wconf 90' lang='lat' dir='ltr'><strong>litterarum</strong></span> <span class='ocrx_word' id='word_1_252' title='bbox 1610 3371 1652 3437; x_wconf 91' lang='lat' dir='ltr'><strong>de</strong></span> <span class='ocrx_word' id='word_1_253' title='bbox 1675 3375 1780 3438; x_wconf 87' lang='lat' dir='ltr'><strong>verbo</strong></span> <span class='ocrx_word' id='word_1_254' title='bbox 1804 3372 1847 3438; x_wconf 88' lang='lat' dir='ltr'><strong>ad</strong></span> 
     </span>
     <span class='ocr_line' id='line_1_26' title="bbox 481 3472 1792 3541; baseline 0.004 -7"><span class='ocrx_word' id='word_1_255' title='bbox 481 3475 623 3537; x_wconf 85' lang='lat' dir='ltr'><strong>verbum</strong></span> <span class='ocrx_word' id='word_1_256' title='bbox 640 3472 675 3536; x_wconf 90' lang='lat' dir='ltr'><strong>in</strong></span> <span class='ocrx_word' id='word_1_257' title='bbox 691 3472 955 3538; x_wconf 87' lang='lat' dir='ltr'><strong>confirmationis</strong></span> <span class='ocrx_word' id='word_1_258' title='bbox 969 3481 1080 3539; x_wconf 86' lang='lat' dir='ltr'><strong>vestre</strong></span> <span class='ocrx_word' id='word_1_259' title='bbox 1096 3475 1215 3539; x_wconf 91' lang='lat' dir='ltr'><strong>litteris</strong></span> <span class='ocrx_word' id='word_1_260' title='bbox 1232 3475 1328 3540; x_wconf 88' lang='lat' dir='ltr'><strong>inseri</strong></span> <span class='ocrx_word' id='word_1_261' title='bbox 1346 3475 1506 3541; x_wconf 86' lang='lat' dir='ltr'><strong>facientes</strong></span> <span class='ocrx_word' id='word_1_262' title='bbox 1522 3487 1543 3540; x_wconf 87' lang='lat'><strong>².</strong></span> <span class='ocrx_word' id='word_1_263' title='bbox 1560 3515 1603 3524; x_wconf 91' lang='lat'>—</span> <span class='ocrx_word' id='word_1_264' title='bbox 1620 3474 1695 3540; x_wconf 88' lang='lat' dir='ltr'><strong>Fiat</strong></span> <span class='ocrx_word' id='word_1_265' title='bbox 1718 3475 1757 3541; x_wconf 91' lang='lat' dir='ltr'><strong>R.</strong></span> <span class='ocrx_word' id='word_1_266' title='bbox 1789 3475 1792 3480; x_wconf 70' lang='grc'>’</span> 
     </span>
    </p>

    <p class='ocr_par' dir='ltr' id='par_1_7' title="bbox 526 3576 1225 3661">
     <span class='ocr_line' id='line_1_27' title="bbox 526 3576 1225 3661; baseline 0.001 -19"><span class='ocrx_word' id='word_1_267' title='bbox 526 3578 609 3642; x_wconf 91' lang='lat' dir='ltr'><strong>Dat.</strong></span> <span class='ocrx_word' id='word_1_268' title='bbox 625 3576 725 3640; x_wconf 80' lang='lat' dir='ltr'><strong>Avin.</strong></span> <span class='ocrx_word' id='word_1_269' title='bbox 743 3596 760 3640; x_wconf 89' lang='lat'><em>2</em></span> <span class='ocrx_word' id='word_1_270' title='bbox 777 3597 856 3641; x_wconf 93' lang='lat' dir='ltr'><strong>non.</strong></span> <span class='ocrx_word' id='word_1_271' title='bbox 872 3597 950 3642; x_wconf 92' lang='lat' dir='ltr'><strong>nov.</strong></span> <span class='ocrx_word' id='word_1_272' title='bbox 967 3584 1001 3641; x_wconf 83' lang='lat' dir='ltr'><strong>a⁰</strong></span> <span class='ocrx_word' id='word_1_273' title='bbox 1018 3585 1060 3660; x_wconf 82' lang='lat'><strong>3⁰.</strong></span> <span class='ocrx_word' id='word_1_274' title='bbox 1077 3583 1124 3658; x_wconf 88' lang='lat'><strong>(7,</strong></span> <span class='ocrx_word' id='word_1_275' title='bbox 1141 3600 1160 3661; x_wconf 90' lang='lat'>4</span> <span class='ocrx_word' id='word_1_276' title='bbox 1164 3578 1225 3661; x_wconf 63' lang='lat' dir='ltr'><strong>3l).</strong></span> 
     </span>
    </p>
   </div>
   <div class='ocr_carea' id='block_1_4' title="bbox 533 3712 1802 3810">
    <p class='ocr_par' dir='ltr' id='par_1_8' title="bbox 533 3712 1802 3810">
     <span class='ocr_line' id='line_1_28' title="bbox 533 3712 1802 3810; baseline -0.002 -17"><span class='ocrx_word' id='word_1_277' title='bbox 533 3712 779 3796; x_wconf 82' lang='grc'><strong>755··756.</strong></span> <span class='ocrx_word' id='word_1_278' title='bbox 1471 3747 1565 3810; x_wconf 72' lang='grc'>1344,</span> <span class='ocrx_word' id='word_1_279' title='bbox 1582 3751 1600 3810; x_wconf 86' lang='grc'><strong><em>4</em></strong></span> <span class='ocrx_word' id='word_1_280' title='bbox 1620 3729 1802 3791; x_wconf 77' lang='lat' dir='ltr'><strong>novembre.</strong></span> 
     </span>
    </p>
   </div>
   <div class='ocr_carea' id='block_1_5' title="bbox 466 3828 1846 4329">
    <p class='ocr_par' dir='ltr' id='par_1_9' title="bbox 466 3828 1846 4329">
     <span class='ocr_line' id='line_1_29' title="bbox 527 3828 1845 3914; baseline -0.002 -18"><span class='ocrx_word' id='word_1_281' title='bbox 527 3831 629 3896; x_wconf 91' lang='lat' dir='ltr'><strong>Pater</strong></span> <span class='ocrx_word' id='word_1_282' title='bbox 645 3829 710 3894; x_wconf 54' lang='grc' dir='ltr'><strong>ΞΜ.</strong></span> <span class='ocrx_word' id='word_1_283' title='bbox 726 3828 856 3894; x_wconf 90' lang='lat' dir='ltr'><strong>Placuit</strong></span> <span class='ocrx_word' id='word_1_284' title='bbox 877 3837 988 3893; x_wconf 90' lang='lat' dir='ltr'><strong>vestre</strong></span> <span class='ocrx_word' id='word_1_285' title='bbox 1014 3830 1225 3908; x_wconf 89' lang='lat' dir='ltr'><strong>beatitudini,</strong></span> <span class='ocrx_word' id='word_1_286' title='bbox 1248 3850 1303 3894; x_wconf 89' lang='lat' dir='ltr'><strong>me</strong></span> <span class='ocrx_word' id='word_1_287' title='bbox 1333 3829 1489 3914; x_wconf 86' lang='lat' dir='ltr'><strong>Hugone,</strong></span> <span class='ocrx_word' id='word_1_288' title='bbox 1506 3830 1557 3895; x_wconf 90' lang='lat' dir='ltr'><strong>tit.</strong></span> <span class='ocrx_word' id='word_1_289' title='bbox 1576 3831 1607 3895; x_wconf 86' lang='lat' dir='ltr'><strong>S.</strong></span> <span class='ocrx_word' id='word_1_290' title='bbox 1625 3829 1794 3895; x_wconf 89' lang='lat' dir='ltr'><strong>Laurentii</strong></span> <span class='ocrx_word' id='word_1_291' title='bbox 1812 3831 1845 3894; x_wconf 90' lang='lat' dir='ltr'><strong>in</strong></span> 
     </span>
     <span class='ocr_line' id='line_1_30' title="bbox 482 3931 1845 4019; baseline -0.002 -19"><span class='ocrx_word' id='word_1_292' title='bbox 482 3935 635 4000; x_wconf 88' lang='lat' dir='ltr'><strong>Damaso</strong></span> <span class='ocrx_word' id='word_1_293' title='bbox 662 3936 770 4019; x_wconf 88' lang='lat' dir='ltr'><strong>presb.</strong></span> <span class='ocrx_word' id='word_1_294' title='bbox 795 3933 883 3998; x_wconf 84' lang='lat' dir='ltr'><strong>card.</strong></span> <span class='ocrx_word' id='word_1_295' title='bbox 899 3947 921 4012; x_wconf 82' lang='lat'><strong>³,</strong></span> <span class='ocrx_word' id='word_1_296' title='bbox 937 3931 1158 4017; x_wconf 90' lang='lat' dir='ltr'><strong>supplicante,</strong></span> <span class='ocrx_word' id='word_1_297' title='bbox 1175 3931 1285 3997; x_wconf 87' lang='lat' dir='ltr'><strong>facere</strong></span> <span class='ocrx_word' id='word_1_298' title='bbox 1307 3933 1449 4017; x_wconf 87' lang='lat' dir='ltr'><strong>gratiam</strong></span> <span class='ocrx_word' id='word_1_299' title='bbox 1470 3933 1651 4017; x_wconf 87' lang='lat' dir='ltr'><strong>specialem</strong></span> <span class='ocrx_word' id='word_1_300' title='bbox 1669 3932 1788 4016; x_wconf 86' lang='lat' dir='ltr'><strong>Egidio</strong></span> <span class='ocrx_word' id='word_1_301' title='bbox 1803 3932 1845 3997; x_wconf 94' lang='lat' dir='ltr'><strong>de</strong></span> 
     </span>
     <span class='ocr_line' id='line_1_31' title="bbox 482 4034 1845 4122; baseline -0.002 -19"><span class='ocrx_word' id='word_1_302' title='bbox 482 4038 632 4118; x_wconf 75' lang='lat' dir='ltr'><strong>PuiseuS,</strong></span> <span class='ocrx_word' id='word_1_303' title='bbox 660 4057 734 4122; x_wconf 90' lang='lat' dir='ltr'><strong>cap.</strong></span> <span class='ocrx_word' id='word_1_304' title='bbox 759 4044 794 4100; x_wconf 88' lang='lat' dir='ltr'><strong>et</strong></span> <span class='ocrx_word' id='word_1_305' title='bbox 817 4036 918 4100; x_wconf 85' lang='lat' dir='ltr'><strong>famil.</strong></span> <span class='ocrx_word' id='word_1_306' title='bbox 945 4055 1022 4100; x_wconf 87' lang='lat' dir='ltr'><strong>meo</strong></span> <span class='ocrx_word' id='word_1_307' title='bbox 1045 4034 1242 4116; x_wconf 81' lang='lat' dir='ltr'><strong>domesticu,</strong></span> <span class='ocrx_word' id='word_1_308' title='bbox 1265 4036 1308 4101; x_wconf 91' lang='lat' dir='ltr'><strong>de</strong></span> <span class='ocrx_word' id='word_1_309' title='bbox 1331 4056 1406 4101; x_wconf 90' lang='lat' dir='ltr'><strong>can.</strong></span> <span class='ocrx_word' id='word_1_310' title='bbox 1429 4044 1464 4100; x_wconf 89' lang='lat' dir='ltr'><strong>et</strong></span> <span class='ocrx_word' id='word_1_311' title='bbox 1486 4038 1578 4120; x_wconf 90' lang='lat' dir='ltr'><strong>preb.</strong></span> <span class='ocrx_word' id='word_1_312' title='bbox 1601 4037 1682 4101; x_wconf 87' lang='lat' dir='ltr'><strong>eccl.</strong></span> <span class='ocrx_word' id='word_1_313' title='bbox 1707 4036 1738 4100; x_wconf 82' lang='lat' dir='ltr'><strong>S.</strong></span> <span class='ocrx_word' id='word_1_314' title='bbox 1756 4035 1845 4100; x_wconf 90' lang='lat' dir='ltr'><strong>Petri</strong></span> 
     </span>
     <span class='ocr_line' id='line_1_32' title="bbox 466 4138 1846 4224; baseline 0.002 -22"><span class='ocrx_word' id='word_1_315' title='bbox 466 4140 697 4220; x_wconf 87' lang='lat' dir='ltr'><strong>.Casletensis,</strong></span> <span class='ocrx_word' id='word_1_316' title='bbox 723 4138 892 4204; x_wconf 90' lang='lat' dir='ltr'><strong>Morinen.</strong></span> <span class='ocrx_word' id='word_1_317' title='bbox 916 4139 1013 4218; x_wconf 77' lang='lat' dir='ltr'><strong>dioc,</strong></span> <span class='ocrx_word' id='word_1_318' title='bbox 1037 4159 1111 4203; x_wconf 91' lang='lat' dir='ltr'><strong>vac.</strong></span> <span class='ocrx_word' id='word_1_319' title='bbox 1135 4147 1216 4203; x_wconf 89' lang='lat' dir='ltr'><strong>tunc</strong></span> <span class='ocrx_word' id='word_1_320' title='bbox 1231 4159 1290 4224; x_wconf 89' lang='lat' dir='ltr'><strong>per</strong></span> <span class='ocrx_word' id='word_1_321' title='bbox 1305 4150 1449 4204; x_wconf 89' lang='lat' dir='ltr'><strong>mortem</strong></span> <span class='ocrx_word' id='word_1_322' title='bbox 1472 4139 1642 4223; x_wconf 90' lang='lat' dir='ltr'><strong>quondam</strong></span> <span class='ocrx_word' id='word_1_323' title='bbox 1658 4139 1789 4205; x_wconf 93' lang='lat' dir='ltr'><strong>Odonis</strong></span> <span class='ocrx_word' id='word_1_324' title='bbox 1804 4139 1846 4205; x_wconf 89' lang='lat' dir='ltr'><strong>de</strong></span> 
     </span>
     <span class='ocr_line' id='line_1_33' title="bbox 483 4241 1845 4329; baseline -0.001 -19"><span class='ocrx_word' id='word_1_325' title='bbox 483 4245 604 4324; x_wconf 88' lang='lat' dir='ltr'><strong>Roma,</strong></span> <span class='ocrx_word' id='word_1_326' title='bbox 628 4243 778 4328; x_wconf 88' lang='lat' dir='ltr'><strong>ejusdem</strong></span> <span class='ocrx_word' id='word_1_327' title='bbox 805 4244 887 4308; x_wconf 89' lang='lat' dir='ltr'><strong>eccl.</strong></span> <span class='ocrx_word' id='word_1_328' title='bbox 913 4263 999 4320; x_wconf 71' lang='lat' dir='ltr'><strong>can,</strong></span> <span class='ocrx_word' id='word_1_329' title='bbox 1025 4241 1080 4325; x_wconf 90' lang='lat' dir='ltr'><strong>qui</strong></span> <span class='ocrx_word' id='word_1_330' title='bbox 1104 4241 1137 4306; x_wconf 91' lang='lat' dir='ltr'><strong>in</strong></span> <span class='ocrx_word' id='word_1_331' title='bbox 1162 4242 1312 4329; x_wconf 90' lang='lat' dir='ltr'><strong>partibus</strong></span> <span class='ocrx_word' id='word_1_332' title='bbox 1329 4243 1392 4307; x_wconf 90' lang='lat' dir='ltr'><strong>illis</strong></span> <span class='ocrx_word' id='word_1_333' title='bbox 1406 4243 1496 4308; x_wconf 89' lang='lat' dir='ltr'><strong>diem</strong></span> <span class='ocrx_word' id='word_1_334' title='bbox 1512 4243 1631 4309; x_wconf 88' lang='lat' dir='ltr'><strong>clausit</strong></span> <span class='ocrx_word' id='word_1_335' title='bbox 1647 4253 1845 4325; x_wconf 87' lang='lat' dir='ltr'><strong>extremum,</strong></span> 
     </span>
    </p>
   </div>
   <div class='ocr_carea' id='block_1_6' title="bbox 481 4483 1851 5279">
    <p class='ocr_par' dir='ltr' id='par_1_10' title="bbox 481 4483 1851 5279">
     <span class='ocr_line' id='line_1_34' title="bbox 516 4483 1848 4548; baseline 0 -14"><span class='ocrx_word' id='word_1_336' title='bbox 516 4489 537 4534; x_wconf 92' lang='lat'><strong>1.</strong></span> <span class='ocrx_word' id='word_1_337' title='bbox 552 4484 649 4534; x_wconf 74' lang='lat' dir='ltr'><strong>L’abbb</strong></span> <span class='ocrx_word' id='word_1_338' title='bbox 662 4484 779 4547; x_wconf 88' lang='lat' dir='ltr'><strong>Philippo</strong></span> <span class='ocrx_word' id='word_1_339' title='bbox 789 4485 875 4532; x_wconf 85' lang='lat' dir='ltr'><strong>obtint</strong></span> <span class='ocrx_word' id='word_1_340' title='bbox 888 4498 938 4532; x_wconf 86' lang='lat' dir='ltr'><strong>unc</strong></span> <span class='ocrx_word' id='word_1_341' title='bbox 949 4483 1026 4531; x_wconf 84' lang='lat' dir='ltr'><strong>lettre</strong></span> <span class='ocrx_word' id='word_1_342' title='bbox 1035 4483 1228 4544; x_wconf 83' lang='lat' dir='ltr'><strong>‹l&#39;indulgences</strong></span> <span class='ocrx_word' id='word_1_343' title='bbox 1245 4483 1268 4532; x_wconf 87' lang='lat' dir='ltr'><strong>le</strong></span> <span class='ocrx_word' id='word_1_344' title='bbox 1284 4484 1367 4533; x_wconf 74' lang='lat' dir='ltr'><strong>meme</strong></span> <span class='ocrx_word' id='word_1_345' title='bbox 1382 4483 1441 4545; x_wconf 84' lang='lat' dir='ltr'><strong>jour</strong></span> <span class='ocrx_word' id='word_1_346' title='bbox 1458 4485 1535 4548; x_wconf 72' lang='lat' dir='ltr'><strong>(Reo.</strong></span> <span class='ocrx_word' id='word_1_347' title='bbox 1548 4486 1624 4534; x_wconf 76' lang='lat' dir='ltr'><strong>Acin.</strong></span> <span class='ocrx_word' id='word_1_348' title='bbox 1642 4487 1679 4544; x_wconf 83' lang='grc'><strong>78,</strong></span> <span class='ocrx_word' id='word_1_349' title='bbox 1692 4486 1710 4535; x_wconf 80' lang='lat' dir='ltr'><strong>i.</strong></span> <span class='ocrx_word' id='word_1_350' title='bbox 1723 4488 1848 4548; x_wconf 58' lang='grc'>3691).-</span> 
     </span>
     <span class='ocr_line' id='line_1_35' title="bbox 481 4556 1847 4622; baseline 0.001 -14"><span class='ocrx_word' id='word_1_351' title='bbox 481 4564 503 4608; x_wconf 76' lang='grc'><strong>2.</strong></span> <span class='ocrx_word' id='word_1_352' title='bbox 517 4560 626 4621; x_wconf 69' lang='lat' dir='ltr'><strong>L&#39;tglise</strong></span> <span class='ocrx_word' id='word_1_353' title='bbox 637 4558 670 4606; x_wconf 85' lang='lat' dir='ltr'><strong>de</strong></span> <span class='ocrx_word' id='word_1_354' title='bbox 682 4556 882 4607; x_wconf 76' lang='lat' dir='ltr'><strong>Sto-Genevieve</strong></span> <span class='ocrx_word' id='word_1_355' title='bbox 893 4559 964 4606; x_wconf 84' lang='lat' dir='ltr'><strong>avait</strong></span> <span class='ocrx_word' id='word_1_356' title='bbox 975 4556 1016 4605; x_wconf 72' lang='lat' dir='ltr'><strong>ete</strong></span> <span class='ocrx_word' id='word_1_357' title='bbox 1027 4557 1127 4605; x_wconf 76' lang='lat' dir='ltr'><strong>donuee</strong></span> <span class='ocrx_word' id='word_1_358' title='bbox 1138 4560 1154 4604; x_wconf 78' lang='lat' dir='ltr'><strong>b</strong></span> <span class='ocrx_word' id='word_1_359' title='bbox 1165 4556 1284 4619; x_wconf 83' lang='lat' dir='ltr'><strong>l&#39;abbaye</strong></span> <span class='ocrx_word' id='word_1_360' title='bbox 1294 4557 1327 4606; x_wconf 86' lang='lat' dir='ltr'><strong>de</strong></span> <span class='ocrx_word' id='word_1_361' title='bbox 1339 4557 1482 4607; x_wconf 71' lang='lat' dir='ltr'><strong>SbNicniso</strong></span> <span class='ocrx_word' id='word_1_362' title='bbox 1493 4559 1525 4608; x_wconf 90' lang='lat' dir='ltr'><strong>de</strong></span> <span class='ocrx_word' id='word_1_363' title='bbox 1545 4560 1631 4607; x_wconf 84' lang='lat' dir='ltr'><strong>lleims</strong></span> <span class='ocrx_word' id='word_1_364' title='bbox 1649 4573 1697 4622; x_wconf 87' lang='lat' dir='ltr'><strong>par</strong></span> <span class='ocrx_word' id='word_1_365' title='bbox 1716 4561 1796 4608; x_wconf 81' lang='lat' dir='ltr'><strong>Alard</strong></span> <span class='ocrx_word' id='word_1_366' title='bbox 1815 4561 1847 4609; x_wconf 84' lang='lat' dir='ltr'><strong>de</strong></span> 
     </span>
     <span class='ocr_line' id='line_1_36' title="bbox 482 4629 1846 4693; baseline 0 -12"><span class='ocrx_word' id='word_1_367' title='bbox 482 4634 582 4681; x_wconf 81' lang='lat' dir='ltr'><strong>Chimni</strong></span> <span class='ocrx_word' id='word_1_368' title='bbox 595 4639 623 4681; x_wconf 86' lang='lat' dir='ltr'><strong>ct·</strong></span> <span class='ocrx_word' id='word_1_369' title='bbox 634 4631 767 4680; x_wconf 80' lang='lat' dir='ltr'><strong>salernme</strong></span> <span class='ocrx_word' id='word_1_370' title='bbox 779 4630 897 4689; x_wconf 82' lang='lat' dir='ltr'><strong>Basilide,</strong></span> <span class='ocrx_word' id='word_1_371' title='bbox 919 4645 978 4678; x_wconf 84' lang='lat' dir='ltr'><strong>sous</strong></span> <span class='ocrx_word' id='word_1_372' title='bbox 997 4630 1021 4678; x_wconf 84' lang='lat' dir='ltr'><strong>lo</strong></span> <span class='ocrx_word' id='word_1_373' title='bbox 1039 4636 1242 4690; x_wconf 77' lang='lat' dir='ltr'><strong>gouvcrnement</strong></span> <span class='ocrx_word' id='word_1_374' title='bbox 1262 4629 1388 4689; x_wconf 85' lang='lat' dir='ltr'><strong>d&#39;Otbert,</strong></span> <span class='ocrx_word' id='word_1_375' title='bbox 1410 4630 1506 4692; x_wconf 72' lang='lat' dir='ltr'><strong>bneque</strong></span> <span class='ocrx_word' id='word_1_376' title='bbox 1526 4632 1558 4681; x_wconf 82' lang='lat' dir='ltr'><strong>dc</strong></span> <span class='ocrx_word' id='word_1_377' title='bbox 1578 4631 1846 4693; x_wconf 72' lang='lat' dir='ltr'><strong>Liege.L&#39;bvtu1uedc</strong></span> 
     </span>
     <span class='ocr_line' id='line_1_37' title="bbox 483 4703 1847 4768; baseline -0.001 -13"><span class='ocrx_word' id='word_1_378' title='bbox 483 4705 559 4767; x_wconf 55' lang='lat' dir='ltr'><strong>hilare</strong></span> <span class='ocrx_word' id='word_1_379' title='bbox 573 4706 654 4754; x_wconf 81' lang='lat' dir='ltr'><strong>Henri</strong></span> <span class='ocrx_word' id='word_1_380' title='bbox 665 4719 798 4768; x_wconf 82' lang='lat' dir='ltr'><strong>approuva</strong></span> <span class='ocrx_word' id='word_1_381' title='bbox 809 4709 878 4753; x_wconf 84' lang='lat' dir='ltr'><strong>cette</strong></span> <span class='ocrx_word' id='word_1_382' title='bbox 886 4704 1010 4751; x_wconf 87' lang='lat' dir='ltr'><strong>donation</strong></span> <span class='ocrx_word' id='word_1_383' title='bbox 1018 4717 1050 4751; x_wconf 87' lang='lat' dir='ltr'><strong>en</strong></span> <span class='ocrx_word' id='word_1_384' title='bbox 1062 4704 1123 4751; x_wconf 82' lang='grc'>1148</span> <span class='ocrx_word' id='word_1_385' title='bbox 1133 4703 1265 4765; x_wconf 74' lang='lat' dir='ltr'><strong>(Minveus,</strong></span> <span class='ocrx_word' id='word_1_386' title='bbox 1280 4703 1327 4766; x_wconf 82' lang='lat' dir='ltr'><strong>Op.</strong></span> <span class='ocrx_word' id='word_1_387' title='bbox 1334 4703 1406 4766; x_wconf 77' lang='lat' dir='ltr'><strong>dipl,</strong></span> <span class='ocrx_word' id='word_1_388' title='bbox 1415 4705 1465 4764; x_wconf 86' lang='grc' dir='ltr'>ΙΙΙ,</span> <span class='ocrx_word' id='word_1_389' title='bbox 1479 4707 1607 4767; x_wconf 74' lang='grc'>6684169).</span> <span class='ocrx_word' id='word_1_390' title='bbox 1617 4705 1666 4754; x_wconf 78' lang='lat' dir='ltr'><strong>les</strong></span> <span class='ocrx_word' id='word_1_391' title='bbox 1682 4706 1805 4754; x_wconf 78' lang='lat' dir='ltr'><strong>Archives</strong></span> <span class='ocrx_word' id='word_1_392' title='bbox 1815 4706 1847 4754; x_wconf 86' lang='lat' dir='ltr'><strong>de</strong></span> 
     </span>
     <span class='ocr_line' id='line_1_38' title="bbox 483 4776 1846 4841; baseline -0.001 -14"><span class='ocrx_word' id='word_1_393' title='bbox 483 4781 573 4836; x_wconf 84' lang='lat' dir='ltr'><strong>l&#39;Etat,</strong></span> <span class='ocrx_word' id='word_1_394' title='bbox 587 4783 603 4827; x_wconf 79' lang='lat' dir='ltr'><strong>a</strong></span> <span class='ocrx_word' id='word_1_395' title='bbox 617 4778 697 4837; x_wconf 63' lang='lat' dir='ltr'><strong>Mona</strong></span> <span class='ocrx_word' id='word_1_396' title='bbox 718 4776 854 4841; x_wconf 74' lang='lat' dir='ltr'><strong>possbvlent</strong></span> <span class='ocrx_word' id='word_1_397' title='bbox 866 4792 917 4825; x_wconf 86' lang='lat' dir='ltr'><strong>une</strong></span> <span class='ocrx_word' id='word_1_398' title='bbox 927 4780 1000 4839; x_wconf 89' lang='lat' dir='ltr'><strong>copie</strong></span> <span class='ocrx_word' id='word_1_399' title='bbox 1010 4776 1122 4825; x_wconf 67' lang='lat' dir='ltr'><strong>‹ldivrtu</strong></span> <span class='ocrx_word' id='word_1_400' title='bbox 1133 4792 1181 4840; x_wconf 79' lang='lat' dir='ltr'><strong>par</strong></span> <span class='ocrx_word' id='word_1_401' title='bbox 1201 4778 1226 4825; x_wconf 86' lang='lat' dir='ltr'><strong>la</strong></span> <span class='ocrx_word' id='word_1_402' title='bbox 1245 4791 1308 4825; x_wconf 91' lang='lat' dir='ltr'><strong>cour</strong></span> <span class='ocrx_word' id='word_1_403' title='bbox 1327 4776 1533 4841; x_wconf 78' lang='lat' dir='ltr'><strong>metropolitains</strong></span> <span class='ocrx_word' id='word_1_404' title='bbox 1551 4780 1584 4828; x_wconf 87' lang='lat' dir='ltr'><strong>do</strong></span> <span class='ocrx_word' id='word_1_405' title='bbox 1603 4780 1696 4838; x_wconf 85' lang='lat' dir='ltr'><strong>Reims,</strong></span> <span class='ocrx_word' id='word_1_406' title='bbox 1709 4780 1733 4827; x_wconf 91' lang='lat' dir='ltr'><strong>le</strong></span> <span class='ocrx_word' id='word_1_407' title='bbox 1745 4782 1776 4827; x_wconf 80' lang='grc'><strong>26</strong></span> <span class='ocrx_word' id='word_1_408' title='bbox 1788 4794 1846 4826; x_wconf 79' lang='lat' dir='ltr'><strong>nov.</strong></span> 
     </span>
     <span class='ocr_line' id='line_1_39' title="bbox 483 4850 1847 4914; baseline -0.003 -12"><span class='ocrx_word' id='word_1_409' title='bbox 483 4857 553 4911; x_wconf 77' lang='grc'>1345,</span> <span class='ocrx_word' id='word_1_410' title='bbox 566 4853 599 4901; x_wconf 83' lang='lat' dir='ltr'><strong>dc</strong></span> <span class='ocrx_word' id='word_1_411' title='bbox 611 4853 637 4900; x_wconf 79' lang='lat' dir='ltr'><strong>la</strong></span> <span class='ocrx_word' id='word_1_412' title='bbox 648 4852 718 4901; x_wconf 89' lang='lat' dir='ltr'><strong>bulle</strong></span> <span class='ocrx_word' id='word_1_413' title='bbox 729 4852 836 4900; x_wconf 87' lang='lat' dir='ltr'><strong>d’union</strong></span> <span class='ocrx_word' id='word_1_414' title='bbox 848 4851 884 4898; x_wconf 88' lang='lat' dir='ltr'><strong>du</strong></span> <span class='ocrx_word' id='word_1_415' title='bbox 897 4852 911 4897; x_wconf 85' lang='grc'>4</span> <span class='ocrx_word' id='word_1_416' title='bbox 923 4851 1062 4899; x_wconf 85' lang='lat' dir='ltr'><strong>novembre</strong></span> <span class='ocrx_word' id='word_1_417' title='bbox 1075 4852 1144 4910; x_wconf 82' lang='grc'>1344,</span> <span class='ocrx_word' id='word_1_418' title='bbox 1156 4852 1223 4900; x_wconf 85' lang='lat' dir='ltr'><strong>ainsi</strong></span> <span class='ocrx_word' id='word_1_419' title='bbox 1235 4867 1285 4912; x_wconf 87' lang='lat' dir='ltr'><strong>quc</strong></span> <span class='ocrx_word' id='word_1_420' title='bbox 1296 4857 1388 4912; x_wconf 87' lang='lat' dir='ltr'><strong>quatre</strong></span> <span class='ocrx_word' id='word_1_421' title='bbox 1408 4852 1511 4902; x_wconf 76' lang='lat' dir='ltr'><strong>chartea</strong></span> <span class='ocrx_word' id='word_1_422' title='bbox 1521 4852 1657 4914; x_wconf 76' lang='lat' dir='ltr'><strong>originales</strong></span> <span class='ocrx_word' id='word_1_423' title='bbox 1668 4852 1704 4899; x_wconf 93' lang='lat' dir='ltr'><strong>du</strong></span> <span class='ocrx_word' id='word_1_424' title='bbox 1717 4854 1748 4899; x_wconf 79' lang='grc'><strong>15</strong></span> <span class='ocrx_word' id='word_1_425' title='bbox 1760 4850 1847 4912; x_wconf 84' lang='lat' dir='ltr'><strong>juillet</strong></span> 
     </span>
     <span class='ocr_line' id='line_1_40' title="bbox 484 4924 1849 4988; baseline -0.001 -14"><span class='ocrx_word' id='word_1_426' title='bbox 484 4929 547 4975; x_wconf 80' lang='grc'>1345</span> <span class='ocrx_word' id='word_1_427' title='bbox 557 4941 592 4974; x_wconf 82' lang='lat' dir='ltr'><strong>au</strong></span> <span class='ocrx_word' id='word_1_428' title='bbox 605 4928 637 4973; x_wconf 75' lang='lat'><strong>22</strong></span> <span class='ocrx_word' id='word_1_429' title='bbox 648 4927 699 4973; x_wconf 85' lang='lat' dir='ltr'><strong>mai</strong></span> <span class='ocrx_word' id='word_1_430' title='bbox 713 4927 775 4974; x_wconf 71' lang='grc'>1346</span> <span class='ocrx_word' id='word_1_431' title='bbox 786 4924 962 4986; x_wconf 75' lang='lat' dir='ltr'><strong>d’llngelbert,</strong></span> <span class='ocrx_word' id='word_1_432' title='bbox 975 4924 1014 4973; x_wconf 72' lang='lat' dir='ltr'><strong>ev.</strong></span> <span class='ocrx_word' id='word_1_433' title='bbox 1025 4925 1058 4974; x_wconf 88' lang='lat' dir='ltr'><strong>de</strong></span> <span class='ocrx_word' id='word_1_434' title='bbox 1070 4924 1152 4986; x_wconf 73' lang='lat' dir='ltr'><strong>Libge,</strong></span> <span class='ocrx_word' id='word_1_435' title='bbox 1173 4925 1244 4974; x_wconf 86' lang='lat' dir='ltr'><strong>etde</strong></span> <span class='ocrx_word' id='word_1_436' title='bbox 1263 4924 1438 4974; x_wconf 84' lang='lat' dir='ltr'><strong>l&#39;archidincre</strong></span> <span class='ocrx_word' id='word_1_437' title='bbox 1458 4926 1539 4975; x_wconf 88' lang='lat' dir='ltr'><strong>Henri</strong></span> <span class='ocrx_word' id='word_1_438' title='bbox 1551 4926 1720 4988; x_wconf 73' lang='lat' dir='ltr'><strong>(Suderman)</strong></span> <span class='ocrx_word' id='word_1_439' title='bbox 1737 4925 1770 4975; x_wconf 90' lang='lat' dir='ltr'><strong>de</strong></span> <span class='ocrx_word' id='word_1_440' title='bbox 1791 4926 1849 4973; x_wconf 82' lang='lat' dir='ltr'><strong>Ter·</strong></span> 
     </span>
     <span class='ocr_line' id='line_1_41' title="bbox 483 4998 1850 5063; baseline 0.001 -15"><span class='ocrx_word' id='word_1_441' title='bbox 483 5003 587 5061; x_wconf 68' lang='lat' dir='ltr'><strong>nnsigne</strong></span> <span class='ocrx_word' id='word_1_442' title='bbox 599 4999 719 5047; x_wconf 77' lang='lat' dir='ltr'><strong>relatives</strong></span> <span class='ocrx_word' id='word_1_443' title='bbox 730 5001 746 5046; x_wconf 76' lang='lat' dir='ltr'><strong>h</strong></span> <span class='ocrx_word' id='word_1_444' title='bbox 757 5004 825 5047; x_wconf 84' lang='lat' dir='ltr'><strong>cette</strong></span> <span class='ocrx_word' id='word_1_445' title='bbox 837 5001 918 5047; x_wconf 88' lang='lat' dir='ltr'><strong>union</strong></span> <span class='ocrx_word' id='word_1_446' title='bbox 930 4999 1169 5060; x_wconf 69' lang='lat' dir='ltr'><strong>(Renseigncments</strong></span> <span class='ocrx_word' id='word_1_447' title='bbox 1179 4998 1228 5046; x_wconf 87' lang='lat' dir='ltr'><strong>dus</strong></span> <span class='ocrx_word' id='word_1_448' title='bbox 1247 5001 1262 5046; x_wconf 80' lang='lat' dir='ltr'><strong>h</strong></span> <span class='ocrx_word' id='word_1_449' title='bbox 1280 4999 1306 5047; x_wconf 90' lang='lat' dir='ltr'><strong>ln</strong></span> <span class='ocrx_word' id='word_1_450' title='bbox 1317 4999 1501 5048; x_wconf 81' lang='lat' dir='ltr'><strong>bienveillance</strong></span> <span class='ocrx_word' id='word_1_451' title='bbox 1511 5000 1544 5048; x_wconf 83' lang='lat' dir='ltr'><strong>de</strong></span> <span class='ocrx_word' id='word_1_452' title='bbox 1561 4999 1596 5048; x_wconf 88' lang='lat' dir='ltr'><strong>M.</strong></span> <span class='ocrx_word' id='word_1_453' title='bbox 1614 4999 1691 5063; x_wconf 67' lang='lat' dir='ltr'><strong>Mcp.</strong></span> <span class='ocrx_word' id='word_1_454' title='bbox 1705 5000 1850 5060; x_wconf 77' lang='lat' dir='ltr'><strong>Devillcra).</strong></span> 
     </span>
     <span class='ocr_line' id='line_1_42' title="bbox 482 5071 1851 5135; baseline -0.001 -13"><span class='ocrx_word' id='word_1_455' title='bbox 482 5076 520 5122; x_wconf 71' lang='lat' dir='ltr'><strong>la</strong></span> <span class='ocrx_word' id='word_1_456' title='bbox 532 5072 604 5121; x_wconf 87' lang='lat' dir='ltr'><strong>bulle</strong></span> <span class='ocrx_word' id='word_1_457' title='bbox 614 5072 647 5120; x_wconf 90' lang='lat' dir='ltr'><strong>‹le</strong></span> <span class='ocrx_word' id='word_1_458' title='bbox 659 5071 777 5121; x_wconf 77' lang='lat' dir='ltr'><strong>Clemcnt</strong></span> <span class='ocrx_word' id='word_1_459' title='bbox 788 5072 826 5120; x_wconf 89' lang='lat' dir='ltr'><strong>Vl</strong></span> <span class='ocrx_word' id='word_1_460' title='bbox 838 5071 972 5135; x_wconf 88' lang='lat' dir='ltr'><strong>reproduit</strong></span> <span class='ocrx_word' id='word_1_461' title='bbox 983 5072 1009 5120; x_wconf 89' lang='lat' dir='ltr'><strong>ln</strong></span> <span class='ocrx_word' id='word_1_462' title='bbox 1028 5072 1104 5120; x_wconf 87' lang='lat' dir='ltr'><strong>lettre</strong></span> <span class='ocrx_word' id='word_1_463' title='bbox 1123 5072 1156 5120; x_wconf 89' lang='lat' dir='ltr'><strong>dc</strong></span> <span class='ocrx_word' id='word_1_464' title='bbox 1182 5072 1297 5132; x_wconf 76' lang='lat' dir='ltr'><strong>l&#39;bquue</strong></span> <span class='ocrx_word' id='word_1_465' title='bbox 1316 5071 1434 5135; x_wconf 85' lang='lat' dir='ltr'><strong>Adolphe</strong></span> <span class='ocrx_word' id='word_1_466' title='bbox 1453 5073 1485 5120; x_wconf 90' lang='lat' dir='ltr'><strong>‹le</strong></span> <span class='ocrx_word' id='word_1_467' title='bbox 1505 5072 1582 5133; x_wconf 65' lang='lat' dir='ltr'><strong>Iriego</strong></span> <span class='ocrx_word' id='word_1_468' title='bbox 1600 5072 1636 5120; x_wconf 94' lang='lat' dir='ltr'><strong>du</strong></span> <span class='ocrx_word' id='word_1_469' title='bbox 1654 5075 1668 5120; x_wconf 83' lang='grc'><strong>8</strong></span> <span class='ocrx_word' id='word_1_470' title='bbox 1680 5072 1737 5134; x_wconf 84' lang='lat' dir='ltr'><strong>juin</strong></span> <span class='ocrx_word' id='word_1_471' title='bbox 1750 5075 1813 5121; x_wconf 82' lang='grc'>1343</span> <span class='ocrx_word' id='word_1_472' title='bbox 1824 5080 1851 5122; x_wconf 86' lang='lat' dir='ltr'><strong>ot</strong></span> 
     </span>
     <span class='ocr_line' id='line_1_43' title="bbox 481 5143 1851 5208; baseline -0.002 -12"><span class='ocrx_word' id='word_1_473' title='bbox 481 5147 546 5196; x_wconf 83' lang='lat' dir='ltr'><strong>celle</strong></span> <span class='ocrx_word' id='word_1_474' title='bbox 557 5145 593 5192; x_wconf 87' lang='lat' dir='ltr'><strong>de</strong></span> <span class='ocrx_word' id='word_1_475' title='bbox 605 5143 780 5194; x_wconf 78' lang='lat' dir='ltr'><strong>l&#39;archidiacre</strong></span> <span class='ocrx_word' id='word_1_476' title='bbox 792 5145 874 5193; x_wconf 85' lang='lat' dir='ltr'><strong>Heuri</strong></span> <span class='ocrx_word' id='word_1_477' title='bbox 886 5144 918 5192; x_wconf 87' lang='lat' dir='ltr'><strong>de</strong></span> <span class='ocrx_word' id='word_1_478' title='bbox 931 5145 1061 5191; x_wconf 79' lang='lat' dir='ltr'><strong>Tremonia</strong></span> <span class='ocrx_word' id='word_1_479' title='bbox 1074 5144 1110 5191; x_wconf 86' lang='lat' dir='ltr'><strong>du</strong></span> <span class='ocrx_word' id='word_1_480' title='bbox 1124 5148 1154 5191; x_wconf 80' lang='lat' dir='ltr'><strong>lb</strong></span> <span class='ocrx_word' id='word_1_481' title='bbox 1165 5145 1309 5207; x_wconf 79' lang='lat' dir='ltr'><strong>septembre</strong></span> <span class='ocrx_word' id='word_1_482' title='bbox 1329 5146 1433 5192; x_wconf 85' lang='lat' dir='ltr'><strong>suivant</strong></span> <span class='ocrx_word' id='word_1_483' title='bbox 1453 5143 1528 5208; x_wconf 64' lang='lat' dir='ltr'><strong>(neq.</strong></span> <span class='ocrx_word' id='word_1_484' title='bbox 1541 5145 1617 5192; x_wconf 73' lang='lat' dir='ltr'><strong>Arm.</strong></span> <span class='ocrx_word' id='word_1_485' title='bbox 1639 5148 1676 5202; x_wconf 71' lang='lat' dir='ltr'><strong>ill,</strong></span> <span class='ocrx_word' id='word_1_486' title='bbox 1689 5146 1718 5194; x_wconf 82' lang='lat' dir='ltr'><strong>ff.</strong></span> <span class='ocrx_word' id='word_1_487' title='bbox 1731 5149 1762 5191; x_wconf 77' lang='lat' dir='ltr'><strong>ltu</strong></span> <span class='ocrx_word' id='word_1_488' title='bbox 1776 5147 1851 5208; x_wconf 78' lang='lat'><strong>·73&#39;).</strong></span> 
     </span>
     <span class='ocr_line' id='line_1_44' title="bbox 527 5218 958 5279; baseline -0.002 -12.093"><span class='ocrx_word' id='word_1_489' title='bbox 527 5222 551 5267; x_wconf 76' lang='lat'><strong>3.</strong></span> <span class='ocrx_word' id='word_1_490' title='bbox 567 5218 766 5279; x_wconf 70' lang='lat' dir='ltr'><strong>Hugucs&#39;ilogtr</strong></span> <span class='ocrx_word' id='word_1_491' title='bbox 780 5235 786 5268; x_wconf 89' lang='lat'><strong>:</strong></span> <span class='ocrx_word' id='word_1_492' title='bbox 799 5221 854 5266; x_wconf 88' lang='lat' dir='ltr'><strong>voir</strong></span> <span class='ocrx_word' id='word_1_493' title='bbox 865 5233 891 5267; x_wconf 91' lang='lat' dir='ltr'><strong>n.</strong></span> <span class='ocrx_word' id='word_1_494' title='bbox 903 5220 958 5267; x_wconf 75' lang='lat'><strong>395.</strong></span> 
     </span>
    </p>
   </div>
   <div class='ocr_carea' id='block_1_7' title="bbox 0 0 2330 6057">
    <p class='ocr_par' dir='ltr' id='par_1_11' title="bbox 0 0 2330 6057">
     <span class='ocr_line' id='line_1_45' title="bbox 0 0 2330 6057; baseline 0 0"><span class='ocrx_word' id='word_1_495' title='bbox 0 0 2330 6057; x_wconf 95' lang='lat' dir='ltr'><strong> </strong></span> 
     </span>
    </p>
   </div>
  </div>
 </body>
</html>
