4650 6059
997 762 1086 858 lert,
1108 764 1180 848 ler-a
1196 761 1307 866 tullltt·
1778 762 1837 850 tlt

497 940 694 1033 linrmanuie,
721 943 814 1038 quat.
841 949 903 1019 sibi
929 949 964 1018 in
985 970 1172 1042 ¹personam
1199 947 1314 1020 dilecti
1335 948 1384 1018 sui
1409 945 1519 1045 fratris
1546 925 1682 1019 Nicolai
1697 947 1741 1018 dd
1756 935 1835 1018 Ber·

496 1053 566 1123 nolio
580 1065 598 1139 ¹,
624 1050 786 1125 monachi
817 1059 973 1144 expresse
996 1052 1135 1143 professi
1165 1048 1359 1123 monasterii
1386 1045 1418 1121 S.
1444 1051 1544 1122 Be'rte
1574 1054 1617 1123 de
1641 1053 1835 1142 Blangiaeo,

498 1156 640 1228 llorinen.
655 1155 753 1243 dioc,
768 1160 811 1228 Ο.
827 1157 922 1244 S.,B.,
939 1160 1177 1248 consanguinei
1193 1162 1271 1228 bon.
1283 1179 1383 1227 mem.
1406 1159 1497 1226 dom.
1515 1159 1670 1256 Hugonis'
1686 1157 1835 1243 Kuereti,

497 1259 642 1349 quondam
665 1263 783 1332 militis
808 1264 868 1347 sui,
884 1278 946 1353 pro
962 1284 1029 1351 quo
1054 1264 1136 1333 alias
1151 1265 1214 1353 ipsl
1229 1285 1287 1332 rex
1303 1269 1338 1332 et
1364 1263 1432 1332 dux
1448 1263 1479 1331 S.
1496 1263 1536 1331 V.
1553 1264 1834 1363 supplicaverunt,

496 1367 651 1454 specialem
659 1367 810 1455 graciam
821 1368 982 1436 facientes
991 1367 1034 1436 de
1045 1369 1194 1457 prioratu
1204 1368 1247 1437 de
1257 1367 1481 1457 Alteya,dicti
1492 1368 1835 1452 ordinis,Ambianen.

496 1467 569 1555 dioc,
583 1493 604 1542 a
627 1471 835 1540 monasterio
852 1469 1073 1556 Molismensl,
1089 1472 1239 1560 ejusdem
1255 1471 1388 1553 ordinis,
1402 1471 1589 1560 Lingonent
1601 1475 1699 1554 dioc„
1709 1472 1835 1561 depen-

495 1571 582 1660 iente,
612 1595 690 1645 rac.
718 1593 780 1665 per
809 1579 864 1644 ob.
891 1578 1000 1643 ultimi
1025 1576 1144 1665 prioris
1170 1576 1330 1665 ejusdem,
1355 1577 1411 1662 qui
1447 1576 1573 1645 dudum
1609 1585 1703 1645 extra
1734 1578 1834 1646 Rom.

464 1731 466 1738 .
494 1677 596 1749 cutiam
610 1681 703 1752 diem
719 1681 839 1750 clausit
854 1690 1053 1766 extremum,
1060 1682 1170 1751 eidem
1179 1682 1274 1751 fratri
1291 1669 1436 1751 Nicolao
1451 1678 1632 1770 dignemini
1647 1670 1834 1771 prouidere.

493 1821 518 1839 -
533 1783 606 1855 Fiat
623 1784 665 1855 R.
681 1806 759 1855 cum
775 1786 1003 1855 translatione.

520 1890 595 1961 Dat.
610 1889 711 1961 Arin.
726 1889 795 1960 kal.
806 1892 880 1981 iulii
896 1898 930 1960 a⁰
946 1896 988 1961 6⁰.
1002 1894 1072 1979 (13,
1090 1892 1174 1979 76').

528 2029 662 2115 1222.
1500 2060 1596 2130 1347,
1609 2031 1651 2110 1el
1667 2032 1790 2125 juillet.

516 2148 628 2238 Sign...
643 2147 664 2229 J
666 2148 820 2218 ohannes
835 2137 951 2217 Karoli
975 2150 1014 2216 de
1030 2148 1213 2216 Cameraco
1228 2159 1248 2232 ²,
1261 2148 1293 2216 S.
1310 2133 1460 2217 Ursmari
1476 2143 1661 2231 Lobiensis,
1678 2145 1834 2214 Camera-

484 2255 655 2336 cen.di0c.‚
672 2262 707 2321 et
722 2254 833 2321 Adam
847 2254 890 2320 de
906 2254 1055 2321 Vitriaco
1064 2264 1085 2336 ³,
1098 2254 1130 2321 S.
1146 2239 1262 2320 Crucis
1278 2254 1496 2322 Cameracen.
1508 2250 1723 2321 ecclesiarum
1734 2250 1834 2318 colle-

480 2360 637 2456 giatarum
653 2359 808 2427 canonici
824 2359 1020 2446 prebendati
1037 2359 1127 2441 olim,
1141 2359 1232 2445 quod
1243 2357 1305 2445 ipsi
1318 2358 1428 2426 dictos
1440 2379 1514 2426 can.
1530 2365 1565 2424 et
1580 2357 1683 2445 preb„
1700 2377 1784 2442 quos
1799 2355 1832 2421 in

477 2459 597 2532 eisdem
612 2464 765 2533 eeclesiis
779 2464 990 2547 obtinebant,
1003 2487 1044 2531 ex
1060 2465 1159 2531 certis
1176 2464 1282 2531 causis
1293 2464 1391 2549 justis
1415 2473 1450 2532 ct
1464 2463 1622 2549 legitimis
1637 2470 1672 2528 et
1687 2461 1833 2527 rationa-

475 2569 590 2637 bilibus
610 2567 819 2638 inmanibus
835 2568 876 2636 R.
893 2567 930 2637 P.
947 2558 1120 2657 Stephani,
1136 2557 1237 2657 episc.
1254 2567 1285 2636 S.
1303 2564 1420 2638 Poncll
1442 2565 1707 2649 Thomeriarum,
1725 2585 1834 2632 eame-

474 2675 547 2742 rarii
571 2669 687 2757 vestrl,
703 2691 806 2742 causa
832 2671 1095 2762 pennutacionis
1109 2672 1218 2740 solum
1233 2672 1275 2741 ad
1290 2672 1437 2744 invicem
1453 2667 1606 2740 faciende
1621 2669 1711 2758 apud
1720 2668 1834 2737 sedem

475 2787 582 2868 apost.
597 2777 864 2866 resignaverunt,
880 2787 916 2846 et
940 2776 1029 2845 idem
1053 2774 1230 2866 episeopus
1254 2776 1362 2846 dictas
1387 2776 1634 2863 resignaciones
1649 2773 1777 2861 recepit
1792 2773 1834 2839 de

475 2879 638 2954 mandato
653 2881 686 2951 S.
702 2879 743 2952 V.
758 2879 837 2951 vire
852 2881 945 2950 vocis
969 2880 1105 2950 oraculo
1120 2881 1182 2950 sibi
1197 2881 1298 2950 facto.
1319 2882 1432 2968 Quare
1455 2900 1551 2968 supp.
1566 2879 1648 2947 dicti
1663 2877 1836 2957 Johannes

476 2983 637 3058 etAdam
652 2992 744 3075 quat.
769 2983 879 3055 eidem
903 2983 1050 3067 Johanni
1073 2984 1188 3054 Karoli
1217 2985 1260 3054 de
1287 3006 1360 3055 can.
1388 2991 1423 3053 et
1448 2986 1540 3073 preb.
1564 2982 1646 3051 eccl.
1674 2982 1706 3050 S.
1722 2979 1837 3050 Crucis

476 3089 693 3164 cameracen.
721 3099 756 3160 et
785 3091 878 3160 dieto
905 3090 1016 3158 Adam
1043 3090 1085 3157 de
1110 3110 1185 3157 can.
1209 3097 1244 3156 et
1275 3092 1368 3177 preb.
1391 3088 1423 3156 S.
1451 3086 1602 3156 Ursmari
1630 3084 1836 3155 Lobiensis..

475 3197 658 3286 dignemini
684 3196 903 3286 providere...
933 3215 1002 3261 non
1032 3198 1117 3261 obst.
1148 3194 1239 3281 quod
1264 3194 1353 3261 idem
1377 3191 1396 3272 J
1400 3194 1550 3260 ohannes
1579 3189 1731 3280 parroch.
1754 3190 1836 3260 eccl.

475 3299 504 3368 S.
517 3298 659 3368 Martini
675 3297 719 3367 de
731 3299 964 3367 Hanniecourt
977 3308 1012 3366 et
1021 3306 1237 3386 personatum
1250 3297 1501 3385 deVygnehies,
1515 3298 1725 3364 Cameracen.
1738 3284 1836 3380 dioc,

475 3415 513 3472 tc
524 3413 727 3493 perpetuam
744 3403 965 3492 capellaniam
989 3403 1021 3468 in
1039 3403 1121 3470 eccl.
1138 3402 1363 3485 cameracen,
1383 3410 1418 3469 et
1443 3402 1552 3470 dictus
1567 3402 1679 3469 Adam
1695 3402 1727 3467 in
1754 3403 1836 3469 eccl.

475 3505 505 3575 S.
517 3505 697 3594 Gaugerici
715 3508 932 3575 Cameracen.
949 3526 1022 3575 can.
1039 3515 1073 3574 et
1100 3509 1192 3594 preb.
1209 3507 1361 3574 obtinere
1381 3517 1575 3577 noscuntur.
1602 3548 1646 3559 —
1673 3505 1750 3573 Fiat
1776 3526 1837 3594 pro

476 3620 628 3699 utroque.
646 3610 688 3679 R.
1414 3613 1418 3622 '

517 3715 598 3784 Dat.
615 3716 715 3784 Ario.
730 3714 798 3784 kal.
810 3716 883 3803 julii
896 3724 931 3783 a⁰
948 3721 989 3784 6⁰.
1004 3720 1073 3803 (13,
1091 3719 1174 3804 80').

527 3851 666 3937 1223
1526 3888 1622 3955 1347,
1636 3892 1657 3953 3
1668 3867 1792 3953 juillet.

516 3973 644 4061 Supp...
660 3970 835 4051 Johannes
850 3969 1064 4059 Voghelare⁴,
1080 3974 1189 4059 presb.
1208 3968 1376 4038 Morinen.
1392 3970 1569 4053 dioc.,cler.
1587 3972 1626 4040 R.
1643 3972 1680 4040 P.
1700 3965 1837 4060 [Petri],

476 4080 576 4167 episc.
593 4076 795 4160 Sabinensis,
823 4075 1011 4158 cardinalis,
1036 4085 1127 4163 quat.
1153 4076 1246 4143 sibi...
1263 4077 1305 4143 de
1320 4076 1502 4143 medietate
1528 4074 1680 4163 parroch.
1697 4074 1838 4143 ecclesie

477 4184 506 4251 S.
523 4182 673 4250 Bavonis
688 4181 997 4268 Ardemburgensis,
1014 4180 1202 4249 Tornacen.
1230 4180 1328 4264 dioc„
1356 4202 1415 4270 per
1441 4181 1525 4248 duos
1551 4182 1648 4248 solite
1663 4181 1837 4268 gubernari

478 4299 638 4369 rectores,
654 4306 727 4353 vac.
744 4285 832 4372 apud
849 4286 963 4352 sedem
985 4294 1092 4373 apost.
1113 4306 1173 4372 per
1189 4286 1242 4351 ob.
1260 4282 1374 4370 Sigerii
1392 4283 1551 4369 Coeman,
1568 4285 1623 4371 qui
1640 4285 1673 4353 in
1690 4285 1839 4374 partibus

478 4394 540 4459 illis
557 4386 651 4458 diem
667 4386 785 4456 clausit
800 4399 988 4456 extremum
991 4439 1043 4472 .....
1060 4387 1241 4474 dignemini
1259 4388 1455 4475 providere;
1473 4411 1541 4457 non
1563 4394 1648 4457 obst.
1667 4389 1757 4477 quod
1779 4410 1839 4477 per

479 4497 578 4564 alium
605 4503 771 4582 occupata
797 4492 989 4561 detineatur
1017 4491 1060 4560 de
1086 4493 1186 4575 facto,
1214 4513 1272 4559 seu
1297 4493 1387 4579 quod
1411 4492 1521 4561 dictus
1547 4490 1719 4573 Johannes
1745 4514 1838 4582 perp.

481 4597 643 4690 capellan.
657 4594 695 4667 B.
713 4596 762 4669 M.
773 4597 807 4665 in
820 4599 901 4666 eccl.
914 4598 946 4666 S.
956 4597 1120 4677 Johannis
1132 4597 1175 4664 de
1185 4597 1443 4684 Pauperingues,
1459 4598 1550 4667 dicte
1561 4598 1728 4668 Morinen.
1740 4598 1847 4681 dioc,¹

483 4708 627 4774 noscitur
641 4705 803 4771 obtinere.
816 4702 946 4770 —Fiat
963 4703 1003 4770 R.

524 4810 602 4876 Dat.
617 4808 720 4874 Arin.
738 4828 754 4893 5
772 4828 850 4875 non.
864 4808 937 4893 julii
968 4816 1000 4874 a⁰
1018 4814 1059 4875 6⁰.
1076 4811 1145 4890 (13,
1163 4809 1228 4892 82).

520 5030 537 5078 1.
549 5028 678 5079 camnine
689 5026 780 5077 derint
792 5026 859 5077 ebbe
869 5027 903 5077 de
915 5025 1015 5089 blangy
1033 5042 1064 5076 en
1079 5028 1141 5075 1333
1153 5024 1284 5089 (Berlibre
1304 5022 1402 5072 [ment.
1414 5017 1492 5081 anal..
1505 5029 1540 5068 m·
1552 5023 1606 5080 273,
1619 5022 1680 5082 tut)
1693 5036 1698 5080 ;
1711 5023 1765 5069 ror'r
1783 5017 1841 5083 plur

495 5100 548 5151 burt
556 5115 579 5152 u.
593 5104 704 5153 tutu*
715 5106 738 5153 2.
748 5100 772 5151 ll
783 5100 864 5165 ligure
884 5103 908 5152 lc
926 5104 955 5150 13
976 5102 1114 5151 novembre
1132 5102 1194 5150 1313
1210 5114 1308 5149 comme
1328 5108 1465 5162 procureur
1483 5096 1516 5144 de
1535 5095 1650 5156 l’e‘vtoue
1667 5096 1700 5144 de
1720 5094 1841 5144 cambrai

498 5171 612 5233 (tulum
625 5173 730 5238 Iacent„
742 5188 768 5226 n.
781 5177 850 5239 140).
861 5203 893 5213 -
905 5178 927 5226 3.
940 5175 964 5224 11
976 5176 1067 5225 devint
1077 5190 1109 5226 en
1122 5177 1185 5225 1319
1196 5174 1323 5224 chunoine
1333 5170 1486 5237 pribendier
1496 5169 1529 5219 de
1541 5170 1565 5219 S.
1580 5170 1706 5219 Donutien
1717 5171 1734 5218 3
1746 5170 1841 5231 Bruges

502 5247 1188 5313 (comparamur.rot-ros).-r.vnrn.roan,raro.
1312 5245 1314 5250 ’
1432 5258 1434 5261 ’
1513 5269 1517 5278 ‹

544 5340 597 5382 nunt
612 5340 660 5384 Vct.
678 5341 738 5391 belg.
