4650 6059
1006 785 1094 859 1847,
1117 785 1173 849 2-5
1195 784 1265 849 mai.
1770 774 1833 851 818'-

490 945 714 1023 etpennutata
740 937 832 1004 licite
856 935 1009 1003 obtinere
1021 957 1030 1015 ;
1052 943 1087 1001 et
1114 935 1206 1019 quod
1231 936 1274 1001 de
1300 934 1365 1001 def.
1394 935 1582 1022 hujusmodi
1609 938 1643 1003 in
1665 935 1830 1021 aliquibus

489 1042 579 1124 gratiis
603 1062 664 1128 pro
691 1061 734 1107 eo
759 1039 802 1106 de
829 1047 943 1106 cetero
969 1038 1188 1124 impetrandis
1210 1058 1279 1104 non
1301 1046 1457 1104 teneatur
1477 1040 1586 1107 facere
1609 1042 1828 1122 mentionem,

489 1146 666 1211 auctoritate
689 1153 798 1230 apost.
818 1163 933 1210 sectnn
947 1141 1130 1227 dignemini
1145 1141 1349 1227 dispensare,
1366 1141 1542 1228 ipsumque
1557 1144 1695 1230 perinde
1710 1144 1828 1210 habili-

489 1257 543 1313 tare
556 1269 594 1315 ac
609 1249 636 1314 si
652 1248 740 1314 foret
754 1248 797 1313 de
812 1247 964 1333 legitimo
979 1246 1198 1312 matrimonio
1212 1253 1418 1331 procreatus.
1433 1282 1465 1295 -
1480 1246 1590 1314 Possit
1602 1248 1753 1315 obtinere
1765 1248 1828 1314 tria

489 1352 639 1432 beneficia,
661 1352 765 1417 etiam
787 1351 813 1417 si
837 1351 981 1416 alterum
997 1350 1040 1415 sit
1056 1356 1218 1430 curatum,
1234 1357 1270 1415 et
1285 1350 1388 1414 etiam
1404 1351 1431 1415 si
1447 1358 1572 1416 canet
1587 1354 1679 1437 preb.
1695 1352 1729 1416 in
1746 1353 1829 1417 eccl.

490 1455 627 1535 cathedr,
643 1462 679 1520 et
694 1454 800 1540 possit
813 1461 1016 1541 permutare.
1029 1451 1070 1517 R.

519 1558 588 1624 Dat.
604 1559 704 1624 Avin.
723 1562 741 1623 6
756 1557 826 1624 kal.
840 1557 919 1623 maii
935 1564 969 1623 a⁰
986 1564 1028 1641 5⁰.
1046 1559 1117 1641 (10,
1134 1555 1239 1641 146').

525 1694 657 1776 1194.
1555 1726 1650 1793 1547,
1670 1732 1690 1775 2
1707 1713 1785 1776 mai.

516 1810 610 1897 Supp.
635 1809 810 1888 Johannes
834 1810 966 1876 Greelle
984 1827 1004 1891 ¹,
1033 1809 1217 1876 Nivernen.
1242 1809 1329 1876 dioc.
1354 1811 1442 1892 cler,
1465 1814 1661 1879 secretarius
1697 1816 1831 1881 comitis
1904 1821 1906 1826 ’

487 1910 724 1996 l'alentinensis,
749 1924 840 1999 quat.
862 1915 924 1981 sibi
948 1914 991 1980 de
1015 1935 1089 1979 can.
1117 1922 1152 1980 et
1181 1917 1274 1999 preb.
1298 1915 1380 1979 eccl.
1404 1913 1622 2000 Burdegalen.
1646 1915 1828 2002 dignemini

486 2018 641 2099 prouidere
653 2041 662 2098 ;
690 2038 760 2085 non
784 2020 870 2085 obst.
895 2017 986 2102 quod
1010 2038 1083 2083 can.
1108 2020 1169 2083 sub
1196 2037 1272 2102 exp.
1299 2019 1393 2103 preb.
1417 2018 1499 2083 eccl.
1524 2017 1556 2084 S.
1576 2018 1759 2086 Audomari
1785 2021 1828 2086 de

485 2118 506 2184 S.
513 2122 713 2203 Audomaro,
726 2120 893 2189 Morinen.
903 2121 1002 2202 dioc,
1012 2122 1161 2187 noscitur
1177 2121 1339 2187 obtinere.
1349 2160 1393 2169 —
1403 2119 1479 2186 Fiat
1490 2119 1532 2187 de
1545 2141 1618 2187 can.
1631 2131 1666 2188 et
1681 2123 1828 2209 preb.'R.

514 2224 586 2292 Dat.
601 2226 705 2291 Avin.
723 2230 740 2290 6
757 2246 837 2292 non.
852 2226 931 2291 maii
947 2233 981 2291 a⁰
998 2233 1040 2310 5⁰.
1057 2227 1129 2309 (10,
1151 2226 1254 2308 151').

447 2408 448 2452 i
521 2364 654 2448 1195.
1560 2380 1785 2461 1347,2mai.

514 2480 607 2568 Supp.
624 2478 811 2546 Winandus
832 2479 875 2546 de
898 2479 1049 2560 Diteren,
1066 2480 1147 2546 olim
1167 2499 1260 2564 perp.
1277 2497 1350 2564 cap.
1367 2480 1481 2545 altaris
1497 2477 1529 2546 S.
1545 2479 1697 2564 Quintini
1725 2482 1777 2547 siti
1795 2483 1828 2546 in

447 2568 448 2618 3
486 2586 668 2651 monasterio
693 2583 857 2663 Blisiensi,
882 2583 925 2649 Ο.
951 2584 982 2649 S.
1010 2582 1059 2664 B.,
1085 2582 1207 2648 valoris
1228 2602 1265 2665 14
1284 2580 1356 2647 flor.
1374 2582 1456 2662 auri,
1480 2590 1514 2648 et
1536 2581 1719 2665 lohannes,
1744 2585 1829 2649 filius

486 2689 633 2768 quondam
657 2688 845 2754 Franconis
870 2686 1025 2752 Mercerii
1051 2687 1095 2752 de
1117 2685 1285 2771 Trajecto,
1313 2686 1393 2752 olim
1416 2707 1509 2773 perp.
1533 2689 1779 2755 matricularius
1794 2690 1827 2753 in

487 2794 548 2858 eccl.
570 2793 602 2859 S.
627 2793 762 2858 Amoris
781 2790 1016 2876 Trajectensis,
1034 2789 1195 2855 Leodien.
1211 2788 1310 2868 dioc,
1326 2789 1417 2873 quod
1433 2810 1510 2855 cum
1525 2790 1587 2875 ipsi
1604 2791 1754 2877 predicta
1769 2812 1828 2858 sua
1932 2848 1935 2855 ,

486 2893 552 2975 ben,
566 2917 631 2981 que
647 2905 730 2961 tunc
745 2895 954 2974 obtinebant,
971 2900 1132 2959 consueta
1146 2913 1207 2978 per
1222 2893 1389 2958 seculares
1404 2894 1481 2959 cler.
1497 2895 1683 2978 gubernari,
1693 2895 1727 2958 in
1736 2914 1827 2959 man.

487 2991 515 3060 R.
526 2998 559 3064 P.
573 2999 667 3065 dom.
683 2998 855 3085 Stephani,
872 2998 974 3083 episc.
998 2997 1030 3062 S.
1052 2996 1164 3061 Pontii
1185 2995 1452 3077 Thomeriarum,
1470 2998 1643 3062 camerarii
1659 2998 1769 3078 vestri,
1786 3019 1827 3062 ex

486 3116 562 3167 causa
577 3102 837 3188 permutationis
851 3100 893 3166 de
910 3100 988 3186 ipsis
999 3104 1077 3165 ben.
1088 3100 1168 3165 hinc
1182 3100 1260 3165 inde
1272 3100 1432 3180 faciende,
1449 3099 1604 3166 duxerint
1619 3101 1826 3186 resignanda,

486 3200 618 3289 idemque
634 3207 725 3271 dom.
742 3206 843 3290 episc.
859 3203 1029 3289 predictas
1044 3204 1287 3287 resignationes
1302 3204 1344 3268 de
1361 3204 1496 3288 speciali
1509 3205 1669 3270 mandato
1681 3226 1740 3291 per
1753 3205 1825 3270 SV.

486 3305 541 3371 n've
564 3310 658 3374 vocis
686 3310 822 3375 oraculo
846 3308 907 3372 sibi
935 3306 1025 3371 sacto
1052 3307 1251 3385 admiserit;
1278 3314 1443 3389 quatenus
1473 3308 1565 3372 dicto
1591 3307 1758 3373 Winando
1784 3308 1826 3373 de

486 3413 685 3478 nutricularie
709 3411 831 3492 offici0,
848 3420 883 3476 et
898 3410 991 3476 dicto
1007 3410 1154 3487 Johanni
1173 3411 1215 3475 de
1231 3431 1323 3495 perp.
1340 3413 1457 3496 capell.
1482 3412 1688 3497 supradictis,
1712 3412 1825 3496 ‹ligne-

485 3514 544 3578 nini
559 3518 746 3601 providere.
762 3556 806 3565 —
822 3515 900 3581 Fiat
917 3535 977 3600 pro
993 3524 1135 3598 utroque
1152 3515 1192 3579 R.

513 3616 584 3684 Dat.
602 3620 702 3684 Avin.
721 3626 738 3684 6
755 3641 833 3686 non.
849 3620 929 3684 maii
948 3628 980 3684 a⁰
998 3628 1039 3702 5⁰.
1059 3626 1130 3702 (10,
1152 3621 1239 3702 158).

521 3754 653 3837 1196.
1555 3787 1649 3851 1347,
1667 3792 1685 3832 2
1704 3773 1780 3834 aizoi.

512 3870 606 3958 Supp.
633 3871 783 3950 Jacobus
809 3873 850 3937 de
879 3872 1060 3951 Placentia,
1086 3872 1116 3936 S.
1134 3871 1174 3936 V.
1200 3893 1274 3957 cap.
1310 3881 1344 3935 et
1377 3873 1531 3936 Albricus
1553 3872 1595 3936 de
1621 3871 1760 3936 Nicellis
1782 3873 1824 3935 de

484 3963 634 4039 Placentia
650 3975 741 4059 quod
764 3996 841 4040 curn
864 3975 882 4052 J
886 3979 1011 4040 acubus
1024 3997 1098 4040 can.
1111 3984 1145 4039 et
1158 3979 1250 4062 preb.
1264 3976 1295 4040 S.
1311 3974 1486 4039 Michaelis
1502 3975 1637 4058 majoris
1654 3974 1824 4059 Papiensis

482 4079 665 4143 etAlbricus
681 4098 755 4143 can.
773 4088 807 4142 et
824 4081 916 4164 preb.
930 4078 1115 4144 Placentin.
1129 4079 1212 4143 eccl.
1226 4099 1324 4143 causa
1346 4077 1603 4163 permutationis
1618 4077 1824 4160 resignarint,

482 4191 552 4259 quat.
582 4182 867 4269 [pemrutationes
895 4182 1149 4267 confirmentur]
1169 4206 1177 4260 ;
1201 4203 1270 4247 non
1293 4185 1378 4247 obst.
1395 4181 1485 4264 quod
1508 4180 1654 4266 prelatus
1678 4180 1825 4257 Jacobus

481 4287 707 4370 preposituram
723 4296 871 4351 curatam
888 4296 922 4351 et
939 4307 1012 4351 can.
1030 4307 1071 4350 ac
1086 4286 1168 4350 duas
1184 4284 1371 4370 prebendas
1387 4286 1420 4349 in
1437 4285 1613 4349 SAntonii
1627 4285 1823 4367 Placentini,

481 4388 546 4452 etin
562 4389 594 4453 S.
614 4388 753 4454 Martini
769 4390 938 4455 Toronen.
960 4410 1034 4454 can.
1060 4396 1094 4452 et
1119 4392 1221 4474 preb,
1239 4410 1279 4453 ac
1302 4390 1336 4452 in
1360 4389 1391 4454 S.
1408 4387 1589 4453 Audomari
1606 4387 1648 4452 de
1665 4388 1695 4454 S.
1712 4388 1824 4454 Audo-

480 4505 563 4574 maro,
594 4492 763 4558 Morinen.
790 4494 887 4574 dioc,
916 4514 987 4559 can.
1016 4497 1075 4558 sub
1103 4515 1178 4578 exp.
1206 4497 1298 4578 preb.
1323 4493 1471 4558 noscitur
1495 4492 1645 4557 obtinere
1661 4514 1718 4557 seu
1735 4493 1824 4576 quod

480 4598 609 4675 prelatus
632 4598 787 4662 Albricus
815 4599 847 4662 in
875 4598 1026 4684 predicta
1051 4600 1132 4664 eccl.
1158 4599 1189 4662 S.
1215 4597 1396 4663 Audomari
1423 4618 1496 4662 can.
1514 4604 1547 4660 et
1563 4599 1653 4681 preb.
1678 4598 1824 4662 noscitur

480 4699 625 4766 obtinere.
648 4738 680 4747 -
703 4699 778 4765 Fiat
796 4700 836 4765 R.

510 4802 585 4871 Dat.
600 4804 702 4870 Asin.
721 4809 739 4868 6
763 4825 841 4870 non.
859 4805 936 4869 maii
954 4813 987 4869 a⁰
1005 4812 1046 4888 5⁰.
1065 4806 1137 4888 (10,
1160 4807 1247 4888 160).

518 4941 650 5024 1197.
1553 4973 1648 5037 1347,
1664 4975 1684 5035 5
1702 4955 1778 5018 anai.

512 5058 604 5145 Supp.
632 5057 755 5140 Guido,
780 5060 831 5124 tit.
854 5060 886 5125 S.
904 5060 1028 5126 Cecilie
1052 5063 1158 5145 presb.
1181 5060 1279 5138 card,
1305 5067 1393 5143 quat.
1411 5058 1470 5122 sibi
1495 5058 1527 5120 in
1552 5079 1636 5142 pers.
1661 5056 1821 5121 Dalmatii

489 5166 712 5184 g—

506 5213 589 5264 l.l'oir
600 5232 624 5265 n.
640 5219 709 5274 11⁸1,
724 5218 796 5266 1185.
