4650 6059
479 768 519 833 60
660 822 662 825 Α
1006 767 1093 840 1348,
1115 767 1172 830 4·5
1194 765 1311 831 fe'vrier.

478 925 568 1000 quat.
585 916 907 1000 [archidiaconatum
923 938 1018 982 suum
1036 915 1286 981 Bruxellensem
1299 916 1333 982 in
1346 917 1428 982 ecel.
1442 916 1656 982 Cameracen.
1668 937 1729 1003 per
1740 916 1840 982 alium

479 1020 583 1105 possit
600 1019 758 1102 visitare}
774 1060 818 1068 —
834 1019 909 1084 Fiat
934 1019 973 1085 R.

525 1123 602 1187 Dat.
617 1122 718 1186 Avin.
736 1143 753 1205 3
769 1143 849 1187 nou.
866 1122 946 1187 febr.
961 1132 994 1188 a⁰
1014 1132 1053 1187 1⁰.
1070 1124 1119 1205 (2,
1140 1128 1220 1206 ις’).

531 1261 644 1342 284.
1515 1297 1611 1361 1345,
1627 1300 1646 1361 4
1658 1276 1800 1365 feurier.

524 1379 625 1464 Supp.
641 1379 737 1443 miles
753 1376 912 1443 Matheus
927 1378 969 1442 de
986 1376 1094 1462 Roya,
1107 1377 1197 1444 dom.
1209 1378 1252 1443 de
1267 1379 1402 1460 Alneto,
1409 1389 1499 1465 quat.
1511 1379 1531 1458 J
1534 1381 1659 1447 ohanni
1675 1380 1718 1445 de
1735 1379 1840 1464 Roya,

480 1483 570 1548 fratri
598 1503 668 1563 su0,
695 1482 737 1546 de
761 1482 884 1548 camin
901 1482 983 1548 eccl.
1010 1481 1197 1546 Tomacen.
1223 1482 1418 1566 [dignemini
1435 1485 1636 1569 providere],
1663 1505 1734 1549 uon
1757 1486 1841 1548 obst.

480 1586 570 1671 quod
597 1587 629 1650 in
655 1585 870 1652 Cameracen.
897 1587 1161 1672 preposituram¹
1182 1587 1267 1652 acin
1284 1587 1402 1652 eadem
1418 1597 1453 1654 et
1469 1589 1502 1653 in
1518 1588 1744 1654 Anthoniensi
1761 1589 1841 1653 eccl.

480 1710 553 1754 can.
569 1698 603 1753 et
619 1691 711 1774 preb.
727 1710 766 1754 ac
783 1698 926 1772 quatuor
941 1688 1104 1773 simplicia
1130 1691 1207 1754 ben.
1234 1690 1304 1754 sive
1331 1700 1527 1776 personatus
1551 1691 1585 1757 in
1610 1691 1697 1759 dioc.
1725 1691 1842 1757 Came·

479 1813 589 1857 racen.
605 1794 755 1859 noscitur
771 1794 933 1860 obtinere.
945 1834 989 1843 —
1005 1793 1081 1859 Fiat
1098 1793 1138 1860 R.

524 1896 600 1961 Dat.
616 1897 715 1962 Avin.
734 1918 751 1961 2
767 1918 844 1962 non.
861 1897 939 1963 febr.
955 1905 988 1963 a⁰
1004 1906 1040 1963 1⁰.
1057 1905 1070 1932 ¹²
1086 1899 1136 1980 (2,
1158 1900 1219 1981 17).

532 2036 774 2121 285-293.
1520 2072 1615 2136 1343,
1631 2071 1652 2133 5
1660 2053 1802 2139 sevrier.

524 2154 743 2239 Supp...miles
754 2153 972 2237 Ingenamus,
982 2153 1120 2218 dom.de
1131 2153 1360 2238 Couchi,quat.
1372 2153 1617 2221 dom.Roberto
1627 2156 1670 2222 de
1680 2156 1812 2223 Couchi
1824 2165 1845 2236 ¹,

481 2265 601 2343 patruo
617 2279 687 2338 suo,
703 2256 884 2342 dignemini
902 2256 1092 2342 [providere
1106 2257 1149 2322 de
1166 2278 1235 2323 can.
1253 2266 1288 2322 et
1303 2259 1407 2343 preb.]
1421 2258 1453 2322 in
1465 2259 1545 2325 eccl.
1558 2257 1764 2341 Laudunen.,
1776 2281 1845 2324 non

481 2364 564 2426 obst
582 2361 672 2444 quod
688 2382 758 2427 can.
775 2370 810 2425 et
825 2363 915 2446 preb.
932 2380 971 2425 ae
987 2360 1172 2426 cantoriam
1189 2362 1269 2427 eccl.
1286 2360 1497 2428 Cameracen.
1513 2372 1525 2407 ³
1540 2372 1575 2428 et
1589 2363 1741 2449 parroch.
1762 2363 1846 2427 eccl.

481 2465 523 2529 de
538 2465 668 2545 Anesti,
685 2462 878 2529 Laudunen.
894 2463 990 2545 dioe,
1006 2464 1155 2529 noscitur
1171 2464 1323 2529 obtinere
1347 2506 1390 2515 -
1406 2464 1482 2530 Fiat
1497 2466 1600 2531 etiam
1614 2466 1657 2531 de
1672 2465 1846 2551 dignitate.

483 2610 526 2617 ..
541 2568 579 2633 R¹

526 2705 611 2766 286.
629 2698 717 2764 Item
742 2706 829 2783 quat
856 2697 1004 2776 Johanni
1029 2699 1122 2765 dicto
1149 2699 1273 2780 Serine,
1290 2720 1360 2785 cap.
1386 2721 1456 2782 suo,
1474 2701 1529 2785 [de
1545 2721 1615 2766 ean.
1632 2710 1668 2766 et
1689 2702 1798 2787 preb]
1814 2701 1848 2765 in

483 2805 562 2870 ecel.
579 2803 607 2867 S.
624 2802 805 2867 Audomari
822 2802 1004 2887 dignemini
1020 2802 1234 2888 [providere],
1246 2823 1313 2868 non
1331 2806 1414 2869 obst
1428 2804 1518 2888 quod
1533 2805 1648 2890 capell.
1665 2802 1702 2869 Β.
1720 2803 1850 2870 Kathe-

482 2906 552 2971 rine
569 2906 602 2971 in
617 2907 720 2972 domo
735 2907 779 2972 de
794 2905 977 2987 Castellari,
995 2904 1189 2971 Laudunen.
1205 2907 1300 2988 diue,
1316 2907 1465 2973 noscitur
1481 2908 1640 2974 obtinere.
1661 2945 1694 2956 -
1715 2906 1793 2973 Fiat
1810 2907 1849 2973 R.

526 3044 609 3104 287.
628 3036 714 3102 Item
731 3046 822 3121 quat.
840 3036 982 3102 Matheo
997 3037 1089 3103 dicto
1105 3037 1348 3119 Chambellain,
1362 3059 1434 3125 cap.
1445 3060 1516 3121 suo,
1529 3039 1671 3104 similem
1680 3059 1726 3124 gn
1736 3038 1848 3104 facere

482 3141 664 3224 dignemini
682 3143 714 3206 in
732 3142 811 3207 eccl.
828 3141 856 3205 S.
869 3141 958 3206 Petri
976 3139 1166 3221 Insulensis,
1183 3140 1367 3207 Tomaeen.
1383 3142 1478 3225 dioe,
1491 3164 1560 3209 non
1576 3146 1660 3209 obst.
1670 3143 1762 3227 quod
1778 3164 1849 3209 can.

484 3252 518 3308 et
533 3249 622 3330 preb.
640 3247 720 3311 eccl.
739 3246 768 3309 S.
786 3244 941 3310 Montani
958 3246 1000 3309 de
1018 3244 1111 3326 Fara,
1128 3245 1320 3311 Laudunen.
1343 3246 1441 3328 dioc„
1458 3248 1605 3312 noscitur
1628 3247 1790 3312 obtinere.
1807 3288 1849 3296 —

488 3347 563 3412 Fiat
579 3350 610 3411 in
629 3351 708 3414 eccl.
725 3350 753 3411 S.
770 3350 884 3413 Amati
903 3349 1096 3430 Duacensis,
1112 3351 1309 3416 Atrebatem
1326 3351 1410 3415 dioc.
1429 3349 1466 3414 R⁴

532 3487 616 3545 288.
635 3479 722 3543 ltem
738 3499 831 3564 supp.
848 3489 934 3562 quat.
951 3479 970 3557 J
974 3480 1097 3545 ohanni
1121 3480 1214 3545 dicto
1230 3479 1278 3545 Le
1294 3480 1413 3562 Telier,
1440 3482 1627 3546 Aurelianis
1642 3482 1764 3566 injure
1782 3489 1849 3546 stu·

488 3583 591 3662 denti,
608 3583 749 3647 similem
761 3603 808 3666 gr.
818 3582 926 3648 facere
937 3584 1118 3668 dignemini
1135 3584 1258 3650 ineccl.
1277 3585 1299 3649 S
1324 3586 1438 3650 Amati
1451 3585 1493 3650 de
1505 3583 1633 3665 Duaco,
1654 3585 1849 3649 Atrebaten.

488 3686 572 3751 dioc.
588 3727 632 3735 -
649 3686 723 3751 Fiat
739 3686 772 3750 in
789 3687 868 3751 eccl.
885 3686 912 3750 S,
930 3685 1104 3771 Gaugerici
1122 3686 1337 3753 Cameracen.
1355 3687 1391 3751 R.

531 3822 613 3883 289.
633 3815 719 3881 Item
736 3837 828 3902 supp.
845 3824 933 3900 quat.
958 3815 977 3893 J
981 3816 1104 3882 ohanni
1128 3816 1221 3882 dicto
1238 3816 1410 3902 Despense
1427 3818 1513 3897 olen,
1524 3823 1606 3881 nato
1622 3815 1670 3880 sui
1695 3815 1797 3881 famil.
1815 3824 1848 3880 et

487 3920 721 3985 commensalis
744 3919 907 3997 Johannis
935 3920 1117 4005 Despense,
1134 3920 1276 3985 similem
1300 3941 1345 4005 gr.
1371 3921 1477 3985 facere
1500 3918 1682 4004 dignemini
1707 3919 1742 3984 in
1769 3919 1848 3984 eccl.

487 4024 516 4088 S.
533 4024 707 4108 Gangetici
732 4023 944 4089 Cameracen.
960 4065 1002 4072 —
1020 4022 1095 4087 Fiat
1112 4024 1145 4086 in
1163 4025 1243 4088 eccl.
1260 4023 1289 4088 S.
1308 4023 1487 4088 Donatiani
1513 4022 1700 4106 Brugensis,
1721 4021 1849 4088 Toma-

488 4149 558 4191 cen.
574 4128 658 4194 dioc.
676 4128 714 4193 R.

532 4265 616 4325 290.
635 4256 723 4322 Item
739 4278 831 4343 supp.
848 4268 935 4342 quat.
953 4258 1013 4323 sibi
1030 4267 1064 4322 et
1081 4257 1265 4322 Katherine
1281 4259 1351 4343 ejus
1366 4258 1460 4323 uxori
1481 4256 1662 4342 dignemini
1679 4256 1849 4340 indulgere

489 4361 579 4445 quod
594 4361 722 4446 possint
738 4361 860 4426 habere
876 4364 980 4427 altare
996 4362 1180 4446 portatile...
1197 4402 1239 4409 —
1257 4361 1333 4426 Fiat
1350 4362 1389 4427 R.

533 4496 611 4557 291.
631 4489 717 4553 Item
734 4499 821 4573 quat.
838 4490 980 4553 similem
996 4510 1039 4573 gr.
1057 4489 1165 4555 facere
1190 4491 1370 4573 dignemini
1394 4492 1492 4556 matri
1518 4513 1575 4557 sue
1601 4492 1777 4558 Elizabeth
1807 4493 1848 4558 de

489 4593 647 4673 S.Paulo,
677 4592 840 4658 Morinen.
866 4593 961 4673 dioe,
987 4593 1123 4658 domine
1146 4594 1188 4660 de
1213 4595 1340 4660 Couchi
1364 4604 1399 4661 et
1421 4596 1463 4660 de
1487 4595 1568 4676 Oisi,
1596 4594 1789 4661 Laudunen.
1814 4606 1848 4660 et

490 4699 700 4762 Cameracen.
718 4697 802 4762 dioc.
818 4738 861 4745 -
878 4697 954 4763 Fiat
971 4696 1001 4761 R

519 4886 547 4946 a)
566 4885 605 4933 On
617 4901 632 4932 a
644 4885 706 4932 bille
718 4887 744 4933 ln
755 4887 815 4933 doto
826 4885 857 4932 ‹lo
874 4902 878 4933 :
892 4885 1036 4947 ieoniesebr.

522 5056 541 5100 l.
560 5053 650 5100 Premit
672 5069 704 5100 eu
727 5056 787 5099 1327
808 5053 1001 5114 (nuelli-lom..
1015 5056 1063 5103 Ill.
1077 5056 1128 5112 lm).
1163 5083 1172 5088 -
1188 5058 1209 5101 2.
1228 5054 1328 5104 Donido.
1346 5054 1848 5114 l'lmmd.,1[,595‚6ot.-almeon·

487 5127 537 5174 uite‘·
548 5142 580 5174 eu
595 5129 655 5174 1347
668 5128 713 5189 (do
725 5127 964 5186 Limbuig-b'tiium,
979 5128 1047 5176 (lul.
1056 5129 1087 5175 de
1099 5128 1176 5175 Louix
1187 5126 1218 5174 de
1230 5127 1306 5177 Μαῖα
1323 5129 1340 5178 1.
1354 5131 1400 5174 :luo
1412 5144 1417 5186 ;
1434 5129 1561 5187 llevillens,
1574 5131 1643 5177 (lot.
1655 5128 1698 5177 dm
1709 5129 1759 5178 θ’θ’
1767 5128 1798 5176 de
1807 5130 1846 5185 II..

491 5200 508 5251 l.
528 5203 582 5248 383.
