4650 6059
482 769 539 837 126
1010 766 1099 851 1343,
1121 764 1161 835 29
1183 768 1311 836 octobre.

484 920 712 1007 RaymunduS,
732 918 822 1005 quod
837 928 1054 1007 expectantes
1068 920 1233 987 beneficia
1248 940 1276 986 c.
1287 941 1316 986 c.
1326 920 1381 984 vel
1396 940 1421 985 s.
1438 940 1478 1000 c.,
1495 940 1536 985 ex
1551 938 1599 1005 gr.
1615 919 1663 985 eis
1679 918 1769 986 sacta
1783 940 1841 1005 per

482 1026 514 1090 8.
530 1024 580 1105 V.,
597 1025 639 1091 ad
654 1025 751 1091 coll...
765 1025 865 1111 episc.
875 1025 1065 1111 supradicti,
1082 1024 1124 1091 de
1139 1025 1231 1091 dicta
1246 1025 1327 1091 eccl.
1337 1023 1380 1090 de
1397 1022 1618 1091 Hondescota
1639 1024 1700 1089 sibi
1717 1023 1840 1090 faciant

482 1128 658 1216 provideri,
674 1129 825 1196 dicentes
840 1128 930 1215 quod
946 1129 1149 1215 permutatio
1159 1128 1248 1195 facta
1262 1127 1305 1194 de
1321 1128 1411 1194 dicta
1427 1130 1544 1214 capell.
1561 1148 1638 1213 cum
1654 1128 1747 1194 dicta
1759 1130 1838 1194 ecel.

482 1254 551 1298 non
567 1234 675 1299 tenuit
690 1253 751 1320 pro
766 1254 817 1315 eo,
834 1234 911 1319 quia
926 1233 1017 1301 dicta
1033 1235 1150 1320 capell.
1167 1233 1229 1299 fuit
1244 1233 1415 1300 collationi
1432 1233 1519 1299 sedis
1534 1242 1652 1320 apost,
1673 1242 1710 1299 ut
1732 1233 1838 1319 predi-

483 1339 576 1417 citur,
593 1347 780 1418 reservata3
798 1360 904 1425 supp,
921 1347 1010 1423 quat.
1027 1339 1069 1404 de
1085 1339 1155 1425 ipsa
1168 1339 1249 1405 eccl.
1260 1339 1370 1405 eidem
1381 1337 1583 1423 Raymundo
1592 1337 1787 1423 dignemini,
1798 1337 1838 1403 ad

482 1441 666 1506 tollendum
678 1462 778 1508 omne
789 1442 1183 1530 dubium,providere.—
1194 1441 1270 1508 Fiat
1279 1443 1305 1508 si
1316 1462 1385 1507 non
1396 1442 1438 1508 sit
1450 1442 1544 1507 alteri
1557 1441 1610 1527 jus
1619 1441 1787 1526 quesitum
1799 1440 1837 1505 R.

527 1546 603 1610 Dat.
619 1546 719 1611 Avin.
736 1549 754 1611 8
771 1544 837 1613 kal.
853 1568 931 1613 nov.
947 1555 980 1613 a⁰
997 1555 1038 1613 2⁰.
1055 1549 1101 1629 (3,
1118 1545 1155 1612 P.
1173 1545 1218 1627 ΙΙ,
1239 1548 1319 1631 rol).

531 1684 645 1767 560.
1490 1718 1506 1762 1
1507 1717 1552 1783 54
1552 1717 1585 1782 3,
1602 1716 1643 1782 29
1657 1698 1796 1763 octobre.

525 1803 625 1890 Supp.
642 1802 661 1882 J
664 1804 814 1869 ohannes
829 1804 871 1870 de
888 1803 1030 1870 Pistorio
1048 1816 1067 1885 ¹,
1083 1804 1240 1869 minimus
1255 1803 1356 1868 famil.
1381 1811 1500 1884 vester,
1525 1810 1615 1887 quat.
1628 1801 1688 1868 sibi
1706 1801 1749 1867 de
1765 1822 1835 1867 can.

481 1910 562 1974 eccl.
579 1907 805 1988 Carneracen.,
821 1928 953 1973 necnon
969 1907 1011 1972 de
1027 1910 1129 1995 preb,
1156 1929 1256 1993 quam
1271 1906 1291 1986 J
1295 1906 1438 1973 ordanus
1452 1906 1494 1972 de
1507 1905 1622 1988 Pille0,
1639 1906 1721 1973 olim
1738 1906 1837 1993 ipsius

481 2014 562 2077 eccl.
588 2033 660 2078 can.
687 2015 778 2098 preb.
803 2024 824 2093 ²,
841 2011 896 2097 qui
922 2020 1016 2078 extra
1041 2011 1138 2079 Rom.
1156 2032 1223 2079 cur.
1239 2011 1330 2077 diem
1357 2011 1475 2077 clausit
1501 2020 1699 2091 extremum,
1717 2010 1750 2076 in
1768 2011 1836 2098 ipsa

480 2116 694 2181 Carneracen.
710 2116 888 2195 eccl.,dum
905 2116 1043 2197 viveret,
1056 2117 1239 2198 obtinebat,
1245 2125 1280 2182 et
1295 2137 1355 2204 per
1370 2115 1471 2203 ipsius
1480 2116 1534 2182 ob·
1548 2114 1581 2179 in
1594 2114 1665 2200 ipsa
1675 2135 1743 2180 cur.
1755 2135 1835 2195 vac,

480 2240 540 2305 pro
567 2242 608 2284 eo
634 2220 710 2304 quia
736 2227 815 2285 ante
843 2220 944 2305 ipsius
970 2223 1024 2286 ob.
1047 2220 1137 2287 dom.
1164 2219 1340 2299 Johannes
1362 2240 1450 2306 papa
1464 2217 1567 2283 XXII
1594 2218 1721 2285 dictam
1746 2221 1835 2305 preb.

479 2323 671 2402 reservavit,
687 2323 796 2388 eidem
812 2321 832 2401 J
836 2323 969 2403 ohanni,
987 2324 1087 2390 famil.
1104 2333 1227 2404 vestro,
1244 2323 1425 2409 dignemini
1442 2320 1617 2409 providere
1633 2344 1641 2401 ;
1665 2342 1735 2388 non
1752 2323 1837 2387 obst.

480 2427 570 2511 quod
587 2428 620 2491 in
638 2427 816 2493 Belvacen.
833 2449 872 2493 ac
893 2429 1009 2513 majori
1037 2438 1071 2494 et
1088 2428 1119 2494 S.
1136 2428 1325 2508 Salvatoris,
1342 2449 1380 2494 ac
1397 2428 1428 2493 S.
1444 2426 1463 2506 J
1466 2427 1609 2493 ohannis
1636 2425 1837 2511 Trajecten,

480 2551 612 2596 necnon
631 2529 851 2615 Hugardensi,
870 2530 1320 2613 Leodien.di0c.,ecclesiis,
1337 2539 1463 2598 canet
1489 2533 1591 2617 preb,
1617 2552 1658 2597 ac
1685 2530 1837 2618 parrocb.

480 2636 561 2699 eccl.
577 2635 619 2700 de
637 2632 792 2715 Markou,
809 2635 898 2702 dicte
915 2634 1074 2702 Leodien.
1090 2635 1189 2716 dioc,
1206 2636 1357 2702 obtinere
1373 2644 1540 2702 noscatur.
1559 2672 1591 2683 -
1613 2634 1692 2700 Fiat
1710 2633 1751 2701 R.

523 2737 599 2802 Dat.
615 2737 714 2803 Avin.
731 2762 750 2823 4
767 2737 831 2804 kal.
848 2760 927 2805 nov,
943 2749 975 2804 a⁰
992 2748 1033 2805 2⁰.
1047 2743 1096 2825 (3,
1109 2738 1146 2804 P.
1164 2737 1209 2821 II,
1230 2746 1295 2824 12).

530 2875 638 2958 561.
828 2874 832 2881 ’
1485 2911 1579 2976 1313,
1596 2912 1638 2974 29
1654 2891 1794 2956 octobre.

523 2994 578 3058 8¹⁰⁰
595 2993 703 3059 Pater.
720 2992 804 3059 Cum
818 2994 1016 3062 Lambertus
1031 2996 1072 3062 de
1089 2996 1121 3063 S.
1136 2996 1305 3078 Trudone,
1320 2997 1447 3063 dudum
1462 3005 1571 3063 rector
1585 2996 1741 3083 parroch.
1756 2994 1829 3061 eccl.

479 3099 521 3164 de
537 3097 678 3184 Ophers,
695 3096 854 3164 Leodien.
871 3099 968 3180 dioc,
984 3100 1090 3186 ipsam
1103 3102 1196 3183 eccl,
1213 3100 1327 3167 animo
1338 3100 1548 3188 permutandi
1559 3121 1636 3167 cum
1649 3098 1829 3173 Gosswino,

480 3202 559 3266 olim
575 3210 705 3267 rectore
732 3202 883 3287 parrocb.
915 3205 997 3269 eccl.
1025 3204 1056 3269 S.
1073 3206 1214 3290 Agnetis
1238 3206 1271 3270 in
1296 3205 1496 3290 beghinagio
1523 3224 1628 3291 prope
1650 3204 1788 3291 opidum
1804 3201 1830 3265 8.

480 3305 656 3385 Trudonis,
672 3306 761 3371 dicte
777 3305 874 3388 dioc,
891 3309 1107 3393 resignaverit
1133 3310 1166 3374 in
1194 3311 1347 3376 manibus
1364 3309 1403 3374 R.
1421 3309 1457 3374 P.
1480 3309 1571 3375 dom.
1588 3307 1770 3387 Guillelmi,
1785 3306 1830 3371 tit.

481 3409 512 3473 S.
530 3409 688 3494 Stephani
705 3411 738 3474 in
763 3409 857 3476 Celio
880 3420 996 3478 monte
1012 3416 1119 3498 presb.
1137 3414 1224 3479 card.
1242 3437 1250 3493 ;
1267 3414 1422 3499 idemque
1434 3412 1523 3479 dom.
1540 3413 1628 3479 card.
1641 3414 1750 3499 ipsam
1761 3410 1831 3475 resi-

480 3513 673 3596 gnationem
689 3535 731 3578 ex
747 3534 845 3579 causa
860 3517 1115 3600 permutationis
1130 3517 1330 3602 hujusmodi,
1345 3517 1388 3583 de
1404 3537 1560 3603 expresso
1576 3516 1739 3582 mandato
1754 3514 1785 3580 S.
1797 3511 1832 3577 Υ.

481 3616 557 3680 vive
573 3617 666 3682 vocis
681 3618 815 3683 oraculo
830 3618 891 3682 sibi
908 3618 1006 3698 sacto,
1023 3618 1154 3685 duxerit
1170 3620 1414 3687 admittendam
1430 3645 1438 3701 ;
1456 3642 1550 3707 supp.
1573 3620 1663 3686 idem
1680 3619 1833 3685 Lamber-

481 3729 543 3800 tuS,
571 3730 659 3806 quat.
695 3722 821 3788 dictam
857 3725 1007 3808 parrocb.
1034 3726 1115 3789 eccl.
1146 3725 1188 3790 de
1222 3725 1353 3811 Oplrers
1382 3726 1491 3791 eidem
1523 3724 1702 3792 Gossvvino
1731 3734 1834 3810 apost.

480 3823 662 3908 dignemini
690 3835 778 3892 auct.
805 3827 976 3906 conferre3
1005 3848 1073 3893 non
1099 3831 1185 3894 obst.
1212 3850 1410 3915 quacunque
1437 3830 1662 3895 reservatione
1687 3849 1763 3913 gen.
1785 3828 1832 3890 vel

481 3950 569 4014 spec.
583 3929 671 3995 facta
687 3930 729 3995 de
745 3931 835 3996 dicta
851 3931 932 3996 eccl.
949 3972 992 3978 -
1009 3930 1085 3996 Fiat
1101 3932 1138 3997 R.

525 4031 601 4097 Dat.
618 4033 717 4100 Avin.
735 4058 753 4119 4
771 4034 835 4101 kal.
852 4057 929 4102 nov.
946 4048 978 4103 a⁰
996 4047 1036 4102 2⁰.
1055 4043 1103 4120 (3,
1121 4037 1156 4103 Ρ.
1176 4036 1220 4117 ΙΙ,
1238 4041 1317 4117 18“’).

531 4167 643 4252 562.
1488 4208 1549 4272 134
1550 4209 1582 4273 3,
1599 4209 1640 4271 29
1658 4190 1796 4254 octobre.

525 4289 579 4350 8⁰¹⁰
597 4289 704 4354 Pater.
722 4288 807 4353 Cum
836 4289 1134 4370 Gossivinus,oli1n
1160 4300 1270 4356 rector
1296 4293 1447 4377 parrocb.
1474 4294 1555 4358 eccl.
1583 4293 1614 4357 8.
1639 4294 1782 4377 Agnetis
1806 4293 1835 4356 in

481 4392 680 4474 beglrinagio
693 4413 797 4477 prope
814 4393 952 4477 opidum
968 4394 999 4458 S.
1016 4394 1044 4458 T
1047 4395 1191 4474 rudonis,
1205 4393 1364 4460 Leodien.
1380 4396 1477 4474 dioc,
1491 4397 1596 4481 ipsam
1615 4399 1709 4477 eccl,
1725 4398 1836 4463 animo

481 4497 688 4580 permutandi
707 4517 783 4561 cum
801 4496 980 4562 Lanrberto
995 4499 1036 4563 de
1053 4500 1083 4562 8.
1100 4498 1267 4579 'l'rudone,
1283 4499 1407 4565 dudum
1435 4508 1564 4566 rectore
1588 4503 1742 4588 parrocb.
1758 4504 1836 4568 eccl.

481 4601 522 4664 de
540 4602 681 4685 Ophers,
698 4601 787 4665 dicte
803 4601 900 4680 dioc,
917 4603 1132 4685 resignaverit
1148 4603 1180 4666 in
1205 4604 1357 4668 manibus
1375 4604 1414 4670 R.
1431 4604 1467 4671 P.
1484 4605 1573 4671 dom.
1590 4605 1771 4686 Guillelmi,
1787 4608 1835 4672 tit.

481 4705 512 4768 8.
529 4704 687 4789 Stephani
707 4704 736 4766 in
764 4704 858 4768 Celio
882 4714 997 4769 incute
1024 4708 1131 4790 presb.
1148 4706 1247 4784 card,
1270 4706 1396 4792 [cetera
1420 4717 1456 4772 ut
1472 4708 1505 4772 in
1530 4710 1639 4795 suppl.
1662 4709 1810 4795 preerat]
1829 4733 1835 4786 ;

481 4830 575 4894 supp.
610 4810 696 4874 idem
735 4809 929 4874 Gosswinus
954 4822 1043 4894 quat.
1071 4812 1195 4876 dictam
1221 4813 1372 4897 parrocb.
1396 4815 1477 4878 ecel.
1510 4814 1541 4878 S.
1565 4815 1709 4899 Agnetis
1732 4813 1835 4878 eidem

483 4912 663 4978 Lurnberto
679 4914 720 4979 de
737 4914 767 4977 S.
785 4914 941 4978 'l'rudone
957 4925 1064 5000 apost.
1081 4916 1261 4997 dignemini
1279 4926 1366 4983 auct.
1390 4918 1572 4984 conferre...
1597 4960 1640 4971 -
1657 4918 1732 4984 Fiat
1757 4917 1795 4981 R.

527 5019 603 5084 Dat.
620 5020 718 5083 Avin.
736 5045 754 5103 4
772 5018 836 5084 kal.
853 5041 930 5085 nov.
946 5030 978 5085 ul
996 5029 1036 5086 2⁰.
1054 5023 1102 5104 (3,
1121 5021 1156 5084 P.
1175 5020 1219 5102 ll,
1241 5024 1320 5092 rtll'i.

516 5218 536 5263 l.
547 5216 608 5269 l'oir·
620 5231 644 5266 n.
659 5219 711 5274 lil,
725 5219 779 5266 avio.
792 5247 823 5252 -
834 5221 856 5267 2.
877 5219 973 5279 blollnt,
987 5235 1011 5268 n.
1024 5222 1079 5268 5113.
