4650 6059
806 1144 1125 1243 SEPTIEME
1161 1149 1372 1245 11111111.

666 1425 722 1507 19
761 1426 860 1505 mai
901 1424 1029 1511 1348
1068 1472 1106 1481 -
1155 1426 1210 1509 18
1248 1428 1348 1507 mai
1388 1428 1517 1511 1349

466 1808 754 1897 1321-1322.
1480 1828 1574 1910 1348,
1592 1847 1631 1910 19
1647 1827 1710 1891 mai.

454 1929 555 2014 Supp.
582 1926 766 2004 Johannes,
792 1925 824 1990 S.
851 1924 970 2008 Angeli
998 1924 1158 1990 diaconus
1186 1925 1373 2008 cardinalis
1402 1936 1493 2011 quat.
1524 1928 1691 2015 [Alcherio
1712 1926 1741 1994 de

413 2032 551 2112 Lanate,
582 2028 733 2115 scriptori
761 2037 795 2092 et
822 2028 975 2092 familiari
1002 2037 1114 2093 vestro
1141 2049 1182 2094 ac
1209 2030 1386 2115 capellano
1412 2031 1503 2118 suo],
1520 2054 1595 2100 can.
1619 2043 1651 2098 et
1674 2034 1742 2120 preb.

411 2135 552 2201 ecclesie
580 2133 775 2198 Placentine
791 2138 950 2196 vacantes
976 2131 1086 2197 eidem
1101 2132 1293 2217 A(lcheri0)
1310 2132 1462 2199 conferre
1492 2134 1681 2221 dignemini,
1695 2153 1744 2200 non

412 2242 497 2303 obst.
514 2236 604 2321 quod
620 2236 652 2299 in
669 2234 836 2300 Vicentin.
852 2243 887 2298 et
912 2234 943 2298 111
973 2233 1159 2300 Nivellensi
1183 2236 1341 2317 ecclesiis,
1365 2235 1526 2303 Leodien.
1549 2238 1646 2320 dioc,
1668 2257 1745 2305 01110

412 2342 543 2406 nicatus
558 2348 593 2405 et
608 2342 700 2425 preb.
716 2360 755 2404 10
771 2340 804 2403 in
822 2338 957 2404 civitate
974 2347 1008 2403 et
1023 2340 1110 2405 dioc.
1124 2339 1318 2424 Pergamen.
1336 2340 1479 2425 quedam
1492 2343 1655 2431 simplicia
1668 2346 1746 2409 bene·

413 2444 528 2509 ficia...
546 2442 694 2507 noscitur
710 2442 871 2521 obtinere,
888 2462 928 2507 ac
944 2462 1050 2527 nuper
1065 2463 1138 2508 can.
1160 2451 1195 2507 et
1210 2446 1313 2528 preb,
1327 2464 1411 2527 quos
1425 2444 1460 2509 in
1477 2447 1560 2512 6001.
1577 2447 1745 2532 Pergamen.

414 2547 597 2626 obtinebat,
614 2567 690 2611 cum
714 2546 882 2612 decanatu
906 2546 1046 2612 ecclesie
1062 2547 1299 2614 Archadiensis
1316 2548 1349 2613 in
1372 2549 1464 2614 curia
1479 2552 1707 2635 permutavit...
1720 2584 1742 2596 -

416 2652 491 2716 Fiat
509 2651 549 2716 R.

460 2804 561 2864 1322.
580 2796 666 2862 ltem
693 2798 801 2884 suppl.
818 2807 909 2882 quat.
938 2798 1046 2884 [Luce
1073 2798 1254 2864 Christiani
1280 2799 1323 2865 de
1352 2798 1548 2882 Ferentino,
1574 2802 1748 2887 cappellano

413 2901 502 2988 suo],
519 2921 592 2966 can.
608 2909 642 2965 et
658 2904 749 2987 preb.
766 2922 806 2967 ac
821 2902 1066 2987 preposituram
1090 2902 1232 2967 ecclesie
1259 2903 1290 2968 S.
1307 2903 1471 2969 Antonini
1497 2902 1681 2970 Placentin.
1693 2920 1749 2968 vac.

414 3006 523 3070 eidem
539 3003 630 3069 Luce
646 3005 795 3069 conferre
810 3003 992 3087 dignemini
1009 3027 1017 3084 ;
1045 3025 1113 3069 non
1130 3008 1216 3071 obst.
1233 3004 1323 3089 quod
1348 3005 1535 3072 custodiam
1562 3028 1587 3072 s.
1604 3028 1632 3073 c.
1648 3014 1681 3072 et
1694 3022 1748 3071 can.

414 3117 448 3173 et
464 3112 555 3194 preb.
571 3108 605 3172 in
622 3110 704 3173 eccl.
722 3109 752 3172 S.
772 3107 820 3172 M.
843 3107 1091 3188 Namurcensis,
1118 3109 1277 3174 Leodien.
1301 3109 1398 3189 dioc,
1426 3118 1586 3176 noscatur
1612 3110 1749 3180 obtinere,

415 3235 455 3278 10
471 3212 561 3296 quod
573 3211 698 3275 dudum
715 3213 746 3276 S.
764 3211 802 3276 V.
819 3211 861 3275 de
877 3211 975 3295 plebe
992 3219 1108 3275 curata
1125 3212 1265 3277 ecclesie
1276 3213 1307 3277 S.
1321 3212 1482 3298 Stephani
1499 3214 1541 3278 de
1558 3208 1751 3279 Marnascho,

416 3319 544 3383 Lunen.
571 3318 668 3395 dioc,
685 3314 794 3379 eidem
811 3314 855 3398 L(
858 3315 935 3397 uce)
951 3314 1094 3398 gratiam
1110 3315 1225 3380 fecerit
1241 3316 1432 3401 specialem.
1448 3357 1491 3366 -
1508 3315 1586 3381 Fiat
1604 3316 1643 3381 R.

460 3423 538 3487 Dat.
554 3420 654 3484 Avin.
676 3440 712 3502 14
728 3417 793 3481 hal.
808 3418 890 3501 junii
907 3427 940 3482 a⁰
958 3427 999 3501 7⁰.
1017 3420 1091 3502 (30,
1116 3419 1152 3483 P.
1171 3418 1215 3500 Il,
1235 3422 1295 3504 31).

468 3566 609 3649 1323.
1481 3581 1578 3663 1348,
1596 3599 1636 3662 19
1654 3576 1721 3641 mai.

458 3685 559 3769 Supp.
576 3681 759 3748 Balduinus
774 3680 816 3745 de
832 3680 981 3746 Balliaco
999 3693 1018 3761 ¹,
1035 3682 1077 3746 de
1092 3702 1215 3765 genere
1231 3682 1399 3765 quondam
1409 3680 1523 3746 dilecti
1539 3681 1641 3745 vestri
1656 3675 1758 3762 magis·

414 3789 455 3853 tri
472 3787 638 3872 Th(0me)
655 3787 697 3850 de
725 3784 884 3865 Balliac0,
911 3784 1099 3849 cancellarii
1128 3784 1296 3864 Parisien,
1324 3785 1379 3868 qui
1406 3783 1524 3849 vestris
1550 3780 1758 3868 solempnibus

412 3894 539 3958 meritis
555 3891 762 3976 exigentibus
783 3889 816 3952 in
842 3889 1012 3973 theologia
1027 3908 1088 3952 vos
1113 3889 1309 3968 licentiavit,
1326 3897 1361 3953 et
1386 3887 1579 3973 capellanus
1606 3901 1758 3952 commen-

413 3998 490 4061 salis
506 4004 657 4061 creature
681 4002 791 4057 vestre
808 3991 1014 4075 G(uidonis),
1036 3992 1087 4056 tit.
1105 3991 1134 4055 S.
1152 3990 1276 4056 Cecilie
1302 3994 1411 4075 presb.
1439 3989 1539 4071 card,
1557 3998 1648 4074 quat.
1664 3987 1718 4053 sibi
1732 3984 1758 4047 in

413 4121 592 4184 personam
607 4097 741 4183 nepotis
757 4096 805 4160 sui
819 4095 972 4160 Balduini
991 4094 1166 4174 Ponchini,
1186 4095 1263 4159 cler.
1281 4095 1480 4159 Ambianen.
1507 4093 1605 4174 dioc,
1621 4114 1668 4177 gr.
1684 4106 1758 4175 spec.

414 4203 585 4281 facientes,
611 4201 653 4265 de
680 4199 864 4285 capellania
889 4198 927 4264 B.
960 4197 1009 4263 M.
1038 4197 1242 4282 Magdalene
1271 4198 1333 4262 sita
1363 4198 1397 4262 in
1427 4196 1570 4263 ecclesia
1594 4194 1758 4269 Morinen,

414 4328 514 4390 quam
542 4305 631 4369 idem
660 4303 843 4368 Balduinus
866 4303 908 4367 de
925 4302 1084 4382 Balliaco,
1099 4305 1191 4367 bono
1215 4303 1288 4366 zelo
1315 4300 1444 4381 ductus,
1460 4300 1494 4364 in
1513 4299 1670 4365 manibus
1685 4296 1721 4361 V.
1734 4293 1758 4358 S.

413 4429 519 4493 nuper
545 4407 770 4490 resignaverat
797 4426 856 4491 pro
882 4406 1040 4490 magistro
1066 4404 1223 4482 Johanne
1251 4404 1418 4470 Hurtaudi
1434 4418 1455 4484 ²,
1471 4403 1624 4468 similiter
1650 4408 1758 4487 nepote

413 4532 483 4592 suu,
501 4519 583 4595 apto
596 4510 730 4594 juvene,
748 4510 802 4593 qui
820 4509 884 4589 hic,
901 4509 985 4573 sicut
1002 4509 1077 4573 Deo
1103 4509 1240 4593 placuit,
1258 4509 1312 4573 die
1328 4512 1415 4589 lune,
1439 4506 1557 4591 quinta
1582 4506 1636 4573 die
1652 4501 1758 4571 mensis

415 4615 503 4695 maii,
521 4615 611 4679 diem
628 4614 746 4679 clausit
762 4622 958 4694 extremum,
976 4622 1010 4677 et
1027 4614 1073 4678 sic
1089 4633 1148 4698 per
1166 4611 1314 4697 ejusdem
1330 4610 1495 4688 Johannis
1511 4609 1686 4676 decessum
1700 4624 1758 4671 vac

413 4719 446 4783 in
462 4719 552 4784 dicte
569 4717 608 4784 V.
626 4718 657 4784 S.
685 4718 785 4797 curia,
802 4716 912 4781 eidem
939 4716 1103 4781 Balduino
1133 4716 1296 4781 Ponchini
1321 4713 1502 4799 dignemini
1528 4713 1712 4799 providere,
1735 4714 1758 4771 el

413 4831 604 4909 presentem
631 4821 911 4916 suppligationem
933 4819 1081 4885 dedicta
1109 4819 1162 4884 die
1189 4821 1277 4899 lune,
1293 4819 1379 4883 sicut
1405 4817 1437 4882 S.
1453 4816 1493 4882 V.
1509 4816 1603 4883 dicto
1619 4809 1758 4881 cardinal

412 4927 503 4992 dicta
519 4926 572 4991 die
587 4926 666 4990 lune
694 4925 870 5006 concessit,
899 4925 1052 5008 signare;
1080 4945 1148 4988 non
1178 4926 1264 4989 obst.
1290 4922 1379 5007 quod
1404 4921 1447 4987 ad
1472 4922 1579 4987 coll...
1597 4918 1716 4987 decani
1735 4922 1758 4979 el

450 5168 471 5214 l.
484 5165 506 5208 V
508 5167 545 5212 oir
557 5180 582 5211 n.
594 5167 648 5223 204,
663 5168 732 5214 1292.
745 5194 776 5201 —
788 5169 810 5216 2.
823 5166 885 5213 Voir
897 5181 921 5212 n.
936 5168 1005 5215 1293.
