4650 6059
498 768 561 834 226
1006 772 1094 847 1345,
1116 771 1167 836 6-9
1188 772 1363 851 septembre.

497 923 624 996 mento,
657 916 912 985 confirmatione
939 919 1134 1006 apostolica,
1161 918 1216 983 vel
1243 919 1358 1003 quavis
1384 918 1449 984 alia
1476 916 1634 983 firmitate
1660 919 1796 985 vallatis
1824 941 1862 985 ac

498 1021 617 1084 ceteris
634 1040 702 1085 non
719 1024 806 1088 obst.
816 1064 859 1073 -
876 1022 952 1088 Fiat
966 1043 1027 1110 pro
1043 1022 1122 1109 ipsis
1136 1022 1251 1101 tribus.
1268 1022 1308 1089 R.

544 1124 622 1190 Dat.
638 1125 737 1191 Avin.
755 1128 773 1190 8
791 1126 835 1193 id.
851 1134 936 1214 sept.
953 1134 986 1193 a⁰
1001 1135 1044 1212 4⁰.
1061 1129 1110 1210 (9,
1132 1131 1219 1213 170).

549 1278 663 1386 907.
1477 1314 1538 1378 134
1540 1314 1572 1375 5,
1589 1296 1609 1358 6
1625 1295 1816 1381 septembre.

543 1396 644 1483 Supp.
661 1389 866 1482 Nlicolaus),
883 1399 916 1464 S.
932 1396 981 1463 M.
997 1399 1031 1463 in
1048 1399 1111 1465 Via
1126 1400 1196 1466 lata
1220 1399 1307 1465 diac.
1335 1398 1434 1479 card,
1462 1405 1554 1482 quat.
1582 1396 1674 1485 [cap.
1698 1407 1735 1464 et
1757 1398 1858 1464 famil.

498 1522 559 1568 suo
575 1501 593 1580 J
597 1502 722 1568 ohanni
738 1502 781 1568 de
798 1502 944 1569 Bossaco
957 1499 976 1584 ¹,
992 1502 1117 1591 presb]
1147 1502 1315 1570 Tutellen.
1331 1500 1429 1582 dioc,
1445 1499 1488 1565 de
1515 1521 1588 1566 can.
1604 1508 1639 1566 et
1665 1503 1759 1587 preb.
1779 1501 1858 1567 eccl.

498 1606 530 1671 S.
548 1606 702 1691 Dyonisii
727 1605 898 1690 Leodien.,
920 1627 997 1693 vac.
1024 1628 1083 1693 per
1109 1614 1253 1694 mortem
1279 1604 1445 1683 Johannis
1459 1603 1502 1669 de
1518 1603 1625 1669 Cressi
1640 1613 1661 1686 ²,
1678 1603 1858 1690 dignemini

499 1710 695 1796 providere;
712 1731 780 1778 non
797 1714 882 1778 obst.
910 1711 1000 1796 quod
1025 1711 1176 1797 parroch.
1192 1710 1275 1777 eccl.
1291 1708 1334 1774 de
1356 1709 1555 1790 Darassaco,
1580 1706 1749 1774 Tutellen.
1765 1708 1859 1790 dioc,

500 1834 540 1880 ac
567 1835 641 1880 can.
658 1822 693 1880 et
708 1819 800 1902 preb.
817 1815 899 1882 eccl.
916 1814 1085 1881 Turonen.
1104 1818 1164 1881 sub
1181 1835 1257 1901 exp.
1273 1814 1422 1880 noscitur
1437 1814 1599 1880 obtinere.
1616 1811 1748 1879 —Fiat
1762 1812 1801 1880 R.

544 1921 624 1986 Dat.
640 1920 739 1988 Avin.
756 1922 774 1986 8
792 1920 835 1986 id.
852 1929 937 2008 sept.
953 1930 986 1987 a⁰
1002 1929 1045 2005 4⁰.
1062 1922 1111 2005 (9,
1132 1920 1219 2006 169).

552 2074 668 2160 908.
1479 2103 1575 2169 1345,
1590 2104 1611 2169 9
1627 2084 1817 2171 septembre.

544 2193 632 2278 Sign.
650 2193 796 2273 Electus,
824 2191 1047 2259 vicedecanus
1073 2200 1108 2258 et
1133 2191 1316 2279 capitulum
1343 2189 1514 2272 Leodien.,
1542 2188 1642 2274 quod,
1659 2190 1746 2255 sicut
1761 2210 1859 2276 expe·

498 2297 618 2363 rientia
634 2296 759 2378 docuit,
776 2317 853 2362 cum
866 2297 927 2383 ipsi
948 2317 1009 2383 pro
1033 2296 1289 2363 conservatione
1301 2294 1433 2381 jurium,
1461 2294 1664 2374 libertatum,
1681 2292 1857 2373 fructuum,

498 2400 687 2466 reddituum
703 2408 992 2487 proventuumque
1007 2421 1065 2468 sue
1080 2400 1221 2466 ecclesie
1240 2407 1275 2464 et
1291 2399 1436 2485 ipsorum
1449 2405 1550 2482 atque
1565 2396 1670 2461 totius
1686 2396 1764 2461 cleri
1775 2397 1860 2463 civi·

500 2505 580 2570 tatis
596 2513 630 2570 et
645 2505 732 2571 dioc.
750 2503 921 2585 Leodien.,
935 2527 976 2570 ex
993 2505 1092 2572 certis
1103 2504 1199 2585 veris,
1214 2504 1310 2590 justis
1334 2511 1369 2569 et
1384 2502 1541 2587 legitimis
1557 2501 1675 2583 causis,
1697 2501 1732 2565 in
1749 2501 1860 2587 opida,

499 2616 616 2690 castra,
633 2609 876 2690 universitates
891 2618 1004 2690 tenaS,
1020 2609 1186 2675 territoria
1210 2617 1245 2675 et
1270 2608 1438 2674 districtus
1462 2608 1643 2673 multorum
1670 2606 1860 2693 principum

498 2720 532 2777 et
548 2712 688 2778 aliorum
704 2713 863 2779 laicorum
881 2714 913 2777 in
930 2712 1021 2779 dicta
1046 2713 1170 2780 diocesi
1199 2713 1413 2797 existentium
1438 2720 1473 2777 et
1500 2712 1532 2776 in
1558 2731 1673 2779 eorum
1689 2731 1860 2798 personas,

497 2816 681 2883 sententias
691 2816 1047 2883 excommunicationis
1062 2826 1096 2883 et
1112 2817 1278 2883 interdicti
1295 2815 1579 2904 promulgaverint
1591 2816 1858 2901 etpromulgant,

496 2928 667 3006 terrasque
683 2922 830 3008 ipsorum
841 2921 1031 3010 principum
1046 2930 1081 2987 et
1092 2923 1254 2988 laicorum
1270 2931 1306 2987 et
1328 2922 1467 2987 aliorum
1484 2920 1720 3006 supposuerint
1732 2927 1768 2986 et
1783 2940 1858 3006 sup·

495 3035 626 3111 ponunt
642 3026 870 3092 ecclesiastico
886 3025 1074 3108 interdicto,
1091 3026 1267 3113 ipsumque
1292 3025 1507 3092 interdictum
1523 3032 1558 3090 et
1575 3020 1656 3089 alias
1671 3024 1856 3089 sententias

494 3129 727 3195 mandaverint
743 3138 777 3194 et
793 3130 958 3196 mandant
974 3130 1209 3197 inviolabiliter
1230 3130 1407 3210 observari,
1424 3127 1613 3214 hujusmodi
1629 3126 1800 3213 principes
1822 3134 1853 3192 et

495 3233 550 3297 alii
567 3234 640 3299 laici
658 3255 698 3299 ac
721 3235 963 3314 universitates,
982 3235 1059 3320 quia
1086 3236 1294 3321 suspicantur
1318 3232 1541 3298 verisimiliter
1559 3229 1649 3315 quod
1665 3229 1850 3315 hujusmodi

493 3337 708 3403 interdictum
725 3339 760 3419 in
774 3339 1057 3416 terras‚territoria
1069 3347 1103 3403 et
1119 3338 1289 3404 districtus
1301 3339 1447 3424 ipsorum
1463 3337 1585 3403 debeat
1602 3335 1804 3420 promulgari
1820 3342 1850 3399 et

492 3440 552 3526 ipsi
572 3442 852 3507 excommunicari
869 3441 1103 3521 indifferenter,
1120 3463 1163 3507 ue
1191 3439 1379 3528 hujusmodi
1395 3439 1607 3505 interdictum
1636 3446 1671 3502 et
1698 3438 1763 3502 alie
1780 3459 1848 3503 sen·

491 3547 598 3611 tentie
620 3547 872 3632 promulgentur
895 3547 937 3613 de
964 3548 1055 3614 facto
1079 3555 1347 3635 provocaverunt
1368 3553 1402 3609 et
1429 3550 1628 3631 provocant,
1652 3549 1687 3606 et
1712 3563 1732 3607 a
1754 3541 1849 3607 dictis

490 3651 667 3716 sententiis
683 3651 901 3737 promulgatis
917 3660 951 3717 et
975 3653 1052 3718 latis
1078 3651 1195 3717 frivole
1220 3652 1476 3737 appellaverunt
1503 3657 1537 3713 et
1562 3647 1748 3734 appellant,
1764 3655 1799 3711 et
1814 3656 1847 3712 ut

491 3750 681 3838 hujusmodi
706 3756 880 3821 sententiis
900 3756 1065 3837 illudatur,
1091 3763 1126 3820 et
1152 3775 1196 3819 ne
1223 3754 1342 3840 aliquis
1368 3753 1509 3819 effectus
1535 3750 1656 3817 exinde
1683 3760 1848 3835 sequatur,

490 3857 616 3922 clerum
633 3862 693 3925 sub
710 3880 825 3926 eorum
841 3860 1000 3941 dominio,
1017 3861 1169 3928 districtu
1187 3870 1222 3928 et
1237 3862 1405 3928 territorio
1426 3860 1655 3938 constitutum,
1669 3857 1848 3943 aliquando

489 3963 643 4045 precibus
659 3963 782 4029 illicitis
797 3964 851 4027 vel
868 3965 975 4045 minis,
989 3965 1170 4051 aliquando
1179 3967 1300 4032 timore
1316 3967 1370 4031 vel
1381 3973 1483 4046 metu,
1499 3964 1555 4048 qui
1570 3962 1672 4028 debet
1688 3970 1723 4027 et
1738 3969 1848 4049 potest

489 4066 608 4130 cadere
621 4067 653 4130 iu
671 4074 866 4132 constantes
880 4068 979 4149 viros,
995 4079 1033 4134 ut
1049 4069 1239 4157 hujusmodi
1256 4068 1551 4157 provocationibus
1566 4075 1601 4131 et
1616 4067 1846 4153 appellationi·

489 4170 550 4232 bus
567 4169 690 4234 frivolis
706 4171 896 4236 adheserint
912 4179 946 4236 et
962 4171 1154 4257 adhereant,
1162 4175 1539 4258 induxerunt‚cogerunt
1554 4180 1589 4237 et
1605 4172 1846 4257 compulerunt,

487 4270 659 4354 inducunt,
675 4285 797 4360 cogunt
814 4283 848 4341 et
865 4276 1072 4362 compellunt
1088 4302 1095 4358 ;
1112 4281 1166 4344 vel
1184 4281 1210 4345 si
1226 4278 1414 4364 hujusmodi
1432 4277 1537 4342 clerus
1552 4274 1845 4362 provocationibus

485 4384 520 4441 et
540 4378 821 4463 appellationibus
846 4380 967 4444 talibus
993 4382 1136 4448 noluerit
1168 4392 1202 4450 et
1223 4384 1308 4450 nolit
1333 4382 1503 4461 adherere,
1527 4378 1764 4444 nichilominus
1786 4398 1845 4464 per

484 4480 615 4564 aliquos
634 4482 863 4547 conducticios
879 4484 1079 4565 sacerdotes
1090 4495 1162 4552 tam
1179 4509 1291 4554 coram
1314 4509 1348 4553 se
1364 4482 1671 4562 excommunicatis,
1689 4500 1791 4565 quarn
1809 4482 1841 4546 in

483 4583 671 4666 hujusmodi
698 4586 791 4649 terris
818 4586 883 4651 suis
899 4587 946 4652 sic
971 4588 1166 4672 interdictis,
1190 4594 1313 4678 passim
1339 4593 1488 4658 fecerunt
1513 4595 1547 4653 et
1573 4585 1700 4651 faciunt
1727 4584 1839 4651 divina

481 4684 692 4770 prophanari.
710 4685 764 4751 Ne
781 4689 879 4772 igitur
894 4692 937 4755 de
953 4701 1066 4759 cetero
1082 4696 1163 4760 talia
1185 4698 1238 4761 vel
1261 4696 1447 4762 consimilia
1475 4692 1610 4756 valeant
1626 4697 1839 4776 attemptare,

480 4788 672 4875 supplicant
687 4791 827 4876 predicti
845 4793 991 4876 Electus,
1008 4797 1232 4864 vicedecanus
1244 4808 1278 4864 et
1295 4798 1488 4884 capitulum,
1502 4803 1593 4880 quat.
1607 4793 1686 4879 ipsis
1698 4801 1840 4879 paterno
1876 4800 1877 4805 ’

479 4893 725 4979 compatientes
740 4896 873 4978 affectu,
891 4901 1077 4985 hujusmodi
1091 4903 1289 4969 adhesiones
1303 4902 1427 4968 fiendas
1437 4898 1691 4987 quomodolibet
1705 4897 1736 4961 in
1755 4898 1838 4963 sutu-

465 4992 551 5061 'rum
568 4998 750 5082 dignemini
763 5000 941 5068 decenrcre
952 5006 1187 5086 nullas,irritas
1197 5019 1229 5074 et
1244 5010 1367 5088 inance,
1381 5007 1526 5092 ipsisque
1537 5024 1604 5067 non
1616 5002 1717 5067 licere
1730 5001 1838 5086 hujus-

511 5227 531 5273 1.
551 5225 650 5283 vrrs-cn,
668 5225 743 5275 narr..
762 5226 816 5274 ers.
831 5254 863 5261 *a
881 5229 901 5276 a,
916 5226 962 5277 rt..
976 5231 1029 5290 ers,
1043 5232 1096 5291 ere,
1110 5233 1168 5284 ese.
