4650 6059
425 810 427 813 ψ
484 765 547 829 404
993 762 1081 835 1849,
1104 759 1191 824 15-16
1213 757 1329 823 fertior.

487 916 604 983 clausit
629 924 816 981 extremum
836 927 855 998 ¹,
883 924 971 982 auct.
998 915 1184 980 litterarum
1212 919 1399 977 vestrarum
1421 910 1508 977 infra
1534 921 1672 1000 tempus
1701 915 1844 983 debitum

486 1020 687 1104 acceptavit,
703 1020 745 1086 de
761 1040 827 1104 qua
842 1027 979 1107 propter
992 1016 1181 1085 absentiam
1197 1023 1416 1081 executorum
1431 1036 1566 1083 suorum
1577 1037 1648 1084 non
1663 1022 1779 1105 potuit
1793 1021 1845 1087 sibi

486 1125 596 1190 facere
612 1124 790 1210 provideri.
807 1124 892 1190 Cum
907 1133 1020 1191 autem
1037 1122 1127 1188 idem
1143 1120 1303 1186 Eracleus
1325 1121 1446 1187 timeat
1467 1121 1559 1205 quod
1573 1124 1750 1208 prebenda
1774 1126 1843 1212 ipsa,

486 1235 639 1313 tempore
656 1229 900 1314 acceptationis
926 1224 1115 1312 hujusmodi
1143 1224 1302 1289 existeret
1322 1230 1503 1305 reservata,
1520 1232 1556 1289 et
1569 1225 1714 1310 proinde
1740 1237 1843 1313 posset

487 1332 659 1397 molestari
677 1331 895 1418 imposterum
911 1352 1009 1418 super
1024 1330 1092 1411 illa,
1116 1328 1288 1393 humiliter
1309 1348 1404 1414 supp.
1421 1327 1512 1394 idem
1529 1326 1747 1413 Bertrandus,
1764 1343 1842 1417 quat

486 1435 678 1521 inpetitioni
694 1435 776 1501 dicti
794 1435 936 1516 Eraclei,
953 1456 1018 1520 que
1034 1453 1133 1519 super
1159 1433 1225 1499 hoc
1252 1441 1365 1517 posset
1391 1432 1473 1514 fieri,
1490 1441 1717 1516 occurrentes,
1739 1435 1841 1521 digne·

487 1538 567 1602 mini
581 1540 850 1624 acceptationem
863 1538 1052 1625 hujusmodi
1062 1545 1170 1603 ratam
1186 1546 1220 1602 et
1231 1545 1361 1622 gratam
1373 1538 1740 1617 habere,reservatione
1749 1540 1838 1625 quali·

486 1644 544 1707 bet
560 1664 628 1707 non
645 1646 741 1725 obst„
755 1666 795 1711 ac
810 1644 989 1710 decernere
1004 1641 1144 1729 perinde
1170 1643 1281 1707 valere
1309 1661 1350 1708 ac
1374 1642 1400 1707 si
1426 1641 1470 1708 de
1486 1642 1543 1708 illa
1562 1642 1656 1707 nulla
1671 1644 1838 1710 reservatio

487 1746 575 1812 lacta
591 1748 676 1813 soret
692 1748 820 1833 sibique
836 1749 1011 1835 providere
1027 1755 1085 1813 aut
1101 1746 1267 1834 provideri
1291 1747 1451 1813 mandare
1465 1748 1508 1814 de
1521 1747 1641 1813 eadem
1654 1770 1663 1828 ;
1679 1767 1750 1813 non
1764 1750 1835 1815 obst.

487 1851 578 1935 quod
594 1850 683 1916 idem
701 1852 861 1919 Eracleus
877 1853 1097 1919 canonicatus
1123 1859 1158 1918 et
1180 1851 1367 1938 prebendas
1390 1852 1542 1918 obtineat
1558 1852 1592 1917 in
1608 1852 1761 1918 ecclesiis
1779 1851 1835 1918 Bri·

487 1963 611 2035 vaten.,
628 1954 659 2019 S.
678 1954 767 2022 Flori
783 1957 880 2039 dioc,
897 1956 1158 2037 Claromonteu.,
1176 1955 1367 2038 Camoten.,
1394 1954 1616 2037 Bisuntinen„
1637 1965 1674 2022 et
1689 1956 1833 2024 archidia-

487 2066 648 2122 conatum
661 2057 703 2123 de
719 2057 875 2145 Grayaco
891 2061 924 2126 in
940 2060 1058 2126 eadem
1074 2061 1157 2127 eccl.
1175 2058 1383 2127 Bisuntin'en.
1398 2059 1488 2126 acin
1503 2059 1577 2126 ead.
1592 2059 1831 2128 ecclLeodien.

488 2162 703 2246 prebendam,
718 2162 920 2248 dignitatem
935 2186 993 2230 seu
1008 2164 1157 2231 officium
1174 2165 1322 2230 noscitur
1337 2171 1527 2251 expectare.
1542 2203 1586 2213 —
1602 2162 1681 2229 Fiat
1696 2164 1738 2231 R.

533 2265 611 2329 Dat.
627 2266 727 2332 Avin.
740 2266 806 2333 kal.
824 2267 904 2334 febr.
920 2275 954 2333 a⁰
971 2276 1012 2352 7⁰.
1030 2268 1080 2353 (6,
1101 2269 1188 2352 141).

543 2392 680 2475 1502·
1498 2430 1593 2495 1349,
1614 2430 1657 2493 15
1664 2412 1797 2499 ferrar.

532 2508 632 2575 Motu
647 2511 782 2596 proprio
798 2513 1011 2597 providemus
1026 2535 1113 2599 mag.
1125 2512 1264 2599 Hugoni
1280 2513 1322 2580 de
1335 2513 1463 2595 Rocha,
1473 2514 1558 2600 regis
1571 2512 1713 2581 Francie
1728 2514 1827 2582 clerico

488 2614 521 2678 in
538 2635 671 2680 camera
688 2623 933 2701 compotorum,
949 2616 991 2682 de
1008 2638 1082 2683 can.
1111 2626 1145 2684 et
1170 2620 1262 2704 preb.
1279 2618 1361 2685 eccl.
1378 2616 1607 2698 Cameracen.,
1622 2638 1697 2684 vac.
1713 2640 1771 2705 per
1786 2620 1826 2683 ob.

486 2716 506 2793 J
509 2718 652 2783 ohannis
667 2718 709 2783 de
724 2717 881 2786 Tomaco
897 2735 918 2801 ²,
946 2720 1003 2804 qui
1026 2741 1132 2807 nuper
1147 2729 1243 2786 extra
1260 2721 1387 2787 curiam
1401 2721 1492 2788 diem
1508 2722 1627 2787 clausit
1650 2730 1826 2799 extremum,

486 2823 578 2905 cujus
604 2823 769 2888 beneficia
794 2833 874 2889 ante
891 2824 993 2911 ipsius
1019 2823 1245 2891 obduximus
1269 2825 1477 2892 reservanda.
1492 2866 1536 2876 —
1563 2823 1641 2891 Fiat
1663 2835 1758 2893 motu
1770 2844 1826 2913 pro

486 2925 560 3011 prio
576 2925 616 2990 R.

529 3029 608 3094 Dat.
624 3029 725 3095 Avin.
745 3050 781 3115 15
798 3030 866 3097 kal.
881 3039 978 3097 mart.
994 3037 1028 3095 a⁰
1045 3037 1086 3115 7⁰.
1104 3031 1154 3115 (6,
1176 3035 1278 3117 141').

538 3159 678 3241 1503·
1499 3193 1594 3256 1349,
1613 3173 1654 3237 16
1661 3174 1793 3261 scorrer.

529 3275 584 3340 ΒΜ
601 3276 710 3340 Pater.
728 3275 814 3339 Cum
831 3275 864 3338 in
890 3276 996 3359 gratia
1024 3297 1084 3363 per
1099 3276 1130 3342 S.
1147 3276 1187 3342 V.
1202 3298 1309 3363 nuper
1321 3278 1410 3343 sacta
1427 3275 1632 3361 Raymundo
1648 3276 1690 3342 de
1701 3277 1823 3348 Amaco,
1863 3349 1870 3378 ἦ

487 3378 609 3442 clerico
625 3378 840 3442 Lemovicen.
857 3377 953 3458 dioc„
967 3379 1009 3443 (le
1026 3381 1108 3444 eccl.
1135 3379 1178 3443 de
1204 3379 1331 3461 Palma,
1350 3379 1546 3445 Narbonen.
1559 3377 1658 3458 dioc,
1675 3380 1769 3445 suerit
1780 3392 1825 3462 per
1866 3397 1870 3404 ·

487 3502 632 3546 errorem
664 3481 823 3546 omissum
854 3482 944 3565 quod
973 3483 1100 3548 dudum
1132 3484 1172 3550 E.
1189 3484 1228 3550 V.
1259 3485 1320 3549 sibi
1350 3485 1392 3549 de
1423 3483 1678 3550 canonicatibus
1694 3491 1728 3549 et
1752 3482 1823 3569 preb.
1866 3487 1870 3492 '

486 3582 723 3665 Maeliniensis,
741 3583 954 3650 Cameracen.
970 3586 1068 3667 dioc„
1085 3597 1120 3652 et
1145 3587 1406 3653 Columbriensis
1430 3586 1658 3667 ecclesiarum,
1675 3586 1717 3652 de
1733 3583 1824 3653 officio

485 3689 635 3753 cantorie
651 3689 751 3773 ipsius
767 3688 908 3754 ecclesie
926 3686 1155 3755 Macliniensis
1179 3690 1321 3755 duxerat
1341 3687 1596 3774 providendum,
1612 3709 1714 3775 super
1727 3688 1825 3774 quibus
1867 3747 1870 3778 Ι

482 3791 728 3877 provisionibus
754 3792 904 3858 nondum
931 3792 1042 3858 littere
1069 3802 1146 3858 sunt
1174 3793 1339 3874 confecte,
1370 3794 1524 3878 dignetur
1553 3792 1586 3858 S.
1614 3791 1655 3859 V.
1686 3791 1826 3859 mandare
1867 3785 1870 3878 1

482 3915 625 3961 errorem
642 3896 831 3980 hujusmodi
853 3897 970 3981 corrigi
987 3904 1022 3962 et
1038 3896 1166 3962 litteras
1181 3917 1280 3983 super
1295 3897 1361 3962 hoc
1377 3897 1446 3961 fieri
1463 3917 1540 3962 cum
1555 3896 1826 3963 nonobstantibus
1868 3889 1870 3904 '

483 3999 690 4083 supradictis
706 4039 749 4047 —
766 3998 842 4063 Fiat
859 3999 899 4064 R.
1206 4021 1208 4028 ·

529 4102 606 4167 Dat.
623 4102 723 4167 Avin.
744 4122 781 4185 14
798 4101 865 4167 kal.
882 4112 978 4168 mart.
995 4109 1027 4167 a⁰
1045 4110 1087 4187 7⁰.
1105 4104 1154 4189 (6,
1175 4107 1277 4189 144').

539 4237 846 4319 1504-1505.
1496 4274 1592 4339 1349,
1609 4256 1653 4321 16
1659 4258 1795 4345 scorrer.

528 4353 629 4438 Supp.
646 4352 834 4420 Bernardus
860 4355 902 4419 de
928 4354 1096 4438 Nexoni0,
1124 4357 1263 4423 clericus
1288 4380 1419 4424 camere
1435 4359 1632 4426 Sanctitatis
1649 4359 1801 4446 Ejusdem
1814 4365 1829 4431 ³,

484 4464 575 4540 quat.
590 4456 720 4542 [nepoti
737 4478 796 4522 suo
812 4457 960 4534 Jolranni
976 4459 1019 4524 de
1035 4459 1183 4527 Banchis
1193 4473 1212 4543 ⁴,
1229 4463 1428 4549 presbitero]
1442 4465 1541 4531 castri
1557 4464 1784 4544 Lemovicen.,
1797 4462 1830 4527 de

483 4580 556 4625 can.
573 4569 607 4624 et
638 4564 728 4646 preb.
746 4562 776 4627 S.
804 4562 980 4647 Gaugerici
1008 4564 1234 4646 Cameracen.,
1261 4586 1334 4632 vac.
1372 4587 1432 4653 per
1455 4578 1598 4633 mortem
1622 4568 1785 4646 Johannis
1797 4565 1831 4630 de

484 4660 641 4727 Neronio
656 4670 675 4742 ⁵,
703 4665 874 4748 quondam
899 4667 1002 4731 etiam
1023 4670 1157 4752 nepotis
1186 4669 1246 4750 sui,
1271 4668 1327 4753 qui
1356 4677 1449 4735 extra
1477 4670 1574 4736 Rom.
1600 4673 1731 4738 curiam
1754 4671 1830 4738 diem

482 4786 577 4829 suum
594 4767 712 4832 clausit
728 4778 925 4850 extremum,
942 4770 1052 4834 eidem
1068 4769 1228 4852 Johanni,
1245 4772 1308 4837 nisi
1326 4774 1369 4838 sit
1386 4774 1480 4838 alteri
1503 4774 1555 4859 jus
1573 4776 1753 4859 quesitum,
1768 4792 1830 4861 pro

481 4868 594 4934 videre
611 4871 791 4955 dignemini
805 4895 814 4953 ;
831 4894 901 4938 non
918 4876 1003 4939 obst.
1020 4874 1110 4958 quod
1126 4876 1280 4959 parroclr.
1297 4877 1378 4943 eccl.
1395 4878 1437 4942 de
1462 4876 1620 4961 Marisc0,
1638 4878 1829 4947 Noviomen.

515 5044 536 5090 l.
554 5042 634 5089 chri
654 5042 687 5089 de
708 5042 824 5103 Colognc,
846 5043 940 5092 decedo
960 5045 983 5093 le
1005 5048 1034 5093 16
1053 5047 1140 5108 juillet
1158 5049 1220 5097 1348
1240 5049 1285 5109 (dc
1306 5049 1401 5110 Thcux,
1421 5051 1455 5109 ΙΙ,
1476 5051 1527 5112 80).
1542 5078 1575 5088 -
1592 5051 1691 5100 2.Voir
1702 5066 1728 5101 rr.
1740 5053 1790 5100 736.
1803 5072 1827 5084 ⁶

479 5117 501 5201 3.
513 5115 829 5237 tir-Chidiffiessgmnvers
848 5117 912 5165 dans
933 5117 1028 5180 l'6glrsc
1047 5121 1080 5169 de
1092 5121 1213 5170 Cambrui
1225 5124 1296 5185 (voir
1307 5138 1332 5171 n.
1345 5126 1382 5183 12,
1398 5127 1434 5183 lll,
1449 5124 1531 5185 1147).
1544 5151 1576 5162 -
1595 5126 1619 5173 4⁴.
1631 5124 1696 5173 Voir
1707 5139 1732 5175 n.
1743 5125 1792 5174 906.
1802 5145 1826 5157 ⁶

477 5207 499 5234 a.
536 5201 610 5237 orrn.
657 5193 676 5246 ¹,
722 5192 745 5237 5.
