<?xml version="1.0" encoding="UTF-8"?>
<!DOCTYPE html PUBLIC "-//W3C//DTD XHTML 1.0 Transitional//EN"
    "http://www.w3.org/TR/xhtml1/DTD/xhtml1-transitional.dtd">
<html xmlns="http://www.w3.org/1999/xhtml" xml:lang="en" lang="en">
 <head>
  <title>
</title>
<meta http-equiv="Content-Type" content="text/html;charset=utf-8" />
  <meta name='ocr-system' content='tesseract 3.04.00' />
  <meta name='ocr-capabilities' content='ocr_page ocr_carea ocr_par ocr_line ocrx_word'/>
</head>
<body>
  <div class='ocr_page' id='page_1' title='image "./suppliquesdeclm00goog_0631.png"; bbox 0 0 4650 6059; ppageno 0'>
   <div class='ocr_carea' id='block_1_1' title="bbox 479 786 1796 1035">
    <p class='ocr_par' dir='ltr' id='par_1_1' title="bbox 479 786 1796 1035">
     <span class='ocr_line' id='line_1_1' title="bbox 479 786 1276 865; baseline -0.003 -16"><span class='ocrx_word' id='word_1_1' title='bbox 479 786 539 849; x_wconf 81' lang='lat'><strong>572</strong></span> <span class='ocrx_word' id='word_1_2' title='bbox 1034 786 1116 857; x_wconf 82' lang='lat' dir='ltr'><strong>135l,</strong></span> <span class='ocrx_word' id='word_1_3' title='bbox 1140 786 1179 850; x_wconf 83' lang='lat'><strong>28</strong></span> <span class='ocrx_word' id='word_1_4' title='bbox 1199 786 1276 865; x_wconf 87' lang='lat' dir='ltr'><strong>juin.</strong></span> 
     </span>
     <span class='ocr_line' id='line_1_2' title="bbox 530 935 1796 1035; baseline 0.001 -19"><span class='ocrx_word' id='word_1_5' title='bbox 530 935 843 1019; x_wconf 84' lang='lat'><strong>2206-2207.</strong></span> <span class='ocrx_word' id='word_1_6' title='bbox 1537 971 1640 1035; x_wconf 76' lang='lat'><em>1351,</em></span> <span class='ocrx_word' id='word_1_7' title='bbox 1663 954 1709 1016; x_wconf 83' lang='lat'><strong>28</strong></span> <span class='ocrx_word' id='word_1_8' title='bbox 1718 952 1796 1033; x_wconf 83' lang='lat' dir='ltr'><strong>juin.</strong></span> 
     </span>
    </p>
   </div>
   <div class='ocr_carea' id='block_1_2' title="bbox 480 1052 1834 2385">
    <p class='ocr_par' dir='ltr' id='par_1_2' title="bbox 480 1052 1834 2385">
     <span class='ocr_line' id='line_1_3' title="bbox 523 1052 1824 1143; baseline 0.002 -26"><span class='ocrx_word' id='word_1_9' title='bbox 523 1054 623 1139; x_wconf 89' lang='lat' dir='ltr'><strong>Supp.</strong></span> <span class='ocrx_word' id='word_1_10' title='bbox 655 1063 765 1118; x_wconf 88' lang='lat' dir='ltr'><strong>vester</strong></span> <span class='ocrx_word' id='word_1_11' title='bbox 798 1054 970 1119; x_wconf 85' lang='lat' dir='ltr'><strong>familiaris</strong></span> <span class='ocrx_word' id='word_1_12' title='bbox 1004 1052 1106 1139; x_wconf 89' lang='lat' dir='ltr'><strong>Hugo</strong></span> <span class='ocrx_word' id='word_1_13' title='bbox 1139 1054 1182 1117; x_wconf 90' lang='lat' dir='ltr'><strong>de</strong></span> <span class='ocrx_word' id='word_1_14' title='bbox 1216 1052 1381 1134; x_wconf 87' lang='lat' dir='ltr'><strong>Cosnaco,</strong></span> <span class='ocrx_word' id='word_1_15' title='bbox 1406 1054 1502 1120; x_wconf 89' lang='lat' dir='ltr'><strong>miles</strong></span> <span class='ocrx_word' id='word_1_16' title='bbox 1515 1063 1535 1133; x_wconf 86' lang='lat'><strong>¹,</strong></span> <span class='ocrx_word' id='word_1_17' title='bbox 1561 1063 1660 1139; x_wconf 90' lang='lat' dir='ltr'><strong>quat.</strong></span> <span class='ocrx_word' id='word_1_18' title='bbox 1693 1056 1824 1143; x_wconf 84' lang='lat' dir='ltr'><strong>[Symmi</strong></span> 
     </span>
     <span class='ocr_line' id='line_1_4' title="bbox 482 1156 1826 1243; baseline 0.002 -22"><span class='ocrx_word' id='word_1_19' title='bbox 482 1156 625 1222; x_wconf 85' lang='lat' dir='ltr'><strong>Monerii</strong></span> <span class='ocrx_word' id='word_1_20' title='bbox 642 1174 663 1237; x_wconf 85' lang='lat'><strong>²,</strong></span> <span class='ocrx_word' id='word_1_21' title='bbox 680 1156 818 1243; x_wconf 89' lang='lat' dir='ltr'><strong>clerico]</strong></span> <span class='ocrx_word' id='word_1_22' title='bbox 845 1156 1061 1223; x_wconf 75' lang='lat' dir='ltr'><strong>Lemovicen.</strong></span> <span class='ocrx_word' id='word_1_23' title='bbox 1076 1156 1174 1237; x_wconf 83' lang='lat' dir='ltr'><strong>dioc,</strong></span> <span class='ocrx_word' id='word_1_24' title='bbox 1191 1156 1232 1222; x_wconf 94' lang='lat' dir='ltr'><strong>de</strong></span> <span class='ocrx_word' id='word_1_25' title='bbox 1248 1157 1374 1222; x_wconf 87' lang='lat' dir='ltr'><strong>vicaria</strong></span> <span class='ocrx_word' id='word_1_26' title='bbox 1400 1178 1457 1223; x_wconf 90' lang='lat' dir='ltr'><strong>seu</strong></span> <span class='ocrx_word' id='word_1_27' title='bbox 1473 1160 1629 1243; x_wconf 89' lang='lat' dir='ltr'><strong>parrocb.</strong></span> <span class='ocrx_word' id='word_1_28' title='bbox 1646 1157 1826 1225; x_wconf 80' lang='lat' dir='ltr'><strong>ecclesiade</strong></span> 
     </span>
     <span class='ocr_line' id='line_1_5' title="bbox 481 1260 1826 1346; baseline 0.004 -22"><span class='ocrx_word' id='word_1_29' title='bbox 481 1260 688 1345; x_wconf 86' lang='lat' dir='ltr'><strong>Longavilla,</strong></span> <span class='ocrx_word' id='word_1_30' title='bbox 701 1260 878 1326; x_wconf 85' lang='lat' dir='ltr'><strong>Ebroicen.</strong></span> <span class='ocrx_word' id='word_1_31' title='bbox 894 1260 991 1341; x_wconf 82' lang='lat' dir='ltr'><strong>dioc,</strong></span> <span class='ocrx_word' id='word_1_32' title='bbox 1002 1269 1037 1324; x_wconf 89' lang='lat' dir='ltr'><strong>et</strong></span> <span class='ocrx_word' id='word_1_33' title='bbox 1047 1281 1120 1325; x_wconf 89' lang='lat' dir='ltr'><strong>can.</strong></span> <span class='ocrx_word' id='word_1_34' title='bbox 1137 1270 1172 1325; x_wconf 92' lang='lat' dir='ltr'><strong>et</strong></span> <span class='ocrx_word' id='word_1_35' title='bbox 1188 1263 1279 1346; x_wconf 86' lang='lat' dir='ltr'><strong>preb.</strong></span> <span class='ocrx_word' id='word_1_36' title='bbox 1296 1261 1436 1326; x_wconf 82' lang='lat' dir='ltr'><strong>ecclesie</strong></span> <span class='ocrx_word' id='word_1_37' title='bbox 1452 1260 1647 1342; x_wconf 85' lang='lat' dir='ltr'><strong>lusulensis‚</strong></span> <span class='ocrx_word' id='word_1_38' title='bbox 1658 1261 1826 1329; x_wconf 70' lang='lat' dir='ltr'><strong>Tomacet</strong></span> 
     </span>
     <span class='ocr_line' id='line_1_6' title="bbox 481 1363 1826 1450; baseline 0.004 -22"><span class='ocrx_word' id='word_1_39' title='bbox 481 1363 577 1442; x_wconf 85' lang='lat' dir='ltr'><strong>dioc,</strong></span> <span class='ocrx_word' id='word_1_40' title='bbox 594 1384 666 1430; x_wconf 86' lang='lat' dir='ltr'><strong>vac.</strong></span> <span class='ocrx_word' id='word_1_41' title='bbox 682 1385 742 1449; x_wconf 90' lang='lat' dir='ltr'><strong>per</strong></span> <span class='ocrx_word' id='word_1_42' title='bbox 758 1367 811 1429; x_wconf 94' lang='lat' dir='ltr'><strong>ob.</strong></span> <span class='ocrx_word' id='word_1_43' title='bbox 834 1363 1000 1442; x_wconf 86' lang='lat' dir='ltr'><strong>Jolrannis</strong></span> <span class='ocrx_word' id='word_1_44' title='bbox 1026 1364 1175 1449; x_wconf 76' lang='lat' dir='ltr'><strong>Alegrin,</strong></span> <span class='ocrx_word' id='word_1_45' title='bbox 1198 1364 1306 1429; x_wconf 92' lang='lat' dir='ltr'><strong>ultimi</strong></span> <span class='ocrx_word' id='word_1_46' title='bbox 1332 1365 1469 1431; x_wconf 92' lang='lat' dir='ltr'><strong>rectoris</strong></span> <span class='ocrx_word' id='word_1_47' title='bbox 1496 1364 1661 1450; x_wconf 87' lang='lat' dir='ltr'><strong>ejusdem,</strong></span> <span class='ocrx_word' id='word_1_48' title='bbox 1679 1364 1826 1445; x_wconf 81' lang='lat' dir='ltr'><strong>etJaooti</strong></span> 
     </span>
     <span class='ocr_line' id='line_1_7' title="bbox 480 1465 1827 1553; baseline 0.004 -22"><span class='ocrx_word' id='word_1_49' title='bbox 480 1465 523 1531; x_wconf 90' lang='lat' dir='ltr'><strong>de</strong></span> <span class='ocrx_word' id='word_1_50' title='bbox 535 1466 656 1547; x_wconf 88' lang='lat' dir='ltr'>Fossis,</span> <span class='ocrx_word' id='word_1_51' title='bbox 666 1467 774 1532; x_wconf 92' lang='lat' dir='ltr'><strong>ultimi</strong></span> <span class='ocrx_word' id='word_1_52' title='bbox 788 1467 938 1533; x_wconf 89' lang='lat' dir='ltr'><strong>canonici</strong></span> <span class='ocrx_word' id='word_1_53' title='bbox 955 1467 1115 1552; x_wconf 86' lang='lat' dir='ltr'><strong>ejusdem,</strong></span> <span class='ocrx_word' id='word_1_54' title='bbox 1125 1468 1181 1553; x_wconf 91' lang='lat' dir='ltr'><strong>qui</strong></span> <span class='ocrx_word' id='word_1_55' title='bbox 1194 1475 1289 1533; x_wconf 88' lang='lat' dir='ltr'><strong>extra</strong></span> <span class='ocrx_word' id='word_1_56' title='bbox 1303 1466 1401 1534; x_wconf 92' lang='lat' dir='ltr'><strong>Rom.</strong></span> <span class='ocrx_word' id='word_1_57' title='bbox 1412 1468 1537 1534; x_wconf 88' lang='lat' dir='ltr'><strong>curiam</strong></span> <span class='ocrx_word' id='word_1_58' title='bbox 1547 1467 1641 1534; x_wconf 92' lang='lat' dir='ltr'><strong>diem</strong></span> <span class='ocrx_word' id='word_1_59' title='bbox 1658 1471 1827 1537; x_wconf 80' lang='lat' dir='ltr'><strong>clauserunt</strong></span> 
     </span>
     <span class='ocr_line' id='line_1_8' title="bbox 481 1570 1829 1658; baseline 0.004 -25"><span class='ocrx_word' id='word_1_60' title='bbox 481 1578 679 1650; x_wconf 89' lang='lat' dir='ltr'><strong>extremum,</strong></span> <span class='ocrx_word' id='word_1_61' title='bbox 696 1580 731 1635; x_wconf 91' lang='lat' dir='ltr'><strong>et</strong></span> <span class='ocrx_word' id='word_1_62' title='bbox 747 1591 806 1656; x_wconf 93' lang='lat' dir='ltr'><strong>per</strong></span> <span class='ocrx_word' id='word_1_63' title='bbox 828 1570 1090 1636; x_wconf 79' lang='lat' dir='ltr'><strong>reservationem</strong></span> <span class='ocrx_word' id='word_1_64' title='bbox 1106 1591 1166 1657; x_wconf 89' lang='lat' dir='ltr'><strong>per</strong></span> <span class='ocrx_word' id='word_1_65' title='bbox 1177 1579 1288 1658; x_wconf 82' lang='lat' dir='ltr'>apost.</span> <span class='ocrx_word' id='word_1_66' title='bbox 1304 1572 1418 1638; x_wconf 91' lang='lat' dir='ltr'><strong>sedem</strong></span> <span class='ocrx_word' id='word_1_67' title='bbox 1442 1572 1579 1653; x_wconf 86' lang='lat' dir='ltr'><strong>factam,</strong></span> <span class='ocrx_word' id='word_1_68' title='bbox 1597 1594 1680 1639; x_wconf 94' lang='lat' dir='ltr'><strong>cum</strong></span> <span class='ocrx_word' id='word_1_69' title='bbox 1697 1574 1829 1641; x_wconf 82' lang='lat' dir='ltr'><strong>omuibus</strong></span> 
     </span>
     <span class='ocr_line' id='line_1_9' title="bbox 483 1673 1829 1765; baseline 0.003 -27"><span class='ocrx_word' id='word_1_70' title='bbox 483 1673 640 1761; x_wconf 87' lang='lat' dir='ltr'><strong>[juribus]</strong></span> <span class='ocrx_word' id='word_1_71' title='bbox 666 1683 701 1741; x_wconf 91' lang='lat' dir='ltr'><strong>et</strong></span> <span class='ocrx_word' id='word_1_72' title='bbox 717 1675 926 1761; x_wconf 82' lang='lat' dir='ltr'><strong>pertinentiis</strong></span> <span class='ocrx_word' id='word_1_73' title='bbox 950 1675 1363 1762; x_wconf 74' lang='lat' dir='ltr'><strong>digneminiprovidere3</strong></span> <span class='ocrx_word' id='word_1_74' title='bbox 1387 1678 1455 1742; x_wconf 89' lang='lat' dir='ltr'><strong>non</strong></span> <span class='ocrx_word' id='word_1_75' title='bbox 1481 1680 1566 1744; x_wconf 91' lang='lat' dir='ltr'><strong>obst.</strong></span> <span class='ocrx_word' id='word_1_76' title='bbox 1584 1678 1682 1762; x_wconf 93' lang='lat' dir='ltr'><strong>quod</strong></span> <span class='ocrx_word' id='word_1_77' title='bbox 1697 1679 1829 1765; x_wconf 82' lang='lat' dir='ltr'><strong>parroch.</strong></span> 
     </span>
     <span class='ocr_line' id='line_1_10' title="bbox 481 1779 1829 1866; baseline 0.004 -24"><span class='ocrx_word' id='word_1_78' title='bbox 481 1779 659 1844; x_wconf 90' lang='lat' dir='ltr'><strong>ecclesiam</strong></span> <span class='ocrx_word' id='word_1_79' title='bbox 675 1779 718 1844; x_wconf 91' lang='lat' dir='ltr'><strong>de</strong></span> <span class='ocrx_word' id='word_1_80' title='bbox 729 1779 959 1865; x_wconf 79' lang='lat' dir='ltr'><strong>&#39;Dampnhaco</strong></span> <span class='ocrx_word' id='word_1_81' title='bbox 975 1801 1052 1845; x_wconf 92' lang='lat' dir='ltr'><strong>cum</strong></span> <span class='ocrx_word' id='word_1_82' title='bbox 1062 1780 1378 1866; x_wconf 88' lang='lat' dir='ltr'><strong>archipresbiteratu</strong></span> <span class='ocrx_word' id='word_1_83' title='bbox 1393 1780 1492 1846; x_wconf 89' lang='lat' dir='ltr'><strong>Brive</strong></span> <span class='ocrx_word' id='word_1_84' title='bbox 1509 1781 1621 1848; x_wconf 90' lang='lat' dir='ltr'><strong>eidem</strong></span> <span class='ocrx_word' id='word_1_85' title='bbox 1647 1794 1829 1860; x_wconf 71' lang='lat' dir='ltr'><strong>annexae</strong></span> 
     </span>
     <span class='ocr_line' id='line_1_11' title="bbox 481 1882 1833 1968; baseline 0.004 -23"><span class='ocrx_word' id='word_1_86' title='bbox 481 1901 553 1947; x_wconf 90' lang='lat' dir='ltr'><strong>can.</strong></span> <span class='ocrx_word' id='word_1_87' title='bbox 570 1891 605 1946; x_wconf 94' lang='lat' dir='ltr'><strong>et</strong></span> <span class='ocrx_word' id='word_1_88' title='bbox 621 1885 712 1968; x_wconf 88' lang='lat' dir='ltr'><strong>preb.</strong></span> <span class='ocrx_word' id='word_1_89' title='bbox 737 1884 878 1949; x_wconf 89' lang='lat' dir='ltr'><strong>ecclesie</strong></span> <span class='ocrx_word' id='word_1_90' title='bbox 902 1882 1154 1964; x_wconf 84' lang='lat' dir='ltr'><strong>Anthoniensis‚</strong></span> <span class='ocrx_word' id='word_1_91' title='bbox 1182 1892 1216 1949; x_wconf 95' lang='lat' dir='ltr'><strong>et</strong></span> <span class='ocrx_word' id='word_1_92' title='bbox 1244 1884 1276 1948; x_wconf 93' lang='lat' dir='ltr'><strong>in</strong></span> <span class='ocrx_word' id='word_1_93' title='bbox 1303 1886 1443 1950; x_wconf 90' lang='lat' dir='ltr'><strong>ecclesia</strong></span> <span class='ocrx_word' id='word_1_94' title='bbox 1470 1884 1508 1950; x_wconf 90' lang='lat' dir='ltr'><strong>B.</strong></span> <span class='ocrx_word' id='word_1_95' title='bbox 1538 1883 1589 1950; x_wconf 91' lang='lat' dir='ltr'><strong>M.</strong></span> <span class='ocrx_word' id='word_1_96' title='bbox 1614 1886 1661 1952; x_wconf 90' lang='lat' dir='ltr'><strong>de</strong></span> <span class='ocrx_word' id='word_1_97' title='bbox 1688 1887 1722 1953; x_wconf 90' lang='lat' dir='ltr'><strong>S.</strong></span> <span class='ocrx_word' id='word_1_98' title='bbox 1747 1886 1833 1953; x_wconf 83' lang='lat' dir='ltr'><strong>Paulo</strong></span> 
     </span>
     <span class='ocr_line' id='line_1_12' title="bbox 480 1984 1833 2073; baseline 0.007 -24"><span class='ocrx_word' id='word_1_99' title='bbox 480 1984 649 2069; x_wconf 87' lang='lat' dir='ltr'><strong>quandam</strong></span> <span class='ocrx_word' id='word_1_100' title='bbox 665 1988 827 2072; x_wconf 87' lang='lat' dir='ltr'><strong>capellan.</strong></span> <span class='ocrx_word' id='word_1_101' title='bbox 841 2007 945 2073; x_wconf 67' lang='lat' dir='ltr'><strong>perp„</strong></span> <span class='ocrx_word' id='word_1_102' title='bbox 958 1984 1184 2068; x_wconf 86' lang='lat' dir='ltr'><strong>Lemovicen.,</strong></span> <span class='ocrx_word' id='word_1_103' title='bbox 1205 1986 1393 2053; x_wconf 89' lang='lat' dir='ltr'><strong>Tomacen.</strong></span> <span class='ocrx_word' id='word_1_104' title='bbox 1409 1998 1444 2055; x_wconf 88' lang='lat' dir='ltr'><strong>et</strong></span> <span class='ocrx_word' id='word_1_105' title='bbox 1465 1988 1647 2056; x_wconf 89' lang='lat' dir='ltr'><strong>Belvacen.</strong></span> <span class='ocrx_word' id='word_1_106' title='bbox 1664 1991 1833 2067; x_wconf 69' lang='lat' dir='ltr'><strong>diocesim,</strong></span> 
     </span>
     <span class='ocr_line' id='line_1_13' title="bbox 480 2090 1833 2182; baseline 0.004 -28"><span class='ocrx_word' id='word_1_107' title='bbox 480 2090 629 2155; x_wconf 89' lang='lat' dir='ltr'><strong>noscitur</strong></span> <span class='ocrx_word' id='word_1_108' title='bbox 649 2090 820 2170; x_wconf 90' lang='lat' dir='ltr'><strong>obtinere;</strong></span> <span class='ocrx_word' id='word_1_109' title='bbox 843 2111 944 2176; x_wconf 90' lang='lat' dir='ltr'><strong>quarn</strong></span> <span class='ocrx_word' id='word_1_110' title='bbox 966 2090 1142 2157; x_wconf 92' lang='lat' dir='ltr'><strong>ecclesiam</strong></span> <span class='ocrx_word' id='word_1_111' title='bbox 1158 2090 1200 2156; x_wconf 92' lang='lat' dir='ltr'><strong>de</strong></span> <span class='ocrx_word' id='word_1_112' title='bbox 1217 2091 1444 2178; x_wconf 88' lang='lat' dir='ltr'><strong>Dampnhaco</strong></span> <span class='ocrx_word' id='word_1_113' title='bbox 1460 2113 1536 2158; x_wconf 91' lang='lat' dir='ltr'><strong>cum</strong></span> <span class='ocrx_word' id='word_1_114' title='bbox 1551 2092 1649 2160; x_wconf 90' lang='lat' dir='ltr'><strong>dicto</strong></span> <span class='ocrx_word' id='word_1_115' title='bbox 1665 2094 1833 2182; x_wconf 56' lang='lat' dir='ltr'><strong>archipr&amp;</strong></span> 
     </span>
     <span class='ocr_line' id='line_1_14' title="bbox 480 2194 1834 2283; baseline 0.004 -26"><span class='ocrx_word' id='word_1_116' title='bbox 480 2194 626 2258; x_wconf 88' lang='lat' dir='ltr'><strong>biteratu</strong></span> <span class='ocrx_word' id='word_1_117' title='bbox 651 2194 748 2260; x_wconf 91' lang='lat' dir='ltr'><strong>Brive</strong></span> <span class='ocrx_word' id='word_1_118' title='bbox 769 2203 906 2280; x_wconf 88' lang='lat' dir='ltr'><strong>paratus</strong></span> <span class='ocrx_word' id='word_1_119' title='bbox 922 2202 973 2261; x_wconf 90' lang='lat' dir='ltr'><strong>est</strong></span> <span class='ocrx_word' id='word_1_120' title='bbox 988 2195 1168 2276; x_wconf 84' lang='lat' dir='ltr'><strong>dimittere,</strong></span> <span class='ocrx_word' id='word_1_121' title='bbox 1185 2216 1261 2261; x_wconf 91' lang='lat' dir='ltr'><strong>cum</strong></span> <span class='ocrx_word' id='word_1_122' title='bbox 1276 2196 1520 2283; x_wconf 88' lang='lat' dir='ltr'><strong>possessionem</strong></span> <span class='ocrx_word' id='word_1_123' title='bbox 1536 2196 1711 2265; x_wconf 92' lang='lat' dir='ltr'><strong>dictorum</strong></span> <span class='ocrx_word' id='word_1_124' title='bbox 1726 2197 1834 2264; x_wconf 81' lang='lat' dir='ltr'><strong>benefi-</strong></span> 
     </span>
     <span class='ocr_line' id='line_1_15' title="bbox 482 2288 1721 2385; baseline 0.005 -22"><span class='ocrx_word' id='word_1_125' title='bbox 482 2298 609 2364; x_wconf 92' lang='lat' dir='ltr'><strong>ciorum</strong></span> <span class='ocrx_word' id='word_1_126' title='bbox 625 2299 803 2385; x_wconf 89' lang='lat' dir='ltr'><strong>pacificam</strong></span> <span class='ocrx_word' id='word_1_127' title='bbox 819 2300 918 2366; x_wconf 82' lang='lat' dir='ltr'><strong>fuerit</strong></span> <span class='ocrx_word' id='word_1_128' title='bbox 932 2308 1103 2366; x_wconf 91' lang='lat' dir='ltr'><strong>assecutus</strong></span> <span class='ocrx_word' id='word_1_129' title='bbox 1117 2323 1126 2381; x_wconf 91' lang='lat'>;</span> <span class='ocrx_word' id='word_1_130' title='bbox 1144 2321 1221 2366; x_wconf 90' lang='lat' dir='ltr'><strong>cum</strong></span> <span class='ocrx_word' id='word_1_131' title='bbox 1237 2301 1308 2366; x_wconf 88' lang='lat' dir='ltr'><strong>aliis</strong></span> <span class='ocrx_word' id='word_1_132' title='bbox 1331 2322 1399 2368; x_wconf 92' lang='lat' dir='ltr'><strong>non</strong></span> <span class='ocrx_word' id='word_1_133' title='bbox 1416 2305 1501 2368; x_wconf 92' lang='lat' dir='ltr'><strong>obst.</strong></span> <span class='ocrx_word' id='word_1_134' title='bbox 1517 2342 1559 2352; x_wconf 92' lang='lat'>-</span> <span class='ocrx_word' id='word_1_135' title='bbox 1578 2288 1661 2368; x_wconf 79' lang='lat' dir='ltr'><strong>Fiat</strong></span> <span class='ocrx_word' id='word_1_136' title='bbox 1678 2301 1721 2369; x_wconf 91' lang='lat' dir='ltr'><strong>R.</strong></span> 
     </span>
    </p>
   </div>
   <div class='ocr_carea' id='block_1_3' title="bbox 482 2411 1856 5020">
    <p class='ocr_par' dir='ltr' id='par_1_3' title="bbox 482 2411 1856 3439">
     <span class='ocr_line' id='line_1_16' title="bbox 526 2411 1835 2502; baseline 0.003 -29"><span class='ocrx_word' id='word_1_137' title='bbox 526 2414 636 2479; x_wconf 89' lang='grc'><strong>2207.</strong></span> <span class='ocrx_word' id='word_1_138' title='bbox 648 2411 735 2479; x_wconf 92' lang='lat' dir='ltr'><strong>Item</strong></span> <span class='ocrx_word' id='word_1_139' title='bbox 751 2434 846 2501; x_wconf 92' lang='lat' dir='ltr'><strong>supp.</strong></span> <span class='ocrx_word' id='word_1_140' title='bbox 859 2422 950 2499; x_wconf 90' lang='lat' dir='ltr'><strong>quat.</strong></span> <span class='ocrx_word' id='word_1_141' title='bbox 964 2413 1133 2501; x_wconf 85' lang='lat' dir='ltr'><strong>[familiari</strong></span> <span class='ocrx_word' id='word_1_142' title='bbox 1149 2435 1210 2481; x_wconf 90' lang='lat' dir='ltr'><strong>suo</strong></span> <span class='ocrx_word' id='word_1_143' title='bbox 1221 2414 1322 2480; x_wconf 90' lang='lat' dir='ltr'><strong>Petro</strong></span> <span class='ocrx_word' id='word_1_144' title='bbox 1337 2413 1380 2479; x_wconf 97' lang='lat' dir='ltr'><strong>de</strong></span> <span class='ocrx_word' id='word_1_145' title='bbox 1392 2412 1535 2495; x_wconf 87' lang='lat' dir='ltr'><strong>Bocolis,</strong></span> <span class='ocrx_word' id='word_1_146' title='bbox 1548 2414 1695 2502; x_wconf 88' lang='lat' dir='ltr'><strong>rectori]</strong></span> <span class='ocrx_word' id='word_1_147' title='bbox 1710 2414 1835 2482; x_wconf 76' lang='lat' dir='ltr'><strong>ecclesie</strong></span> 
     </span>
     <span class='ocr_line' id='line_1_17' title="bbox 482 2513 1835 2604; baseline 0.002 -24"><span class='ocrx_word' id='word_1_148' title='bbox 482 2513 525 2580; x_wconf 90' lang='lat' dir='ltr'><strong>de</strong></span> <span class='ocrx_word' id='word_1_149' title='bbox 542 2515 707 2598; x_wconf 88' lang='lat' dir='ltr'><strong>Cosnac0,</strong></span> <span class='ocrx_word' id='word_1_150' title='bbox 732 2517 946 2584; x_wconf 90' lang='lat' dir='ltr'><strong>Lemovicen.</strong></span> <span class='ocrx_word' id='word_1_151' title='bbox 962 2518 1060 2599; x_wconf 79' lang='lat' dir='ltr'><strong>dioc,</strong></span> <span class='ocrx_word' id='word_1_152' title='bbox 1081 2517 1123 2583; x_wconf 92' lang='lat' dir='ltr'><strong>de</strong></span> <span class='ocrx_word' id='word_1_153' title='bbox 1140 2518 1281 2584; x_wconf 89' lang='lat' dir='ltr'><strong>ecclesia</strong></span> <span class='ocrx_word' id='word_1_154' title='bbox 1297 2518 1449 2604; x_wconf 88' lang='lat' dir='ltr'><strong>parroch.</strong></span> <span class='ocrx_word' id='word_1_155' title='bbox 1465 2516 1507 2582; x_wconf 92' lang='lat' dir='ltr'><strong>de</strong></span> <span class='ocrx_word' id='word_1_156' title='bbox 1525 2517 1758 2604; x_wconf 90' lang='lat' dir='ltr'><strong>Dampnhaco</strong></span> <span class='ocrx_word' id='word_1_157' title='bbox 1772 2537 1835 2585; x_wconf 89' lang='lat' dir='ltr'><strong>curn</strong></span> 
     </span>
     <span class='ocr_line' id='line_1_18' title="bbox 482 2620 1836 2710; baseline 0.002 -26"><span class='ocrx_word' id='word_1_158' title='bbox 482 2620 798 2707; x_wconf 90' lang='lat' dir='ltr'><strong>archipresbiteratu</strong></span> <span class='ocrx_word' id='word_1_159' title='bbox 824 2620 923 2686; x_wconf 90' lang='lat' dir='ltr'><strong>Brive</strong></span> <span class='ocrx_word' id='word_1_160' title='bbox 947 2622 1057 2688; x_wconf 91' lang='lat' dir='ltr'><strong>eidem</strong></span> <span class='ocrx_word' id='word_1_161' title='bbox 1084 2643 1228 2703; x_wconf 87' lang='lat' dir='ltr'><strong>annexo,</strong></span> <span class='ocrx_word' id='word_1_162' title='bbox 1253 2621 1468 2689; x_wconf 90' lang='lat' dir='ltr'><strong>Lemovicen.</strong></span> <span class='ocrx_word' id='word_1_163' title='bbox 1484 2621 1581 2702; x_wconf 85' lang='lat' dir='ltr'><strong>dioc,</strong></span> <span class='ocrx_word' id='word_1_164' title='bbox 1597 2623 1836 2710; x_wconf 86' lang='lat' dir='ltr'><strong>quamprimum</strong></span> 
     </span>
     <span class='ocr_line' id='line_1_19' title="bbox 483 2726 1836 2814; baseline 0.004 -27"><span class='ocrx_word' id='word_1_165' title='bbox 483 2745 601 2789; x_wconf 82' lang='lat' dir='ltr'><strong>vacare</strong></span> <span class='ocrx_word' id='word_1_166' title='bbox 618 2726 819 2812; x_wconf 86' lang='lat' dir='ltr'><strong>contigerint</strong></span> <span class='ocrx_word' id='word_1_167' title='bbox 846 2748 908 2814; x_wconf 91' lang='lat' dir='ltr'><strong>per</strong></span> <span class='ocrx_word' id='word_1_168' title='bbox 938 2727 1184 2793; x_wconf 88' lang='lat' dir='ltr'><strong>assecutionem</strong></span> <span class='ocrx_word' id='word_1_169' title='bbox 1200 2736 1235 2793; x_wconf 90' lang='lat' dir='ltr'><strong>et</strong></span> <span class='ocrx_word' id='word_1_170' title='bbox 1251 2727 1476 2813; x_wconf 88' lang='lat' dir='ltr'><strong>provisionem</strong></span> <span class='ocrx_word' id='word_1_171' title='bbox 1500 2726 1628 2793; x_wconf 82' lang='lat' dir='ltr'><strong>factam</strong></span> <span class='ocrx_word' id='word_1_172' title='bbox 1645 2728 1836 2795; x_wconf 76' lang='lat' dir='ltr'><strong>auctoritate</strong></span> 
     </span>
     <span class='ocr_line' id='line_1_20' title="bbox 483 2829 1835 2919; baseline 0.001 -26"><span class='ocrx_word' id='word_1_173' title='bbox 483 2838 590 2914; x_wconf 90' lang='lat' dir='ltr'><strong>apost.</strong></span> <span class='ocrx_word' id='word_1_174' title='bbox 607 2831 746 2914; x_wconf 83' lang='lat' dir='ltr'><strong>Symoni</strong></span> <span class='ocrx_word' id='word_1_175' title='bbox 764 2830 920 2912; x_wconf 90' lang='lat' dir='ltr'><strong>Monerii,</strong></span> <span class='ocrx_word' id='word_1_176' title='bbox 938 2830 1060 2896; x_wconf 92' lang='lat' dir='ltr'><strong>clerico</strong></span> <span class='ocrx_word' id='word_1_177' title='bbox 1074 2829 1290 2897; x_wconf 89' lang='lat' dir='ltr'><strong>Lemovicen.</strong></span> <span class='ocrx_word' id='word_1_178' title='bbox 1302 2830 1400 2912; x_wconf 85' lang='lat' dir='ltr'><strong>dioc,</strong></span> <span class='ocrx_word' id='word_1_179' title='bbox 1416 2830 1458 2897; x_wconf 94' lang='lat' dir='ltr'><strong>de</strong></span> <span class='ocrx_word' id='word_1_180' title='bbox 1474 2830 1601 2897; x_wconf 90' lang='lat' dir='ltr'><strong>vicaria</strong></span> <span class='ocrx_word' id='word_1_181' title='bbox 1611 2839 1681 2897; x_wconf 75' lang='lat' dir='ltr'><strong>‘seu</strong></span> <span class='ocrx_word' id='word_1_182' title='bbox 1696 2829 1835 2919; x_wconf 71' lang='lat' dir='ltr'><strong>patrocli</strong></span> 
     </span>
     <span class='ocr_line' id='line_1_21' title="bbox 483 2932 1833 3021; baseline 0.003 -25"><span class='ocrx_word' id='word_1_183' title='bbox 483 2933 624 2999; x_wconf 90' lang='lat' dir='ltr'><strong>ecclesia</strong></span> <span class='ocrx_word' id='word_1_184' title='bbox 636 2934 679 3000; x_wconf 93' lang='lat' dir='ltr'><strong>de</strong></span> <span class='ocrx_word' id='word_1_185' title='bbox 695 2934 903 3021; x_wconf 88' lang='lat' dir='ltr'><strong>Longavilla‚</strong></span> <span class='ocrx_word' id='word_1_186' title='bbox 915 2934 1091 3001; x_wconf 90' lang='lat' dir='ltr'><strong>Ebroicen.</strong></span> <span class='ocrx_word' id='word_1_187' title='bbox 1102 2934 1199 3016; x_wconf 83' lang='lat' dir='ltr'><strong>dioc,</strong></span> <span class='ocrx_word' id='word_1_188' title='bbox 1211 2942 1246 3000; x_wconf 89' lang='lat' dir='ltr'><strong>et</strong></span> <span class='ocrx_word' id='word_1_189' title='bbox 1256 2955 1329 3001; x_wconf 90' lang='lat' dir='ltr'><strong>can.</strong></span> <span class='ocrx_word' id='word_1_190' title='bbox 1340 2943 1374 2999; x_wconf 92' lang='lat' dir='ltr'><strong>et</strong></span> <span class='ocrx_word' id='word_1_191' title='bbox 1390 2936 1481 3021; x_wconf 87' lang='lat' dir='ltr'><strong>preb.</strong></span> <span class='ocrx_word' id='word_1_192' title='bbox 1494 2933 1637 3000; x_wconf 88' lang='lat' dir='ltr'><strong>ecclesie</strong></span> <span class='ocrx_word' id='word_1_193' title='bbox 1656 2932 1833 3013; x_wconf 72' lang='lat' dir='ltr'><strong>Insulensis</strong></span> 
     </span>
     <span class='ocr_line' id='line_1_22' title="bbox 483 3037 1856 3132; baseline 0.004 -30"><span class='ocrx_word' id='word_1_194' title='bbox 483 3037 672 3103; x_wconf 89' lang='lat' dir='ltr'><strong>Tomacen.</strong></span> <span class='ocrx_word' id='word_1_195' title='bbox 697 3038 794 3120; x_wconf 72' lang='lat' dir='ltr'><strong>dioc,</strong></span> <span class='ocrx_word' id='word_1_196' title='bbox 822 3061 922 3125; x_wconf 91' lang='lat' dir='ltr'><strong>quam</strong></span> <span class='ocrx_word' id='word_1_197' title='bbox 949 3040 1093 3126; x_wconf 91' lang='lat' dir='ltr'><strong>primum</strong></span> <span class='ocrx_word' id='word_1_198' title='bbox 1117 3039 1207 3105; x_wconf 86' lang='lat' dir='ltr'><strong>idem</strong></span> <span class='ocrx_word' id='word_1_199' title='bbox 1239 3040 1366 3125; x_wconf 85' lang='lat' dir='ltr'><strong>Symon</strong></span> <span class='ocrx_word' id='word_1_200' title='bbox 1389 3039 1638 3126; x_wconf 90' lang='lat' dir='ltr'><strong>possessionem</strong></span> <span class='ocrx_word' id='word_1_201' title='bbox 1670 3039 1856 3132; x_wconf 71' lang='lat' dir='ltr'><strong>pacificent¹</strong></span> 
     </span>
     <span class='ocr_line' id='line_1_23' title="bbox 484 3141 1830 3229; baseline 0.001 -23"><span class='ocrx_word' id='word_1_202' title='bbox 484 3141 673 3226; x_wconf 84' lang='lat' dir='ltr'><strong>hujusmodi</strong></span> <span class='ocrx_word' id='word_1_203' title='bbox 688 3146 929 3211; x_wconf 89' lang='lat' dir='ltr'><strong>beneficiorum</strong></span> <span class='ocrx_word' id='word_1_204' title='bbox 946 3144 1042 3210; x_wconf 86' lang='lat' dir='ltr'><strong>fuerit</strong></span> <span class='ocrx_word' id='word_1_205' title='bbox 1059 3153 1240 3224; x_wconf 90' lang='lat' dir='ltr'><strong>assecutus,</strong></span> <span class='ocrx_word' id='word_1_206' title='bbox 1257 3144 1438 3229; x_wconf 89' lang='lat' dir='ltr'><strong>dignemini</strong></span> <span class='ocrx_word' id='word_1_207' title='bbox 1453 3143 1630 3227; x_wconf 85' lang='lat' dir='ltr'><strong>providere</strong></span> <span class='ocrx_word' id='word_1_208' title='bbox 1651 3166 1661 3224; x_wconf 89' lang='lat'>;</span> <span class='ocrx_word' id='word_1_209' title='bbox 1678 3165 1747 3210; x_wconf 90' lang='lat' dir='ltr'><strong>non</strong></span> <span class='ocrx_word' id='word_1_210' title='bbox 1762 3146 1830 3210; x_wconf 80' lang='lat' dir='ltr'><strong>obst</strong></span> 
     </span>
     <span class='ocr_line' id='line_1_24' title="bbox 485 3245 1830 3335; baseline 0.003 -26"><span class='ocrx_word' id='word_1_211' title='bbox 485 3245 575 3330; x_wconf 90' lang='lat' dir='ltr'><strong>quod</strong></span> <span class='ocrx_word' id='word_1_212' title='bbox 590 3248 791 3313; x_wconf 92' lang='lat' dir='ltr'><strong>auctoritate</strong></span> <span class='ocrx_word' id='word_1_213' title='bbox 804 3250 990 3315; x_wconf 91' lang='lat' dir='ltr'><strong>litterarum</strong></span> <span class='ocrx_word' id='word_1_214' title='bbox 1002 3259 1198 3329; x_wconf 86' lang='lat' dir='ltr'><strong>vestrarum,</strong></span> <span class='ocrx_word' id='word_1_215' title='bbox 1210 3248 1253 3315; x_wconf 92' lang='lat' dir='ltr'><strong>ad</strong></span> <span class='ocrx_word' id='word_1_216' title='bbox 1277 3250 1353 3315; x_wconf 93' lang='lat' dir='ltr'><strong>coll.</strong></span> <span class='ocrx_word' id='word_1_217' title='bbox 1370 3249 1516 3335; x_wconf 86' lang='lat' dir='ltr'><strong>episcopi</strong></span> <span class='ocrx_word' id='word_1_218' title='bbox 1534 3249 1701 3315; x_wconf 88' lang='lat' dir='ltr'><strong>Sarlaten.</strong></span> <span class='ocrx_word' id='word_1_219' title='bbox 1716 3249 1757 3315; x_wconf 89' lang='lat' dir='ltr'><strong>de</strong></span> <span class='ocrx_word' id='word_1_220' title='bbox 1770 3250 1830 3313; x_wconf 77' lang='lat' dir='ltr'><strong>beu</strong></span> 
     </span>
     <span class='ocr_line' id='line_1_25' title="bbox 486 3350 1808 3439; baseline 0.001 -26"><span class='ocrx_word' id='word_1_221' title='bbox 486 3351 567 3414; x_wconf 90' lang='lat' dir='ltr'><strong>eccl.</strong></span> <span class='ocrx_word' id='word_1_222' title='bbox 584 3370 613 3414; x_wconf 93' lang='lat' dir='ltr'><strong>c.</strong></span> <span class='ocrx_word' id='word_1_223' title='bbox 630 3372 658 3415; x_wconf 93' lang='lat' dir='ltr'><strong>c.</strong></span> <span class='ocrx_word' id='word_1_224' title='bbox 682 3353 735 3415; x_wconf 78' lang='lat' dir='ltr'><strong>rel</strong></span> <span class='ocrx_word' id='word_1_225' title='bbox 752 3375 776 3417; x_wconf 83' lang='lat' dir='ltr'><strong>s</strong></span> <span class='ocrx_word' id='word_1_226' title='bbox 793 3374 821 3419; x_wconf 93' lang='lat' dir='ltr'><strong>c.</strong></span> <span class='ocrx_word' id='word_1_227' title='bbox 838 3354 985 3419; x_wconf 89' lang='lat' dir='ltr'><strong>noscitur</strong></span> <span class='ocrx_word' id='word_1_228' title='bbox 1000 3363 1179 3439; x_wconf 89' lang='lat' dir='ltr'><strong>expectare</strong></span> <span class='ocrx_word' id='word_1_229' title='bbox 1200 3376 1207 3430; x_wconf 92' lang='lat'>;</span> <span class='ocrx_word' id='word_1_230' title='bbox 1225 3374 1300 3418; x_wconf 90' lang='lat' dir='ltr'><strong>cum</strong></span> <span class='ocrx_word' id='word_1_231' title='bbox 1317 3353 1388 3418; x_wconf 92' lang='lat' dir='ltr'><strong>aliis</strong></span> <span class='ocrx_word' id='word_1_232' title='bbox 1403 3373 1471 3418; x_wconf 91' lang='lat' dir='ltr'><strong>non</strong></span> <span class='ocrx_word' id='word_1_233' title='bbox 1489 3355 1605 3418; x_wconf 90' lang='lat' dir='ltr'><strong>obst...</strong></span> <span class='ocrx_word' id='word_1_234' title='bbox 1624 3394 1669 3402; x_wconf 92' lang='lat'>—</span> <span class='ocrx_word' id='word_1_235' title='bbox 1688 3353 1762 3419; x_wconf 91' lang='lat' dir='ltr'><strong>Fiat</strong></span> <span class='ocrx_word' id='word_1_236' title='bbox 1776 3350 1808 3416; x_wconf 90' lang='lat' dir='ltr'><strong>R.</strong></span> 
     </span>
    </p>

    <p class='ocr_par' dir='ltr' id='par_1_4' title="bbox 532 3452 1225 3541">
     <span class='ocr_line' id='line_1_26' title="bbox 532 3452 1225 3541; baseline 0.001 -25"><span class='ocrx_word' id='word_1_237' title='bbox 532 3452 609 3518; x_wconf 93' lang='lat' dir='ltr'><strong>Dat.</strong></span> <span class='ocrx_word' id='word_1_238' title='bbox 625 3455 724 3520; x_wconf 83' lang='lat' dir='ltr'><strong>Avin.</strong></span> <span class='ocrx_word' id='word_1_239' title='bbox 741 3480 759 3539; x_wconf 80' lang='lat'>4</span> <span class='ocrx_word' id='word_1_240' title='bbox 776 3455 841 3521; x_wconf 85' lang='lat' dir='ltr'><strong>kal.</strong></span> <span class='ocrx_word' id='word_1_241' title='bbox 856 3457 926 3541; x_wconf 87' lang='lat' dir='ltr'><strong>julii</strong></span> <span class='ocrx_word' id='word_1_242' title='bbox 944 3467 977 3521; x_wconf 78' lang='lat' dir='ltr'><strong>a⁰</strong></span> <span class='ocrx_word' id='word_1_243' title='bbox 998 3468 1058 3521; x_wconf 82' lang='lat'><strong>10⁰.</strong></span> <span class='ocrx_word' id='word_1_244' title='bbox 1077 3459 1149 3539; x_wconf 85' lang='lat'><strong>(21,</strong></span> <span class='ocrx_word' id='word_1_245' title='bbox 1170 3458 1225 3539; x_wconf 80' lang='lat'><strong>55)</strong></span> 
     </span>
    </p>

    <p class='ocr_par' dir='ltr' id='par_1_5' title="bbox 539 3564 1856 3667">
     <span class='ocr_line' id='line_1_27' title="bbox 539 3564 1856 3667; baseline -0.001 -24"><span class='ocrx_word' id='word_1_246' title='bbox 539 3564 686 3647; x_wconf 87' lang='lat'><strong>2208.</strong></span> <span class='ocrx_word' id='word_1_247' title='bbox 1553 3601 1649 3663; x_wconf 74' lang='lat'><em>1351,</em></span> <span class='ocrx_word' id='word_1_248' title='bbox 1668 3582 1795 3662; x_wconf 71' lang='lat' dir='ltr'><strong>adjuta.</strong></span> <span class='ocrx_word' id='word_1_249' title='bbox 1852 3611 1856 3667; x_wconf 74' lang='lat' dir='ltr'><strong>j</strong></span> 
     </span>
    </p>

    <p class='ocr_par' dir='ltr' id='par_1_6' title="bbox 484 3683 1856 4916">
     <span class='ocr_line' id='line_1_28' title="bbox 532 3683 1856 3771; baseline 0.002 -24"><span class='ocrx_word' id='word_1_250' title='bbox 532 3685 632 3770; x_wconf 86' lang='lat' dir='ltr'><strong>Supp.</strong></span> <span class='ocrx_word' id='word_1_251' title='bbox 657 3683 831 3761; x_wconf 90' lang='lat' dir='ltr'><strong>Johannes</strong></span> <span class='ocrx_word' id='word_1_252' title='bbox 857 3685 899 3750; x_wconf 92' lang='lat' dir='ltr'><strong>de</strong></span> <span class='ocrx_word' id='word_1_253' title='bbox 926 3685 1090 3761; x_wconf 66' lang='lat' dir='ltr'><strong>Casino-³,</strong></span> <span class='ocrx_word' id='word_1_254' title='bbox 1119 3684 1299 3749; x_wconf 87' lang='lat' dir='ltr'><strong>canonicus</strong></span> <span class='ocrx_word' id='word_1_255' title='bbox 1327 3683 1485 3748; x_wconf 91' lang='lat' dir='ltr'><strong>Leodien.</strong></span> <span class='ocrx_word' id='word_1_256' title='bbox 1512 3704 1551 3749; x_wconf 88' lang='lat' dir='ltr'><strong>ac</strong></span> <span class='ocrx_word' id='word_1_257' title='bbox 1578 3685 1776 3771; x_wconf 87' lang='lat' dir='ltr'><strong>Trajecten.,</strong></span> <span class='ocrx_word' id='word_1_258' title='bbox 1802 3690 1823 3743; x_wconf 76' lang='lat' dir='ltr'><strong>et</strong></span> <span class='ocrx_word' id='word_1_259' title='bbox 1853 3717 1856 3723; x_wconf 90' lang='lat'>·</span> 
     </span>
     <span class='ocr_line' id='line_1_29' title="bbox 488 3786 1856 3875; baseline -0.003 -24"><span class='ocrx_word' id='word_1_260' title='bbox 488 3789 591 3852; x_wconf 91' lang='lat' dir='ltr'><strong>abbas</strong></span> <span class='ocrx_word' id='word_1_261' title='bbox 614 3790 769 3855; x_wconf 89' lang='lat' dir='ltr'><strong>secularis</strong></span> <span class='ocrx_word' id='word_1_262' title='bbox 793 3790 933 3855; x_wconf 89' lang='lat' dir='ltr'><strong>ecclesie</strong></span> <span class='ocrx_word' id='word_1_263' title='bbox 965 3788 1202 3866; x_wconf 86' lang='lat' dir='ltr'><strong>Cennaceusis,</strong></span> <span class='ocrx_word' id='word_1_264' title='bbox 1233 3786 1318 3851; x_wconf 85' lang='lat' dir='ltr'><strong>dioc.</strong></span> <span class='ocrx_word' id='word_1_265' title='bbox 1351 3787 1520 3866; x_wconf 86' lang='lat' dir='ltr'><strong>Leodien.,</strong></span> <span class='ocrx_word' id='word_1_266' title='bbox 1552 3808 1594 3852; x_wconf 91' lang='lat' dir='ltr'><strong>ac</strong></span> <span class='ocrx_word' id='word_1_267' title='bbox 1625 3790 1779 3855; x_wconf 91' lang='lat' dir='ltr'><strong>collector</strong></span> <span class='ocrx_word' id='word_1_268' title='bbox 1801 3793 1822 3847; x_wconf 91' lang='lat' dir='ltr'><strong>et</strong></span> <span class='ocrx_word' id='word_1_269' title='bbox 1852 3804 1856 3875; x_wconf 77' lang='lat' dir='ltr'>j</span> 
     </span>
     <span class='ocr_line' id='line_1_30' title="bbox 486 3890 1856 3979; baseline 0 -24"><span class='ocrx_word' id='word_1_270' title='bbox 486 3892 627 3957; x_wconf 90' lang='lat' dir='ltr'><strong>nuncius</strong></span> <span class='ocrx_word' id='word_1_271' title='bbox 643 3895 847 3979; x_wconf 90' lang='lat' dir='ltr'><strong>apostolicus</strong></span> <span class='ocrx_word' id='word_1_272' title='bbox 863 3894 896 3958; x_wconf 92' lang='lat' dir='ltr'><strong>in</strong></span> <span class='ocrx_word' id='word_1_273' title='bbox 913 3892 1085 3979; x_wconf 81' lang='lat' dir='ltr'><strong>provincia</strong></span> <span class='ocrx_word' id='word_1_274' title='bbox 1097 3890 1283 3969; x_wconf 88' lang='lat' dir='ltr'><strong>Colonien.,</strong></span> <span class='ocrx_word' id='word_1_275' title='bbox 1301 3899 1390 3974; x_wconf 88' lang='lat' dir='ltr'><strong>quat.</strong></span> <span class='ocrx_word' id='word_1_276' title='bbox 1408 3891 1468 3956; x_wconf 92' lang='lat' dir='ltr'><strong>sibi</strong></span> <span class='ocrx_word' id='word_1_277' title='bbox 1484 3891 1525 3955; x_wconf 94' lang='lat' dir='ltr'><strong>de</strong></span> <span class='ocrx_word' id='word_1_278' title='bbox 1544 3891 1723 3975; x_wconf 82' lang='lat' dir='ltr'><strong>dignitate,</strong></span> <span class='ocrx_word' id='word_1_279' title='bbox 1738 3908 1822 3978; x_wconf 80' lang='lat' dir='ltr'><strong>perso</strong></span> <span class='ocrx_word' id='word_1_280' title='bbox 1852 3938 1856 3955; x_wconf 79' lang='lat'><strong>.</strong></span> 
     </span>
     <span class='ocr_line' id='line_1_31' title="bbox 485 3992 1851 4077; baseline 0.001 -19"><span class='ocrx_word' id='word_1_281' title='bbox 485 4002 565 4059; x_wconf 89' lang='lat' dir='ltr'><strong>natu</strong></span> <span class='ocrx_word' id='word_1_282' title='bbox 593 3998 646 4060; x_wconf 80' lang='lat' dir='ltr'><strong>vel</strong></span> <span class='ocrx_word' id='word_1_283' title='bbox 672 3997 784 4063; x_wconf 88' lang='lat' dir='ltr'><strong>officio</strong></span> <span class='ocrx_word' id='word_1_284' title='bbox 800 4020 828 4063; x_wconf 93' lang='lat' dir='ltr'><strong>c.</strong></span> <span class='ocrx_word' id='word_1_285' title='bbox 846 4019 874 4063; x_wconf 92' lang='lat' dir='ltr'><strong>c.</strong></span> <span class='ocrx_word' id='word_1_286' title='bbox 890 3999 944 4061; x_wconf 77' lang='lat' dir='ltr'><strong>vel</strong></span> <span class='ocrx_word' id='word_1_287' title='bbox 961 4018 985 4060; x_wconf 88' lang='lat' dir='ltr'><strong>s.</strong></span> <span class='ocrx_word' id='word_1_288' title='bbox 1003 4017 1041 4076; x_wconf 89' lang='lat' dir='ltr'><strong>c.,</strong></span> <span class='ocrx_word' id='word_1_289' title='bbox 1069 3996 1198 4061; x_wconf 90' lang='lat' dir='ltr'><strong>etiamsi</strong></span> <span class='ocrx_word' id='word_1_290' title='bbox 1216 3995 1259 4060; x_wconf 90' lang='lat' dir='ltr'><strong>ad</strong></span> <span class='ocrx_word' id='word_1_291' title='bbox 1275 3998 1375 4077; x_wconf 87' lang='lat' dir='ltr'><strong>illam,</strong></span> <span class='ocrx_word' id='word_1_292' title='bbox 1393 3996 1485 4060; x_wconf 92' lang='lat' dir='ltr'><strong>illum</strong></span> <span class='ocrx_word' id='word_1_293' title='bbox 1500 3996 1554 4060; x_wconf 92' lang='lat' dir='ltr'><strong>vel</strong></span> <span class='ocrx_word' id='word_1_294' title='bbox 1579 3997 1663 4063; x_wconf 93' lang='lat' dir='ltr'><strong>illud</strong></span> <span class='ocrx_word' id='word_1_295' title='bbox 1675 3992 1822 4064; x_wconf 67' lang='lat' dir='ltr'><strong>consuerit</strong></span> <span class='ocrx_word' id='word_1_296' title='bbox 1849 4044 1851 4048; x_wconf 45' lang='grc'>,</span> 
     </span>
     <span class='ocr_line' id='line_1_32' title="bbox 485 4098 1856 4185; baseline -0.001 -23"><span class='ocrx_word' id='word_1_297' title='bbox 485 4099 557 4181; x_wconf 91' lang='lat' dir='ltr'><strong>quis</strong></span> <span class='ocrx_word' id='word_1_298' title='bbox 573 4120 632 4185; x_wconf 91' lang='lat' dir='ltr'><strong>per</strong></span> <span class='ocrx_word' id='word_1_299' title='bbox 647 4102 847 4168; x_wconf 91' lang='lat' dir='ltr'><strong>electionem</strong></span> <span class='ocrx_word' id='word_1_300' title='bbox 863 4101 994 4181; x_wconf 88' lang='lat' dir='ltr'><strong>assumi,</strong></span> <span class='ocrx_word' id='word_1_301' title='bbox 1008 4100 1033 4165; x_wconf 90' lang='lat' dir='ltr'><strong>si</strong></span> <span class='ocrx_word' id='word_1_302' title='bbox 1051 4120 1140 4164; x_wconf 90' lang='lat' dir='ltr'><strong>nunc</strong></span> <span class='ocrx_word' id='word_1_303' title='bbox 1156 4109 1265 4178; x_wconf 86' lang='lat' dir='ltr'><strong>vacat,</strong></span> <span class='ocrx_word' id='word_1_304' title='bbox 1276 4101 1329 4163; x_wconf 83' lang='lat' dir='ltr'><strong>vel</strong></span> <span class='ocrx_word' id='word_1_305' title='bbox 1346 4121 1423 4165; x_wconf 91' lang='lat' dir='ltr'><strong>cum</strong></span> <span class='ocrx_word' id='word_1_306' title='bbox 1439 4100 1472 4164; x_wconf 89' lang='lat' dir='ltr'><strong>in</strong></span> <span class='ocrx_word' id='word_1_307' title='bbox 1487 4099 1681 4185; x_wconf 88' lang='lat' dir='ltr'><strong>hujusmodi</strong></span> <span class='ocrx_word' id='word_1_308' title='bbox 1697 4098 1822 4172; x_wconf 78' lang='lat' dir='ltr'><strong>ecclesia,</strong></span> <span class='ocrx_word' id='word_1_309' title='bbox 1853 4149 1856 4156; x_wconf 91' lang='lat'><strong>.</strong></span> 
     </span>
     <span class='ocr_line' id='line_1_33' title="bbox 485 4203 1823 4290; baseline 0.003 -23"><span class='ocrx_word' id='word_1_310' title='bbox 485 4203 624 4269; x_wconf 89' lang='lat' dir='ltr'><strong>civitate</strong></span> <span class='ocrx_word' id='word_1_311' title='bbox 651 4208 705 4270; x_wconf 83' lang='lat' dir='ltr'><strong>vel</strong></span> <span class='ocrx_word' id='word_1_312' title='bbox 721 4207 845 4272; x_wconf 89' lang='lat' dir='ltr'><strong>diocesi</strong></span> <span class='ocrx_word' id='word_1_313' title='bbox 873 4207 1060 4289; x_wconf 84' lang='lat' dir='ltr'><strong>Trajecten.</strong></span> <span class='ocrx_word' id='word_1_314' title='bbox 1087 4204 1267 4280; x_wconf 79' lang='lat' dir='ltr'><strong>vacaverit,</strong></span> <span class='ocrx_word' id='word_1_315' title='bbox 1296 4203 1477 4288; x_wconf 89' lang='lat' dir='ltr'><strong>dignemini</strong></span> <span class='ocrx_word' id='word_1_316' title='bbox 1493 4203 1674 4289; x_wconf 88' lang='lat' dir='ltr'><strong>providere</strong></span> <span class='ocrx_word' id='word_1_317' title='bbox 1693 4230 1702 4286; x_wconf 93' lang='lat'>;</span> <span class='ocrx_word' id='word_1_318' title='bbox 1718 4206 1823 4290; x_wconf 84' lang='lat' dir='ltr'><strong>dispen-</strong></span> 
     </span>
     <span class='ocr_line' id='line_1_34' title="bbox 485 4307 1822 4396; baseline -0.001 -23"><span class='ocrx_word' id='word_1_319' title='bbox 485 4316 597 4373; x_wconf 89' lang='lat' dir='ltr'><strong>santes</strong></span> <span class='ocrx_word' id='word_1_320' title='bbox 613 4331 654 4373; x_wconf 85' lang='lat' dir='ltr'><strong>ex</strong></span> <span class='ocrx_word' id='word_1_321' title='bbox 671 4311 812 4375; x_wconf 90' lang='lat' dir='ltr'><strong>uberiori</strong></span> <span class='ocrx_word' id='word_1_322' title='bbox 838 4309 929 4376; x_wconf 91' lang='lat' dir='ltr'><strong>dono</strong></span> <span class='ocrx_word' id='word_1_323' title='bbox 955 4309 1061 4393; x_wconf 85' lang='lat' dir='ltr'><strong>gratie</strong></span> <span class='ocrx_word' id='word_1_324' title='bbox 1089 4329 1165 4374; x_wconf 89' lang='lat' dir='ltr'><strong>cum</strong></span> <span class='ocrx_word' id='word_1_325' title='bbox 1193 4307 1275 4393; x_wconf 87' lang='lat' dir='ltr'><strong>ipso,</strong></span> <span class='ocrx_word' id='word_1_326' title='bbox 1304 4307 1393 4392; x_wconf 91' lang='lat' dir='ltr'><strong>quod</strong></span> <span class='ocrx_word' id='word_1_327' title='bbox 1419 4307 1608 4391; x_wconf 87' lang='lat' dir='ltr'><strong>hujusmodi</strong></span> <span class='ocrx_word' id='word_1_328' title='bbox 1636 4310 1822 4396; x_wconf 78' lang='lat' dir='ltr'><strong>dignitatern,</strong></span> 
     </span>
     <span class='ocr_line' id='line_1_35' title="bbox 485 4410 1822 4498; baseline 0.005 -23"><span class='ocrx_word' id='word_1_329' title='bbox 485 4421 703 4495; x_wconf 89' lang='lat' dir='ltr'><strong>personatum</strong></span> <span class='ocrx_word' id='word_1_330' title='bbox 721 4414 774 4477; x_wconf 79' lang='lat' dir='ltr'><strong>vel</strong></span> <span class='ocrx_word' id='word_1_331' title='bbox 790 4413 937 4478; x_wconf 89' lang='lat' dir='ltr'><strong>officium</strong></span> <span class='ocrx_word' id='word_1_332' title='bbox 954 4433 1020 4476; x_wconf 89' lang='lat' dir='ltr'><strong>una</strong></span> <span class='ocrx_word' id='word_1_333' title='bbox 1038 4433 1113 4476; x_wconf 84' lang='lat' dir='ltr'><strong>cuin</strong></span> <span class='ocrx_word' id='word_1_334' title='bbox 1131 4413 1267 4477; x_wconf 85' lang='lat' dir='ltr'><strong>abbatia</strong></span> <span class='ocrx_word' id='word_1_335' title='bbox 1284 4412 1433 4498; x_wconf 91' lang='lat' dir='ltr'><strong>predicte</strong></span> <span class='ocrx_word' id='word_1_336' title='bbox 1457 4413 1598 4478; x_wconf 88' lang='lat' dir='ltr'><strong>ecclesie</strong></span> <span class='ocrx_word' id='word_1_337' title='bbox 1609 4410 1822 4482; x_wconf 73' lang='lat' dir='ltr'><strong>cennacensis</strong></span> 
     </span>
     <span class='ocr_line' id='line_1_36' title="bbox 486 4516 1821 4603; baseline 0 -24"><span class='ocrx_word' id='word_1_338' title='bbox 486 4536 550 4598; x_wconf 93' lang='lat' dir='ltr'><strong>que</strong></span> <span class='ocrx_word' id='word_1_339' title='bbox 567 4524 617 4580; x_wconf 89' lang='lat' dir='ltr'><strong>est</strong></span> <span class='ocrx_word' id='word_1_340' title='bbox 633 4516 776 4600; x_wconf 89' lang='lat' dir='ltr'><strong>dignitas</strong></span> <span class='ocrx_word' id='word_1_341' title='bbox 792 4539 816 4581; x_wconf 88' lang='lat' dir='ltr'><strong>S.</strong></span> <span class='ocrx_word' id='word_1_342' title='bbox 831 4538 858 4582; x_wconf 90' lang='lat' dir='ltr'><strong>c.</strong></span> <span class='ocrx_word' id='word_1_343' title='bbox 872 4517 1018 4602; x_wconf 88' lang='lat' dir='ltr'><strong>recipere</strong></span> <span class='ocrx_word' id='word_1_344' title='bbox 1035 4525 1069 4581; x_wconf 89' lang='lat' dir='ltr'><strong>et</strong></span> <span class='ocrx_word' id='word_1_345' title='bbox 1084 4517 1227 4581; x_wconf 90' lang='lat' dir='ltr'><strong>retinere</strong></span> <span class='ocrx_word' id='word_1_346' title='bbox 1243 4518 1365 4597; x_wconf 85' lang='lat' dir='ltr'><strong>valeat,</strong></span> <span class='ocrx_word' id='word_1_347' title='bbox 1377 4518 1619 4583; x_wconf 90' lang='lat' dir='ltr'><strong>constitutione</strong></span> <span class='ocrx_word' id='word_1_348' title='bbox 1635 4532 1821 4603; x_wconf 83' lang='lat' dir='ltr'><strong>quacumque</strong></span> 
     </span>
     <span class='ocr_line' id='line_1_37' title="bbox 486 4619 1820 4706; baseline -0.003 -22"><span class='ocrx_word' id='word_1_349' title='bbox 486 4621 652 4685; x_wconf 87' lang='lat' dir='ltr'><strong>contraria</strong></span> <span class='ocrx_word' id='word_1_350' title='bbox 669 4642 736 4686; x_wconf 88' lang='lat' dir='ltr'><strong>non</strong></span> <span class='ocrx_word' id='word_1_351' title='bbox 753 4624 849 4701; x_wconf 78' lang='lat' dir='ltr'><strong>obst,</strong></span> <span class='ocrx_word' id='word_1_352' title='bbox 867 4642 942 4686; x_wconf 93' lang='lat' dir='ltr'><strong>cum</strong></span> <span class='ocrx_word' id='word_1_353' title='bbox 970 4622 1204 4706; x_wconf 89' lang='lat' dir='ltr'><strong>acceptatione</strong></span> <span class='ocrx_word' id='word_1_354' title='bbox 1222 4632 1255 4685; x_wconf 90' lang='lat' dir='ltr'><strong>et</strong></span> <span class='ocrx_word' id='word_1_355' title='bbox 1272 4622 1425 4685; x_wconf 89' lang='lat' dir='ltr'><strong>omnibus</strong></span> <span class='ocrx_word' id='word_1_356' title='bbox 1449 4622 1521 4686; x_wconf 87' lang='lat' dir='ltr'><strong>aliis</strong></span> <span class='ocrx_word' id='word_1_357' title='bbox 1541 4643 1610 4687; x_wconf 86' lang='lat' dir='ltr'><strong>uon</strong></span> <span class='ocrx_word' id='word_1_358' title='bbox 1627 4628 1715 4691; x_wconf 90' lang='lat' dir='ltr'><strong>obst.</strong></span> <span class='ocrx_word' id='word_1_359' title='bbox 1730 4634 1761 4689; x_wconf 91' lang='lat' dir='ltr'><strong>et</strong></span> <span class='ocrx_word' id='word_1_360' title='bbox 1774 4619 1820 4686; x_wconf 81' lang='lat' dir='ltr'><strong>suis</strong></span> 
     </span>
     <span class='ocr_line' id='line_1_38' title="bbox 484 4724 1820 4811; baseline 0.005 -25"><span class='ocrx_word' id='word_1_361' title='bbox 484 4724 744 4808; x_wconf 85' lang='lat' dir='ltr'><strong>beneficiisque</strong></span> <span class='ocrx_word' id='word_1_362' title='bbox 775 4726 916 4807; x_wconf 88' lang='lat' dir='ltr'><strong>obtinet,</strong></span> <span class='ocrx_word' id='word_1_363' title='bbox 933 4747 997 4811; x_wconf 90' lang='lat' dir='ltr'><strong>que</strong></span> <span class='ocrx_word' id='word_1_364' title='bbox 1028 4725 1210 4810; x_wconf 89' lang='lat' dir='ltr'><strong>dignemini</strong></span> <span class='ocrx_word' id='word_1_365' title='bbox 1242 4748 1282 4790; x_wconf 84' lang='lat' dir='ltr'><strong>ex</strong></span> <span class='ocrx_word' id='word_1_366' title='bbox 1314 4734 1404 4791; x_wconf 88' lang='lat' dir='ltr'><strong>certa</strong></span> <span class='ocrx_word' id='word_1_367' title='bbox 1449 4727 1589 4791; x_wconf 89' lang='lat' dir='ltr'><strong>scientia</strong></span> <span class='ocrx_word' id='word_1_368' title='bbox 1619 4728 1744 4795; x_wconf 90' lang='lat' dir='ltr'><strong>habere</strong></span> <span class='ocrx_word' id='word_1_369' title='bbox 1778 4742 1820 4811; x_wconf 75' lang='lat' dir='ltr'><strong>pro</strong></span> 
     </span>
     <span class='ocr_line' id='line_1_39' title="bbox 484 4829 1756 4916; baseline 0.006 -26"><span class='ocrx_word' id='word_1_370' title='bbox 484 4830 646 4914; x_wconf 86' lang='lat' dir='ltr'><strong>expressis</strong></span> <span class='ocrx_word' id='word_1_371' title='bbox 662 4839 726 4895; x_wconf 87' lang='lat' dir='ltr'><strong>etc.</strong></span> <span class='ocrx_word' id='word_1_372' title='bbox 743 4838 779 4894; x_wconf 90' lang='lat' dir='ltr'><strong>ut</strong></span> <span class='ocrx_word' id='word_1_373' title='bbox 796 4830 829 4894; x_wconf 93' lang='lat' dir='ltr'><strong>in</strong></span> <span class='ocrx_word' id='word_1_374' title='bbox 847 4830 961 4895; x_wconf 84' lang='lat' dir='ltr'><strong>forma.</strong></span> <span class='ocrx_word' id='word_1_375' title='bbox 978 4871 1020 4878; x_wconf 92' lang='lat'><strong>—</strong></span> <span class='ocrx_word' id='word_1_376' title='bbox 1038 4829 1112 4894; x_wconf 88' lang='lat' dir='ltr'><strong>Fiat</strong></span> <span class='ocrx_word' id='word_1_377' title='bbox 1125 4830 1156 4893; x_wconf 92' lang='lat' dir='ltr'><strong>in</strong></span> <span class='ocrx_word' id='word_1_378' title='bbox 1175 4830 1279 4895; x_wconf 84' lang='lat' dir='ltr'><strong>forma</strong></span> <span class='ocrx_word' id='word_1_379' title='bbox 1298 4831 1335 4894; x_wconf 87' lang='lat' dir='ltr'><strong>R.</strong></span> <span class='ocrx_word' id='word_1_380' title='bbox 1355 4871 1390 4877; x_wconf 96' lang='lat'>-</span> <span class='ocrx_word' id='word_1_381' title='bbox 1412 4829 1455 4894; x_wconf 87' lang='lat' dir='ltr'><strong>Et</strong></span> <span class='ocrx_word' id='word_1_382' title='bbox 1470 4830 1704 4916; x_wconf 90' lang='lat' dir='ltr'><strong>dispensamus</strong></span> <span class='ocrx_word' id='word_1_383' title='bbox 1720 4833 1756 4898; x_wconf 91' lang='lat' dir='ltr'><strong>R.</strong></span> 
     </span>
    </p>

    <p class='ocr_par' dir='ltr' id='par_1_7' title="bbox 530 4932 1264 5020">
     <span class='ocr_line' id='line_1_40' title="bbox 530 4932 1264 5020; baseline 0.003 -24"><span class='ocrx_word' id='word_1_384' title='bbox 530 4932 606 4998; x_wconf 91' lang='lat' dir='ltr'><strong>Dat.</strong></span> <span class='ocrx_word' id='word_1_385' title='bbox 625 4934 724 4998; x_wconf 83' lang='lat' dir='ltr'><strong>Avin.</strong></span> <span class='ocrx_word' id='word_1_386' title='bbox 741 4958 760 5018; x_wconf 88' lang='lat'><strong>4</strong></span> <span class='ocrx_word' id='word_1_387' title='bbox 777 4933 843 4999; x_wconf 88' lang='lat' dir='ltr'><strong>kal.</strong></span> <span class='ocrx_word' id='word_1_388' title='bbox 857 4935 928 5020; x_wconf 89' lang='lat' dir='ltr'><strong>julii</strong></span> <span class='ocrx_word' id='word_1_389' title='bbox 946 4944 979 4998; x_wconf 79' lang='lat' dir='ltr'><strong>a⁰</strong></span> <span class='ocrx_word' id='word_1_390' title='bbox 1000 4942 1050 4998; x_wconf 85' lang='lat'><strong>10⁰</strong></span> <span class='ocrx_word' id='word_1_391' title='bbox 1062 4941 1084 4997; x_wconf 79' lang='lat'><strong>¹¹.</strong></span> <span class='ocrx_word' id='word_1_392' title='bbox 1103 4936 1179 5015; x_wconf 73' lang='lat'><strong>(22,</strong></span> <span class='ocrx_word' id='word_1_393' title='bbox 1197 4944 1264 5018; x_wconf 24' lang='lat'><strong>34¹).</strong></span> 
     </span>
    </p>
   </div>
   <div class='ocr_carea' id='block_1_4' title="bbox 484 5047 1823 5186">
    <p class='ocr_par' dir='ltr' id='par_1_8' title="bbox 484 5047 1823 5186">
     <span class='ocr_line' id='line_1_41' title="bbox 516 5047 1823 5116; baseline 0.003 -23"><span class='ocrx_word' id='word_1_394' title='bbox 516 5052 540 5099; x_wconf 81' lang='lat' dir='ltr'><strong>al</strong></span> <span class='ocrx_word' id='word_1_395' title='bbox 556 5047 594 5094; x_wconf 81' lang='lat' dir='ltr'><strong>En</strong></span> <span class='ocrx_word' id='word_1_396' title='bbox 607 5063 694 5110; x_wconf 85' lang='lat' dir='ltr'><strong>murgc</strong></span> <span class='ocrx_word' id='word_1_397' title='bbox 709 5063 714 5094; x_wconf 91' lang='lat'>:</span> <span class='ocrx_word' id='word_1_398' title='bbox 732 5049 847 5097; x_wconf 68' lang='lat' dir='ltr'><strong>Coi-rectu</strong></span> <span class='ocrx_word' id='word_1_399' title='bbox 866 5048 928 5096; x_wconf 73' lang='lat' dir='ltr'><strong>data</strong></span> <span class='ocrx_word' id='word_1_400' title='bbox 942 5050 967 5096; x_wconf 82' lang='grc' dir='ltr'><strong>ιἰι</strong></span> <span class='ocrx_word' id='word_1_401' title='bbox 980 5048 1102 5109; x_wconf 64' lang='lat' dir='ltr'><strong>originali</strong></span> <span class='ocrx_word' id='word_1_402' title='bbox 1116 5064 1164 5111; x_wconf 71' lang='lat' dir='ltr'><strong>per</strong></span> <span class='ocrx_word' id='word_1_403' title='bbox 1176 5048 1300 5095; x_wconf 73' lang='lat' dir='ltr'><strong>(laurinum</strong></span> <span class='ocrx_word' id='word_1_404' title='bbox 1323 5048 1359 5105; x_wconf 77' lang='lat' dir='ltr'><strong>G..</strong></span> <span class='ocrx_word' id='word_1_405' title='bbox 1381 5047 1483 5095; x_wconf 68' lang='lat' dir='ltr'><strong>electum</strong></span> <span class='ocrx_word' id='word_1_406' title='bbox 1500 5048 1663 5101; x_wconf 70' lang='lat' dir='ltr'><strong>h&#39;hredurma.</strong></span> <span class='ocrx_word' id='word_1_407' title='bbox 1684 5053 1715 5100; x_wconf 72' lang='lat' dir='ltr'><strong>de</strong></span> <span class='ocrx_word' id='word_1_408' title='bbox 1731 5057 1823 5116; x_wconf 70' lang='lat' dir='ltr'><strong>prarptt</strong></span> 
     </span>
     <span class='ocr_line' id='line_1_42' title="bbox 484 5119 1048 5186; baseline 0.014 -24"><span class='ocrx_word' id='word_1_409' title='bbox 484 5119 577 5167; x_wconf 65' lang='lat' dir='ltr'><strong>dimili</strong></span> <span class='ocrx_word' id='word_1_410' title='bbox 592 5123 668 5168; x_wconf 74' lang='lat' dir='ltr'><strong>riustri</strong></span> <span class='ocrx_word' id='word_1_411' title='bbox 681 5126 703 5168; x_wconf 79' lang='lat' dir='ltr'><strong>et</strong></span> <span class='ocrx_word' id='word_1_412' title='bbox 717 5122 758 5169; x_wconf 77' lang='grc' dir='ltr'><strong>Ιιὶι·</strong></span> <span class='ocrx_word' id='word_1_413' title='bbox 764 5139 813 5186; x_wconf 78' lang='lat' dir='ltr'><strong>per·</strong></span> <span class='ocrx_word' id='word_1_414' title='bbox 824 5139 859 5171; x_wconf 82' lang='lat' dir='ltr'><strong>mc</strong></span> <span class='ocrx_word' id='word_1_415' title='bbox 872 5124 902 5172; x_wconf 90' lang='lat' dir='ltr'><strong>P.</strong></span> <span class='ocrx_word' id='word_1_416' title='bbox 919 5123 1048 5171; x_wconf 70' lang='lat' dir='ltr'><strong>Gerraidai.</strong></span> 
     </span>
    </p>
   </div>
   <div class='ocr_carea' id='block_1_5' title="bbox 519 5238 1282 5287">
    <p class='ocr_par' dir='ltr' id='par_1_9' title="bbox 519 5238 1282 5287">
     <span class='ocr_line' id='line_1_43' title="bbox 519 5238 1282 5287; baseline 0 -2"><span class='ocrx_word' id='word_1_417' title='bbox 519 5242 538 5286; x_wconf 94' lang='lat' dir='ltr'><strong>l.</strong></span> <span class='ocrx_word' id='word_1_418' title='bbox 554 5241 612 5286; x_wconf 81' lang='lat' dir='ltr'><strong>l&#39;oir</strong></span> <span class='ocrx_word' id='word_1_419' title='bbox 624 5254 649 5287; x_wconf 83' lang='lat' dir='ltr'><strong>n.</strong></span> <span class='ocrx_word' id='word_1_420' title='bbox 661 5241 733 5286; x_wconf 71' lang='lat'><strong>2204.</strong></span> <span class='ocrx_word' id='word_1_421' title='bbox 745 5263 777 5274; x_wconf 84' lang='lat'><em>-</em></span> <span class='ocrx_word' id='word_1_422' title='bbox 789 5241 811 5284; x_wconf 80' lang='lat'><strong>·.’.</strong></span> <span class='ocrx_word' id='word_1_423' title='bbox 825 5238 886 5284; x_wconf 76' lang='lat' dir='ltr'><strong>l&#39;oir·</strong></span> <span class='ocrx_word' id='word_1_424' title='bbox 898 5252 922 5285; x_wconf 91' lang='grc' dir='ltr'><strong>ιι.</strong></span> <span class='ocrx_word' id='word_1_425' title='bbox 935 5239 1006 5287; x_wconf 69' lang='lat' dir='ltr'><strong>toll.</strong></span> <span class='ocrx_word' id='word_1_426' title='bbox 1022 5265 1053 5273; x_wconf 91' lang='lat'>—</span> <span class='ocrx_word' id='word_1_427' title='bbox 1068 5241 1090 5285; x_wconf 86' lang='lat'><strong>3.</strong></span> <span class='ocrx_word' id='word_1_428' title='bbox 1105 5238 1164 5286; x_wconf 83' lang='lat' dir='ltr'><strong>l&#39;oir</strong></span> <span class='ocrx_word' id='word_1_429' title='bbox 1174 5252 1198 5285; x_wconf 92' lang='grc' dir='ltr'><strong>ιι.</strong></span> <span class='ocrx_word' id='word_1_430' title='bbox 1211 5240 1282 5285; x_wconf 71' lang='lat'><strong>2039.</strong></span> 
     </span>
    </p>
   </div>
   <div class='ocr_carea' id='block_1_6' title="bbox 0 0 2337 6052">
    <p class='ocr_par' dir='ltr' id='par_1_10' title="bbox 0 0 2337 6052">
     <span class='ocr_line' id='line_1_44' title="bbox 0 0 2337 6052; baseline 0 0"><span class='ocrx_word' id='word_1_431' title='bbox 0 0 2337 6052; x_wconf 95' lang='lat' dir='ltr'><strong> </strong></span> 
     </span>
    </p>
   </div>
  </div>
 </body>
</html>
