4650 6059
1011 798 1098 869 1349,
1122 798 1161 859 22
1184 798 1253 861 mai.
1751 802 1813 864 445

498 957 600 1017 1698.
625 948 715 1033 Mag.
731 948 863 1027 Jacobo
879 948 978 1014 Fabri
1001 949 1043 1015 de
1069 948 1297 1030 Minoricuria,
1321 951 1649 1032 Attrebatendioc,
1673 953 1715 1017 de
1737 955 1813 1017 ben.

462 1056 534 1120 eccl.
551 1074 580 1119 c.
597 1073 626 1118 0.
643 1060 718 1132 010.,
736 1052 779 1117 011
795 1053 871 1118 0011.
888 1062 953 1118 010.
965 1052 1084 1119 decani
1097 1060 1132 1117 et
1148 1052 1285 1137 capituli
1299 1051 1337 1120 B.
1352 1054 1443 1120 Petri
1459 1055 1502 1121 de
1519 1054 1679 1136 Lutbosa,
1696 1054 1814 1120 Came-

465 1178 562 1222 racen.
580 1156 667 1222 dioc.
683 1178 692 1235 ;
708 1176 777 1221 non
805 1160 891 1221 obst.
918 1155 1009 1240 quod
1033 1155 1189 1241 parroeb.
1213 1158 1295 1223 eccl.
1320 1156 1362 1222 de
1389 1158 1575 1239 Auchiaco,
1600 1160 1813 1226 Attrebaten.

467 1260 550 1341 dioc,
563 1259 705 1340 obtinet,
729 1260 822 1344 cujus
844 1260 968 1326 fructus
990 1260 1175 1325 secundum
1197 1261 1409 1326 taxationem
1431 1262 1563 1328 decime
1587 1281 1625 1347 35
1650 1263 1722 1328 libr.
1745 1283 1813 1329 non

469 1365 620 1430 excedunt
635 1387 644 1444 ;
661 1385 762 1447 quam
777 1373 966 1449 permutare
981 1365 1104 1444 valeat,
1120 1364 1146 1429 si
1162 1364 1287 1431 virtute
1309 1367 1474 1451 presentis
1488 1366 1595 1451 gratie
1610 1366 1812 1432 beneficium

470 1477 605 1533 curatum
631 1468 739 1553 ipsum
759 1468 937 1552 contigerit
959 1475 1146 1553 acceptare.
1168 1508 1212 1517 —
1241 1467 1380 1535 Habeat
1406 1472 1449 1535 ad
1471 1471 1547 1535 coll.
1572 1470 1814 1556 archiepiscopi

471 1570 713 1655 Rothomagen,
729 1570 771 1637 de
787 1570 867 1635 data
884 1592 901 1651 9
918 1570 986 1637 lral.
999 1571 1082 1655 junii
1100 1578 1134 1636 a⁰
1149 1573 1192 1638 8⁰.

505 1717 600 1777 1699.
618 1707 709 1793 Mag.
727 1708 865 1793 Hugoni
882 1708 1036 1790 Gocbon,
1053 1708 1272 1775 Cameracen.
1287 1710 1385 1791 dioc,
1402 1710 1444 1776 de
1455 1713 1532 1776 ben.
1549 1713 1631 1777 eccl.
1648 1733 1677 1777 0.
1693 1732 1722 1778 0.
1739 1721 1815 1792 010.,

472 1812 504 1877 ad
518 1814 590 1879 coll.
607 1822 672 1877 etc.
688 1812 819 1876 abbatis
845 1821 880 1877 et
896 1820 1083 1879 conventus
1099 1814 1293 1879 monasterii
1309 1814 1341 1879 S.
1356 1813 1505 1879 Amandi
1521 1814 1555 1879 in
1572 1815 1707 1897 Pabula,
1724 1815 1766 1881 O.
1783 1816 1814 1881 S.

473 1915 511 1994 Β,
524 1916 708 1982 Tomacen.
725 1915 812 1981 dioc.
828 1939 836 1995 ;
853 1937 922 1981 non
939 1920 1026 1982 obst.
1041 1916 1132 2001 quod
1155 1919 1321 2002 capellan.
1344 1938 1437 2004 perp.
1454 1917 1488 1982 in
1505 1920 1587 1985 eccl.
1602 1919 1757 2004 parroeb.
1773 1919 1815 1984 de

474 2016 614 2104 Raymes,
629 2021 841 2084 Attrebaten.
872 2018 969 2100 dioc,
986 2020 1079 2105 cujus
1102 2019 1228 2085 fructus
1254 2020 1287 2085 in
1311 2021 1422 2087 studio
1446 2021 1622 2088 residendo
1649 2043 1815 2088 summam

472 2122 573 2188 decem
598 2124 709 2189 librar.
732 2121 856 2188 Turon.
882 2143 951 2189 non
979 2123 1158 2204 excedunt,
1185 2124 1334 2190 noscitur
1360 2124 1520 2191 obtinere.
1553 2162 1585 2173 -
1616 2125 1753 2192 Habeat
1779 2136 1816 2192 ut

474 2246 563 2313 supra.

510 2374 605 2434 1700.
623 2364 716 2449 Mag.
731 2363 751 2441 J
754 2365 879 2429 ohanni
895 2364 937 2429 de
954 2363 1121 2446 Bondues,
1145 2363 1360 2432 Cameracen.
1375 2366 1473 2447 dioc,
1485 2366 1528 2432 de
1550 2369 1627 2433 ben.
1643 2370 1725 2434 eccl.
1742 2389 1770 2434 c.
1787 2389 1816 2434 c.

476 2479 526 2534 etc.
541 2469 583 2534 ad
598 2457 816 2534 collationem
832 2476 897 2534 etc.
913 2468 1084 2553 prepositi,
1100 2468 1231 2550 decani,
1247 2476 1282 2534 et
1305 2469 1442 2555 capituli
1459 2489 1500 2535 ac
1522 2469 1717 2537 thesaurarii
1734 2474 1815 2538 eccl.

476 2570 687 2652 cameracen,
703 2573 806 2637 etiam
822 2573 848 2638 si
865 2572 899 2636 in
915 2574 997 2639 eccl.
1014 2573 1200 2639 cathedrali
1216 2596 1225 2654 ;
1242 2594 1311 2639 non
1339 2577 1424 2640 obst.
1450 2574 1541 2658 quod
1566 2576 1717 2661 parroeb.
1734 2578 1815 2642 eccl.

476 2675 507 2740 de
521 2677 664 2759 Foresta,
680 2677 770 2744 dicte
785 2677 883 2758 dioc,
899 2677 1047 2743 noscitur
1062 2677 1226 2744 obtinere.
1241 2718 1284 2727 -
1301 2677 1440 2744 Habeat
1455 2678 1499 2744 ad
1513 2679 1590 2745 coll.
1605 2679 1765 2764 prepositi
1781 2688 1816 2744 et

476 2779 651 2847 thesaurarii
667 2780 892 2867 predictorum
910 2801 986 2846 cum
1003 2781 1060 2846 illa
1076 2782 1225 2847 clausula
1247 2782 1470 2847 communiter
1491 2783 1547 2848 vel
1569 2782 1712 2864 divisim,
1728 2791 1766 2848 ut
1781 2783 1815 2847 in

477 2880 573 2951 forma.

512 3028 599 3089 1701.
618 3020 711 3104 Mag.
730 3020 875 3086 Ratoldo
892 3020 1032 3088 Henrici
1048 3021 1091 3087 de
1106 3021 1378 3107 Zevenberghen,
1394 3021 1556 3089 Leodien.
1572 3023 1669 3104 dioc,
1681 3024 1724 3089 de
1740 3014 1815 3090 can.

478 3132 504 3184 et
515 3129 598 3209 preb.
618 3125 707 3211 [vac.
723 3125 777 3188 vel
793 3125 933 3211 vacat.],
950 3126 1047 3190 simul
1072 3128 1126 3190 vel
1152 3125 1295 3205 divisim,
1319 3124 1354 3188 in
1382 3124 1534 3190 districtu
1559 3125 1738 3192 Zeelandie
1761 3128 1816 3189 vel

480 3220 652 3309 Hollandie,
676 3229 762 3294 dioc.
786 3228 983 3314 Trajecten,
1011 3251 1088 3296 cum
1114 3229 1279 3294 beneficio
1306 3228 1516 3313 acceptando
1543 3228 1651 3295 dictos
1678 3231 1815 3295 canoni-

479 3343 570 3398 catum
585 3342 598 3367 ²
614 3345 649 3398 et
664 3335 870 3419 prebendam
893 3335 1100 3419 conjunctim
1123 3335 1176 3397 vel
1193 3333 1335 3412 divisim,
1352 3353 1429 3398 cum
1452 3332 1524 3397 aliis
1547 3333 1702 3397 clausulis
1718 3354 1814 3419 opor-

477 3437 547 3502 turis
562 3462 569 3517 ;
586 3458 655 3503 non
673 3441 757 3503 obst.
786 3438 981 3523 capellania,
997 3460 1098 3522 quam
1121 3436 1269 3501 noscitur
1294 3436 1326 3500 in
1354 3436 1443 3501 011110
1468 3436 1594 3501 1101111111
1622 3437 1664 3501 de
1688 3437 1815 3502 Zeven-

477 3533 602 3624 berghen
620 3541 771 3606 obtinere
786 3565 793 3620 ;
811 3542 903 3626 cujus
926 3541 1050 3607 fructus
1081 3547 1117 3604 16
1146 3560 1324 3625 parvorum
1348 3539 1502 3605 florenor.
1530 3562 1696 3605 summam
1721 3542 1815 3606 annis

476 3638 591 3728 singulis
606 3666 675 3709 non
692 3646 869 3710 excedunt.
881 3684 912 3692 -
935 3645 1072 3709 Habeat
1089 3666 1162 3710 can.
1179 3646 1240 3709 sub
1256 3664 1332 3728 exp.
1348 3646 1441 3727 preb.
1459 3643 1492 3708 in
1510 3644 1661 3709 districtu
1676 3644 1815 3709 Zeelan-

475 3741 515 3809 die
528 3751 579 3813 vel
597 3748 790 3828 Hollandie,
807 3750 894 3814 dioc.
911 3750 1108 3834 Trajecten,
1125 3750 1178 3812 vel
1196 3747 1240 3813 ad
1256 3748 1331 3812 coll.
1351 3767 1467 3811 eorum
1494 3747 1537 3812 de
1559 3748 1724 3812 beneficio
1741 3769 1770 3813 c.
1787 3769 1816 3813 0.

475 3852 514 3913 rel
527 3874 549 3918 s.
567 3874 596 3918 c.
614 3854 822 3937 conjunctim
838 3855 891 3917 vel
908 3854 1039 3918 divisim
1056 3861 1093 3916 111
1110 3853 1142 3916 111
1159 3852 1266 3917 forma
1283 3852 1353 3935 (19,
1372 3852 1477 3934 209l).

508 4015 602 4077 1702.
622 4008 714 4093 Mag.
738 4008 885 4085 Johanni
910 4010 951 4074 de
968 4009 1104 4087 Palude,
1131 4008 1315 4093 presbitero
1339 4006 1526 4073 Tomacen.
1551 4006 1649 4087 dioc,
1674 4006 1716 4072 de
1740 4009 1817 4072 ben.

475 4115 538 4178 eccl.
556 4136 584 4178 c.
602 4134 631 4177 c.
648 4122 723 4191 010.,
740 4113 782 4177 011
799 4114 874 4177 coll.
891 4123 955 4177 etc.
973 4112 1120 4198 episcopi
1145 4111 1305 4176 Leodien.
1321 4133 1329 4189 ;
1357 4131 1427 4175 non
1443 4113 1529 4175 obst.
1546 4110 1636 4193 quod
1653 4110 1817 4195 capellan.

474 4208 497 4276 in
511 4220 588 4282 eccl.
604 4217 757 4302 parroch.
782 4216 819 4280 B.
839 4215 887 4280 M.
904 4216 1100 4295 Gandensis,
1117 4215 1305 4280 Tomacen.
1321 4214 1418 4294 dioc,
1434 4212 1583 4278 noscitur
1599 4213 1760 4279 obtinere.
1782 4249 1813 4259 -

474 4311 594 4387 Habeat
610 4328 648 4385 111
664 4320 697 4384 111
715 4320 830 4400 1011110,
847 4321 888 4385 de
907 4341 923 4398 9
941 4320 1007 4383 kal.
1027 4317 1142 4405 [junii]
1160 4325 1193 4382 a⁰
1210 4320 1252 4383 8⁰.

598 4527 605 4541 .
623 4474 714 4561 Mag.
731 4476 877 4553 Johanni
896 4476 1040 4555 Bruvvre,
1064 4476 1249 4559 presbitero
1264 4474 1455 4540 Tomacen.
1472 4472 1569 4552 dioc,
1586 4472 1627 4537 de
1642 4475 1720 4537 ben.
1736 4473 1818 4538 eccl.

471 4595 536 4661 sc,
553 4579 596 4645 ad
612 4581 688 4645 coll.
716 4580 874 4665 prepositi
903 4588 937 4643 et
964 4578 1101 4663 capituli
1129 4579 1211 4643 eccl.
1237 4578 1268 4643 S.
1291 4576 1474 4642 Pharaildis
1501 4574 1700 4656 Gandensis,
1729 4575 1818 4640 dicte

471 4677 552 4764 dioc,
570 4683 795 4749 communiter
810 4692 899 4761 etc.;
928 4703 996 4746 non
1025 4684 1110 4746 obst.
1136 4682 1226 4764 quod
1253 4681 1404 4767 parroeb.
1430 4681 1511 4745 0001.
1533 4679 1575 4744 de
1591 4678 1818 4763 Zevverghcm,

473 4784 605 4865 ejusdem
623 4787 720 4866 dioc,
737 4788 900 4851 obtineat.
916 4826 959 4834 -
977 4784 1115 4849 Habeat
1131 4785 1355 4850 communiter
1376 4785 1431 4848 vel
1452 4783 1583 4848 divisim
1599 4791 1636 4846 ut
1652 4782 1684 4845 in
1702 4782 1817 4847 sonna.

510 4948 608 5008 1704.
627 4940 718 5025 Mag.
735 4939 881 5017 Johanni
906 4940 1057 5006 Fauvelli
1073 4940 1095 5021 ¹³,
1120 4943 1333 5006 Attrebaten.
1357 4938 1455 5017 dioc„
1471 4936 1513 5002 de
1536 4938 1614 5002 ben.
1642 4956 1671 5000 c.
1688 4956 1716 5000 c.
1742 4944 1817 5014 010.,

477 5054 634 5122 spectante
650 5055 715 5110 ete.
731 5045 775 5110 ad
791 5046 866 5111 coll.
882 5053 946 5110 010.
971 5045 1116 5110 cantoris
1138 5052 1173 5109 01
1196 5042 1333 5129 capituli
1356 5043 1439 5107 eccl.
1462 5038 1501 5107 B.
1526 5037 1575 5105 M.
1591 5039 1633 5104 de
1660 5038 1816 5124 StampiS,

504 5227 525 5286 ³)
544 5230 598 5280 Cod.
609 5233 772 5281 ‹leonnatum
785 5260 816 5266 —
828 5233 858 5292 b)
870 5233 911 5280 On
923 5235 1038 5295 pourrait
1055 5232 1101 5280 lire
1117 5247 1122 5278 :
1135 5230 1260 5290 Fannelli,
1273 5229 1399 5278 Fanuelli.
