<?xml version="1.0" encoding="UTF-8"?>
<!DOCTYPE html PUBLIC "-//W3C//DTD XHTML 1.0 Transitional//EN"
    "http://www.w3.org/TR/xhtml1/DTD/xhtml1-transitional.dtd">
<html xmlns="http://www.w3.org/1999/xhtml" xml:lang="en" lang="en">
 <head>
  <title>
</title>
<meta http-equiv="Content-Type" content="text/html;charset=utf-8" />
  <meta name='ocr-system' content='tesseract 3.04.00' />
  <meta name='ocr-capabilities' content='ocr_page ocr_carea ocr_par ocr_line ocrx_word'/>
</head>
<body>
  <div class='ocr_page' id='page_1' title='image "./suppliquesdeclm00goog_0072.png"; bbox 0 0 4650 6059; ppageno 0'>
   <div class='ocr_carea' id='block_1_1' title="bbox 919 758 1886 878">
    <p class='ocr_par' dir='ltr' id='par_1_1' title="bbox 919 758 1886 878">
     <span class='ocr_line' id='line_1_1' title="bbox 919 758 1886 878; baseline 0.012 -17"><span class='ocrx_word' id='word_1_1' title='bbox 919 794 1007 872; x_wconf 78' lang='lat'><strong>1842,</strong></span> <span class='ocrx_word' id='word_1_2' title='bbox 1030 795 1120 861; x_wconf 79' lang='lat' dir='ltr'>ram</span> <span class='ocrx_word' id='word_1_3' title='bbox 1137 795 1248 878; x_wconf 76' lang='lat' dir='ltr'>juillet.</span> <span class='ocrx_word' id='word_1_4' title='bbox 1348 759 1380 830; x_wconf 68' lang='grc' dir='ltr'><em>Ἰ</em></span> <span class='ocrx_word' id='word_1_5' title='bbox 1461 815 1463 821; x_wconf 93' lang='grc'><strong><em>·</em></strong></span> <span class='ocrx_word' id='word_1_6' title='bbox 1728 805 1771 872; x_wconf 82' lang='lat' dir='ltr'>n</span> <span class='ocrx_word' id='word_1_7' title='bbox 1884 758 1886 762; x_wconf 51' lang='grc'>’</span> 
     </span>
    </p>
   </div>
   <div class='ocr_carea' id='block_1_2' title="bbox 363 944 1844 1862">
    <p class='ocr_par' dir='ltr' id='par_1_2' title="bbox 363 944 1844 1862">
     <span class='ocr_line' id='line_1_2' title="bbox 431 944 1844 1040; baseline 0.006 -26"><span class='ocrx_word' id='word_1_8' title='bbox 431 944 554 1014; x_wconf 69' lang='lat' dir='ltr'>sabone</span> <span class='ocrx_word' id='word_1_9' title='bbox 578 944 739 1013; x_wconf 81' lang='lat' dir='ltr'>Parisien</span> <span class='ocrx_word' id='word_1_10' title='bbox 754 946 790 1013; x_wconf 93' lang='lat' dir='ltr'>in</span> <span class='ocrx_word' id='word_1_11' title='bbox 805 946 907 1014; x_wconf 86' lang='lat' dir='ltr'>theol</span> <span class='ocrx_word' id='word_1_12' title='bbox 923 946 1071 1031; x_wconf 85' lang='lat' dir='ltr'>studens,</span> <span class='ocrx_word' id='word_1_13' title='bbox 1098 948 1154 1033; x_wconf 90' lang='lat' dir='ltr'>qui</span> <span class='ocrx_word' id='word_1_14' title='bbox 1178 948 1319 1036; x_wconf 84' lang='lat' dir='ltr'>perlegit</span> <span class='ocrx_word' id='word_1_15' title='bbox 1343 972 1448 1019; x_wconf 89' lang='lat' dir='ltr'>unum</span> <span class='ocrx_word' id='word_1_16' title='bbox 1462 973 1594 1040; x_wconf 86' lang='lat' dir='ltr'>cursum</span> <span class='ocrx_word' id='word_1_17' title='bbox 1620 953 1655 1019; x_wconf 92' lang='lat' dir='ltr'>in</span> <span class='ocrx_word' id='word_1_18' title='bbox 1678 954 1769 1022; x_wconf 86' lang='lat' dir='ltr'>dicta</span> <span class='ocrx_word' id='word_1_19' title='bbox 1837 973 1844 988; x_wconf 72' lang='lat'><em>¹</em></span> 
     </span>
     <span class='ocr_line' id='line_1_3' title="bbox 363 1043 1770 1139; baseline 0.008 -25"><span class='ocrx_word' id='word_1_20' title='bbox 363 1043 369 1084; x_wconf 54' lang='lat'>¹¹</span> <span class='ocrx_word' id='word_1_21' title='bbox 397 1062 399 1064; x_wconf 74' lang='grc'><strong><em>’</em></strong></span> <span class='ocrx_word' id='word_1_22' title='bbox 427 1046 579 1131; x_wconf 66' lang='lat' dir='ltr'>leuitate,</span> <span class='ocrx_word' id='word_1_23' title='bbox 594 1069 698 1135; x_wconf 85' lang='lat' dir='ltr'>quem</span> <span class='ocrx_word' id='word_1_24' title='bbox 710 1052 790 1117; x_wconf 92' lang='lat' dir='ltr'>bon.</span> <span class='ocrx_word' id='word_1_25' title='bbox 805 1071 905 1117; x_wconf 91' lang='lat' dir='ltr'>mem.</span> <span class='ocrx_word' id='word_1_26' title='bbox 919 1050 1009 1118; x_wconf 89' lang='lat' dir='ltr'>dom</span> <span class='ocrx_word' id='word_1_27' title='bbox 1025 1050 1173 1137; x_wconf 85' lang='lat' dir='ltr'>P(etrus)</span> <span class='ocrx_word' id='word_1_28' title='bbox 1188 1052 1278 1120; x_wconf 86' lang='lat' dir='ltr'>card.</span> <span class='ocrx_word' id='word_1_29' title='bbox 1293 1055 1591 1123; x_wconf 81' lang='lat' dir='ltr'>Autissiodorensis</span> <span class='ocrx_word' id='word_1_30' title='bbox 1607 1067 1625 1139; x_wconf 91' lang='lat'>¹,</span> <span class='ocrx_word' id='word_1_31' title='bbox 1642 1057 1770 1125; x_wconf 88' lang='lat' dir='ltr'>amicus</span> 
     </span>
     <span class='ocr_line' id='line_1_4' title="bbox 386 1150 1767 1245; baseline 0.006 -27"><span class='ocrx_word' id='word_1_32' title='bbox 386 1184 387 1187; x_wconf 37' lang='lat'>¹</span> <span class='ocrx_word' id='word_1_33' title='bbox 424 1158 527 1234; x_wconf 67' lang='lat' dir='ltr'>m,</span> <span class='ocrx_word' id='word_1_34' title='bbox 533 1150 664 1219; x_wconf 88' lang='lat' dir='ltr'>dudum</span> <span class='ocrx_word' id='word_1_35' title='bbox 678 1153 862 1241; x_wconf 88' lang='lat' dir='ltr'>provisioni</span> <span class='ocrx_word' id='word_1_36' title='bbox 876 1155 1091 1236; x_wconf 67' lang='lat' dir='ltr'>ventedorn</span> <span class='ocrx_word' id='word_1_37' title='bbox 1106 1176 1222 1223; x_wconf 88' lang='lat' dir='ltr'>coram</span> <span class='ocrx_word' id='word_1_38' title='bbox 1235 1152 1383 1224; x_wconf 74' lang='lat' dir='ltr'>vobis&#39;et</span> <span class='ocrx_word' id='word_1_39' title='bbox 1397 1157 1489 1226; x_wconf 88' lang='lat' dir='ltr'>eoin</span> <span class='ocrx_word' id='word_1_40' title='bbox 1504 1179 1621 1226; x_wconf 89' lang='lat' dir='ltr'>mensa</span> <span class='ocrx_word' id='word_1_41' title='bbox 1631 1161 1767 1245; x_wconf 87' lang='lat' dir='ltr'>legeret,</span> 
     </span>
     <span class='ocr_line' id='line_1_5' title="bbox 381 1253 1768 1351; baseline 0.008 -30"><span class='ocrx_word' id='word_1_42' title='bbox 381 1347 383 1350; x_wconf 13' lang='grc' dir='ltr'><strong><em>ι</em></strong></span> <span class='ocrx_word' id='word_1_43' title='bbox 419 1253 597 1343; x_wconf 70' lang='lat' dir='ltr'>specialiter</span> <span class='ocrx_word' id='word_1_44' title='bbox 610 1256 876 1340; x_wconf 83' lang='lat' dir='ltr'>commendavit,</span> <span class='ocrx_word' id='word_1_45' title='bbox 893 1265 984 1343; x_wconf 84' lang='lat' dir='ltr'>quat.</span> <span class='ocrx_word' id='word_1_46' title='bbox 1000 1258 1031 1325; x_wconf 90' lang='lat' dir='ltr'>ei</span> <span class='ocrx_word' id='word_1_47' title='bbox 1046 1258 1089 1326; x_wconf 92' lang='lat' dir='ltr'>de</span> <span class='ocrx_word' id='word_1_48' title='bbox 1105 1279 1177 1344; x_wconf 81' lang='lat' dir='ltr'>can</span> <span class='ocrx_word' id='word_1_49' title='bbox 1193 1260 1274 1327; x_wconf 80' lang='lat' dir='ltr'>eccl.</span> <span class='ocrx_word' id='word_1_50' title='bbox 1291 1258 1455 1329; x_wconf 89' lang='lat' dir='ltr'>Morinen.</span> <span class='ocrx_word' id='word_1_51' title='bbox 1482 1262 1664 1349; x_wconf 86' lang='lat' dir='ltr'>dignemini</span> <span class='ocrx_word' id='word_1_52' title='bbox 1691 1284 1768 1351; x_wconf 89' lang='lat' dir='ltr'>pro·</span> 
     </span>
     <span class='ocr_line' id='line_1_6' title="bbox 415 1352 1768 1451; baseline 0.006 -25"><span class='ocrx_word' id='word_1_53' title='bbox 415 1356 531 1443; x_wconf 82' lang='lat' dir='ltr'>ridere,</span> <span class='ocrx_word' id='word_1_54' title='bbox 555 1368 594 1427; x_wconf 84' lang='lat' dir='ltr'>et</span> <span class='ocrx_word' id='word_1_55' title='bbox 610 1362 704 1448; x_wconf 88' lang='lat' dir='ltr'>preb.</span> <span class='ocrx_word' id='word_1_56' title='bbox 727 1363 814 1447; x_wconf 82' lang='lat' dir='ltr'>[vae</span> <span class='ocrx_word' id='word_1_57' title='bbox 829 1362 884 1433; x_wconf 79' lang='lat' dir='ltr'>vel</span> <span class='ocrx_word' id='word_1_58' title='bbox 898 1363 1023 1447; x_wconf 77' lang='lat' dir='ltr'>vacat]</span> <span class='ocrx_word' id='word_1_59' title='bbox 1045 1383 1225 1445; x_wconf 82' lang='lat' dir='ltr'>reservare,</span> <span class='ocrx_word' id='word_1_60' title='bbox 1249 1383 1328 1438; x_wconf 58' lang='lat' dir='ltr'>non,</span> <span class='ocrx_word' id='word_1_61' title='bbox 1342 1367 1425 1432; x_wconf 83' lang='lat' dir='ltr'>obst.</span> <span class='ocrx_word' id='word_1_62' title='bbox 1441 1352 1533 1451; x_wconf 84' lang='lat' dir='ltr'>quod</span> <span class='ocrx_word' id='word_1_63' title='bbox 1547 1366 1581 1432; x_wconf 92' lang='lat' dir='ltr'>in</span> <span class='ocrx_word' id='word_1_64' title='bbox 1604 1366 1637 1434; x_wconf 88' lang='lat' dir='ltr'>S.</span> <span class='ocrx_word' id='word_1_65' title='bbox 1653 1367 1768 1434; x_wconf 89' lang='lat' dir='ltr'>Salva-</span> 
     </span>
     <span class='ocr_line' id='line_1_7' title="bbox 412 1461 1768 1556; baseline 0.006 -26.721"><span class='ocrx_word' id='word_1_66' title='bbox 412 1462 487 1529; x_wconf 62' lang='grc' dir='ltr'>ταὶ</span> <span class='ocrx_word' id='word_1_67' title='bbox 497 1461 545 1530; x_wconf 82' lang='lat' dir='ltr'>de</span> <span class='ocrx_word' id='word_1_68' title='bbox 559 1462 590 1529; x_wconf 83' lang='lat' dir='ltr'>S</span> <span class='ocrx_word' id='word_1_69' title='bbox 606 1462 716 1531; x_wconf 87' lang='lat' dir='ltr'>Paulo</span> <span class='ocrx_word' id='word_1_70' title='bbox 730 1484 804 1531; x_wconf 91' lang='lat' dir='ltr'>can.</span> <span class='ocrx_word' id='word_1_71' title='bbox 819 1471 855 1531; x_wconf 89' lang='lat' dir='ltr'>et</span> <span class='ocrx_word' id='word_1_72' title='bbox 865 1467 958 1552; x_wconf 86' lang='lat' dir='ltr'>preb.</span> <span class='ocrx_word' id='word_1_73' title='bbox 974 1486 1015 1533; x_wconf 89' lang='lat' dir='ltr'>ac</span> <span class='ocrx_word' id='word_1_74' title='bbox 1029 1465 1065 1542; x_wconf 84' lang='lat' dir='ltr'>in</span> <span class='ocrx_word' id='word_1_75' title='bbox 1079 1465 1124 1533; x_wconf 88' lang='lat' dir='ltr'>de</span> <span class='ocrx_word' id='word_1_76' title='bbox 1138 1464 1356 1543; x_wconf 75' lang='lat' dir='ltr'>¹l&#39;arvovillari</span> <span class='ocrx_word' id='word_1_77' title='bbox 1370 1488 1412 1535; x_wconf 86' lang='lat' dir='ltr'>ac</span> <span class='ocrx_word' id='word_1_78' title='bbox 1427 1469 1606 1556; x_wconf 88' lang='lat' dir='ltr'>leprosarie</span> <span class='ocrx_word' id='word_1_79' title='bbox 1621 1470 1768 1538; x_wconf 86' lang='lat' dir='ltr'>Ariensis</span> 
     </span>
     <span class='ocr_line' id='line_1_8' title="bbox 363 1517 1768 1656; baseline 0.007 -25"><span class='ocrx_word' id='word_1_80' title='bbox 363 1517 368 1624; x_wconf 63' lang='grc'><strong>1</strong></span> <span class='ocrx_word' id='word_1_81' title='bbox 408 1565 484 1632; x_wconf 81' lang='lat' dir='ltr'>eoel</span> <span class='ocrx_word' id='word_1_82' title='bbox 507 1586 604 1653; x_wconf 90' lang='lat' dir='ltr'>perp.</span> <span class='ocrx_word' id='word_1_83' title='bbox 633 1568 839 1654; x_wconf 85' lang='lat' dir='ltr'>capellanias</span> <span class='ocrx_word' id='word_1_84' title='bbox 869 1588 911 1636; x_wconf 89' lang='lat' dir='ltr'>ac</span> <span class='ocrx_word' id='word_1_85' title='bbox 939 1569 1099 1656; x_wconf 73' lang='lat' dir='ltr'>parrocia·</span> <span class='ocrx_word' id='word_1_86' title='bbox 1114 1571 1195 1637; x_wconf 87' lang='lat' dir='ltr'>eccl.</span> <span class='ocrx_word' id='word_1_87' title='bbox 1224 1569 1268 1637; x_wconf 94' lang='lat' dir='ltr'>de</span> <span class='ocrx_word' id='word_1_88' title='bbox 1299 1566 1486 1654; x_wconf 45' lang='lat' dir='ltr'>Marcellos</span> <span class='ocrx_word' id='word_1_89' title='bbox 1503 1572 1702 1639; x_wconf 89' lang='lat' dir='ltr'>Ambianen.</span> <span class='ocrx_word' id='word_1_90' title='bbox 1726 1581 1768 1641; x_wconf 79' lang='lat' dir='ltr'>et</span> 
     </span>
     <span class='ocr_line' id='line_1_9' title="bbox 407 1662 1233 1753; baseline 0.008 -18.646"><span class='ocrx_word' id='word_1_91' title='bbox 407 1662 571 1735; x_wconf 73' lang='lat' dir='ltr'>Morinen.</span> <span class='ocrx_word' id='word_1_92' title='bbox 587 1668 687 1753; x_wconf 91' lang='lat' dir='ltr'>dioc.,</span> <span class='ocrx_word' id='word_1_93' title='bbox 702 1671 852 1738; x_wconf 84' lang='lat' dir='ltr'>noscitur</span> <span class='ocrx_word' id='word_1_94' title='bbox 865 1672 1024 1739; x_wconf 88' lang='lat' dir='ltr'>obtinere.</span> <span class='ocrx_word' id='word_1_95' title='bbox 1047 1713 1076 1726; x_wconf 89' lang='lat'>-</span> <span class='ocrx_word' id='word_1_96' title='bbox 1100 1672 1179 1741; x_wconf 84' lang='lat' dir='ltr'>Fiat</span> <span class='ocrx_word' id='word_1_97' title='bbox 1194 1672 1233 1740; x_wconf 87' lang='lat' dir='ltr'>R</span> 
     </span>
     <span class='ocr_line' id='line_1_10' title="bbox 363 1770 1088 1862; baseline 0.014 -29"><span class='ocrx_word' id='word_1_98' title='bbox 363 1825 364 1832; x_wconf 74' lang='grc'><strong>,</strong></span> <span class='ocrx_word' id='word_1_99' title='bbox 448 1770 526 1839; x_wconf 75' lang='lat' dir='ltr'>Dat</span> <span class='ocrx_word' id='word_1_100' title='bbox 541 1773 643 1839; x_wconf 79' lang='lat' dir='ltr'>Asin</span> <span class='ocrx_word' id='word_1_101' title='bbox 660 1794 679 1839; x_wconf 87' lang='lat'><strong>2</strong></span> <span class='ocrx_word' id='word_1_102' title='bbox 695 1773 738 1840; x_wconf 92' lang='lat' dir='ltr'>id</span> <span class='ocrx_word' id='word_1_103' title='bbox 751 1773 875 1861; x_wconf 87' lang='lat' dir='ltr'>juliia⁰</span> <span class='ocrx_word' id='word_1_104' title='bbox 893 1782 931 1842; x_wconf 91' lang='lat'>1⁰.</span> <span class='ocrx_word' id='word_1_105' title='bbox 947 1773 990 1860; x_wconf 88' lang='lat'>(1,</span> <span class='ocrx_word' id='word_1_106' title='bbox 1008 1780 1088 1862; x_wconf 88' lang='lat'>69&#39;).</span> 
     </span>
    </p>
   </div>
   <div class='ocr_carea' id='block_1_3' title="bbox 401 1907 1767 2437">
    <p class='ocr_par' dir='ltr' id='par_1_3' title="bbox 453 1907 1722 2012">
     <span class='ocr_line' id='line_1_11' title="bbox 453 1907 1722 2012; baseline 0.002 -19"><span class='ocrx_word' id='word_1_107' title='bbox 453 1907 635 1994; x_wconf 77' lang='grc'>88·89.</span> <span class='ocrx_word' id='word_1_108' title='bbox 1235 1955 1238 1963; x_wconf 93' lang='grc'><em>·</em></span> <span class='ocrx_word' id='word_1_109' title='bbox 1437 1946 1532 2012; x_wconf 76' lang='lat'><em>1342,</em></span> <span class='ocrx_word' id='word_1_110' title='bbox 1549 1930 1591 1993; x_wconf 82' lang='lat'>18</span> <span class='ocrx_word' id='word_1_111' title='bbox 1599 1926 1722 2010; x_wconf 84' lang='lat' dir='ltr'>juillet.</span> 
     </span>
    </p>

    <p class='ocr_par' dir='ltr' id='par_1_4' title="bbox 401 2026 1767 2437">
     <span class='ocr_line' id='line_1_12' title="bbox 443 2026 1765 2119; baseline 0.002 -25"><span class='ocrx_word' id='word_1_112' title='bbox 443 2026 549 2116; x_wconf 82' lang='lat' dir='ltr'>Supp.</span> <span class='ocrx_word' id='word_1_113' title='bbox 558 2027 718 2095; x_wconf 85' lang='lat' dir='ltr'>Galterns</span> <span class='ocrx_word' id='word_1_114' title='bbox 725 2028 855 2095; x_wconf 88' lang='lat' dir='ltr'>Alberti</span> <span class='ocrx_word' id='word_1_115' title='bbox 867 2038 958 2114; x_wconf 89' lang='lat' dir='ltr'>quat.</span> <span class='ocrx_word' id='word_1_116' title='bbox 973 2030 1148 2116; x_wconf 85' lang='lat' dir='ltr'>providere</span> <span class='ocrx_word' id='word_1_117' title='bbox 1159 2029 1342 2115; x_wconf 88' lang='lat' dir='ltr'>dignemini</span> <span class='ocrx_word' id='word_1_118' title='bbox 1354 2029 1457 2097; x_wconf 86' lang='lat' dir='ltr'>Petro</span> <span class='ocrx_word' id='word_1_119' title='bbox 1471 2030 1601 2097; x_wconf 84' lang='lat' dir='ltr'>Alberti</span> <span class='ocrx_word' id='word_1_120' title='bbox 1613 2031 1765 2119; x_wconf 87' lang='lat' dir='ltr'>filiosuo,</span> 
     </span>
     <span class='ocr_line' id='line_1_13' title="bbox 401 2127 1766 2221; baseline 0.001 -23"><span class='ocrx_word' id='word_1_121' title='bbox 401 2132 479 2198; x_wconf 84' lang='lat' dir='ltr'>cler.</span> <span class='ocrx_word' id='word_1_122' title='bbox 494 2127 585 2199; x_wconf 78' lang='lat' dir='ltr'>dioc.</span> <span class='ocrx_word' id='word_1_123' title='bbox 605 2130 832 2213; x_wconf 69' lang='lat' dir='ltr'>lemovicen,</span> <span class='ocrx_word' id='word_1_124' title='bbox 857 2131 900 2199; x_wconf 92' lang='lat' dir='ltr'>de</span> <span class='ocrx_word' id='word_1_125' title='bbox 927 2152 999 2199; x_wconf 88' lang='lat' dir='ltr'>can.</span> <span class='ocrx_word' id='word_1_126' title='bbox 1015 2140 1051 2199; x_wconf 89' lang='lat' dir='ltr'>et</span> <span class='ocrx_word' id='word_1_127' title='bbox 1065 2135 1154 2221; x_wconf 89' lang='lat' dir='ltr'>preb.</span> <span class='ocrx_word' id='word_1_128' title='bbox 1182 2133 1383 2201; x_wconf 85' lang='lat' dir='ltr'>cathedralis</span> <span class='ocrx_word' id='word_1_129' title='bbox 1406 2133 1487 2202; x_wconf 88' lang='lat' dir='ltr'>eccl.</span> <span class='ocrx_word' id='word_1_130' title='bbox 1502 2132 1679 2217; x_wconf 82' lang='lat' dir='ltr'>Toronen,</span> <span class='ocrx_word' id='word_1_131' title='bbox 1694 2155 1766 2203; x_wconf 88' lang='lat' dir='ltr'>vac.</span> 
     </span>
     <span class='ocr_line' id='line_1_14' title="bbox 402 2234 1767 2324; baseline 0.004 -24"><span class='ocrx_word' id='word_1_132' title='bbox 402 2253 465 2320; x_wconf 86' lang='lat' dir='ltr'>per</span> <span class='ocrx_word' id='word_1_133' title='bbox 487 2234 779 2301; x_wconf 86' lang='lat' dir='ltr'>eonsecrationem</span> <span class='ocrx_word' id='word_1_134' title='bbox 802 2235 891 2303; x_wconf 86' lang='lat' dir='ltr'>dom.</span> <span class='ocrx_word' id='word_1_135' title='bbox 916 2234 1052 2303; x_wconf 81' lang='lat' dir='ltr'>Nic&#39;olai</span> <span class='ocrx_word' id='word_1_136' title='bbox 1075 2237 1176 2304; x_wconf 86' lang='lat' dir='ltr'>electi</span> <span class='ocrx_word' id='word_1_137' title='bbox 1190 2237 1234 2303; x_wconf 88' lang='lat' dir='ltr'>de</span> <span class='ocrx_word' id='word_1_138' title='bbox 1249 2235 1415 2324; x_wconf 84' lang='lat' dir='ltr'>Pergamo</span> <span class='ocrx_word' id='word_1_139' title='bbox 1429 2247 1447 2304; x_wconf 85' lang='lat'>².</span> <span class='ocrx_word' id='word_1_140' title='bbox 1463 2278 1507 2289; x_wconf 93' lang='lat'><em>-</em></span> <span class='ocrx_word' id='word_1_141' title='bbox 1523 2236 1661 2305; x_wconf 63' lang='lat' dir='ltr'>Fiat&#39;in</span> <span class='ocrx_word' id='word_1_142' title='bbox 1687 2240 1767 2306; x_wconf 86' lang='lat' dir='ltr'>eccl</span> 
     </span>
     <span class='ocr_line' id='line_1_15' title="bbox 402 2336 1579 2437; baseline 0.004 -34"><span class='ocrx_word' id='word_1_143' title='bbox 402 2338 436 2404; x_wconf 78' lang='lat' dir='ltr'>S</span> <span class='ocrx_word' id='word_1_144' title='bbox 450 2336 545 2404; x_wconf 85' lang='lat' dir='ltr'>Petri</span> <span class='ocrx_word' id='word_1_145' title='bbox 551 2336 598 2405; x_wconf 93' lang='lat' dir='ltr'>de</span> <span class='ocrx_word' id='word_1_146' title='bbox 611 2338 704 2422; x_wconf 84' lang='lat' dir='ltr'>Aria,</span> <span class='ocrx_word' id='word_1_147' title='bbox 721 2337 887 2407; x_wconf 90' lang='lat' dir='ltr'>Morinen.</span> <span class='ocrx_word' id='word_1_148' title='bbox 902 2339 988 2406; x_wconf 86' lang='lat' dir='ltr'>dioc.</span> <span class='ocrx_word' id='word_1_149' title='bbox 1005 2338 1044 2406; x_wconf 91' lang='lat' dir='ltr'>R</span> <span class='ocrx_word' id='word_1_150' title='bbox 1064 2377 1097 2437; x_wconf 74' lang='lat'>·.</span> <span class='ocrx_word' id='word_1_151' title='bbox 1117 2339 1160 2407; x_wconf 91' lang='lat' dir='ltr'>de</span> <span class='ocrx_word' id='word_1_152' title='bbox 1176 2360 1248 2407; x_wconf 90' lang='lat' dir='ltr'>can.</span> <span class='ocrx_word' id='word_1_153' title='bbox 1264 2342 1324 2408; x_wconf 92' lang='lat' dir='ltr'>sub</span> <span class='ocrx_word' id='word_1_154' title='bbox 1339 2361 1414 2428; x_wconf 85' lang='lat' dir='ltr'>exp.</span> <span class='ocrx_word' id='word_1_155' title='bbox 1430 2344 1522 2428; x_wconf 91' lang='lat' dir='ltr'>preb.</span> <span class='ocrx_word' id='word_1_156' title='bbox 1541 2340 1579 2407; x_wconf 91' lang='lat' dir='ltr'>R</span> 
     </span>
    </p>
   </div>
   <div class='ocr_carea' id='block_1_4' title="bbox 363 2464 1768 2971">
    <p class='ocr_par' dir='ltr' id='par_1_5' title="bbox 405 2464 1768 2662">
     <span class='ocr_line' id='line_1_16' title="bbox 424 2464 1767 2558; baseline 0.001 -21"><span class='ocrx_word' id='word_1_157' title='bbox 424 2508 430 2515; x_wconf 89' lang='lat'><strong>·</strong></span> <span class='ocrx_word' id='word_1_158' title='bbox 446 2474 508 2537; x_wconf 84' lang='grc'>89.</span> <span class='ocrx_word' id='word_1_159' title='bbox 532 2464 625 2535; x_wconf 82' lang='lat' dir='ltr'>item</span> <span class='ocrx_word' id='word_1_160' title='bbox 638 2489 733 2557; x_wconf 82' lang='lat' dir='ltr'>supp.</span> <span class='ocrx_word' id='word_1_161' title='bbox 749 2470 1024 2558; x_wconf 49' lang='lat' dir='ltr'>quatfprovidere</span> <span class='ocrx_word' id='word_1_162' title='bbox 1035 2469 1219 2556; x_wconf 87' lang='lat' dir='ltr'>dignemini</span> <span class='ocrx_word' id='word_1_163' title='bbox 1233 2468 1371 2556; x_wconf 87' lang='lat' dir='ltr'>Hugoni</span> <span class='ocrx_word' id='word_1_164' title='bbox 1387 2470 1456 2537; x_wconf 88' lang='lat' dir='ltr'>filio</span> <span class='ocrx_word' id='word_1_165' title='bbox 1471 2491 1532 2539; x_wconf 89' lang='lat' dir='ltr'>suo</span> <span class='ocrx_word' id='word_1_166' title='bbox 1543 2471 1619 2547; x_wconf 80' lang='lat' dir='ltr'>cler.</span> <span class='ocrx_word' id='word_1_167' title='bbox 1634 2471 1678 2539; x_wconf 84' lang='lat' dir='ltr'>de</span> <span class='ocrx_word' id='word_1_168' title='bbox 1693 2492 1767 2539; x_wconf 89' lang='lat' dir='ltr'>can.</span> 
     </span>
     <span class='ocr_line' id='line_1_17' title="bbox 405 2572 1768 2662; baseline 0.004 -25"><span class='ocrx_word' id='word_1_169' title='bbox 405 2579 441 2637; x_wconf 74' lang='lat' dir='ltr'>et</span> <span class='ocrx_word' id='word_1_170' title='bbox 453 2574 546 2659; x_wconf 80' lang='lat' dir='ltr'>preb</span> <span class='ocrx_word' id='word_1_171' title='bbox 562 2573 645 2640; x_wconf 83' lang='lat' dir='ltr'>ecel.</span> <span class='ocrx_word' id='word_1_172' title='bbox 661 2573 736 2639; x_wconf 90' lang='lat' dir='ltr'>coll.</span> <span class='ocrx_word' id='word_1_173' title='bbox 752 2573 783 2641; x_wconf 88' lang='lat' dir='ltr'>S.</span> <span class='ocrx_word' id='word_1_174' title='bbox 800 2573 938 2641; x_wconf 86' lang='lat' dir='ltr'>Martini</span> <span class='ocrx_word' id='word_1_175' title='bbox 959 2572 1138 2655; x_wconf 83' lang='lat' dir='ltr'>Turonen,</span> <span class='ocrx_word' id='word_1_176' title='bbox 1152 2594 1226 2641; x_wconf 90' lang='lat' dir='ltr'>vac.</span> <span class='ocrx_word' id='word_1_177' title='bbox 1241 2594 1301 2661; x_wconf 89' lang='lat' dir='ltr'>per</span> <span class='ocrx_word' id='word_1_178' title='bbox 1316 2572 1603 2641; x_wconf 82' lang='lat' dir='ltr'>consecrationem</span> <span class='ocrx_word' id='word_1_179' title='bbox 1618 2574 1768 2662; x_wconf 79' lang='lat' dir='ltr'>eJusdem</span> 
     </span>
    </p>

    <p class='ocr_par' dir='ltr' id='par_1_6' title="bbox 363 2674 1767 2971">
     <span class='ocr_line' id='line_1_18' title="bbox 363 2674 1767 2767; baseline 0.004 -26"><span class='ocrx_word' id='word_1_180' title='bbox 363 2715 364 2718; x_wconf 60' lang='lat'><em>=</em></span> <span class='ocrx_word' id='word_1_181' title='bbox 407 2675 506 2741; x_wconf 83' lang='lat' dir='ltr'>electi</span> <span class='ocrx_word' id='word_1_182' title='bbox 518 2714 566 2727; x_wconf 91' lang='lat'><em>-</em></span> <span class='ocrx_word' id='word_1_183' title='bbox 580 2674 659 2744; x_wconf 75' lang='lat' dir='ltr'>Fiat</span> <span class='ocrx_word' id='word_1_184' title='bbox 686 2677 721 2743; x_wconf 88' lang='lat' dir='ltr'>in</span> <span class='ocrx_word' id='word_1_185' title='bbox 748 2678 830 2744; x_wconf 89' lang='lat' dir='ltr'>eccl.</span> <span class='ocrx_word' id='word_1_186' title='bbox 857 2677 887 2743; x_wconf 88' lang='lat' dir='ltr'>S.</span> <span class='ocrx_word' id='word_1_187' title='bbox 914 2676 1108 2760; x_wconf 89' lang='lat' dir='ltr'>Oudemari,</span> <span class='ocrx_word' id='word_1_188' title='bbox 1134 2676 1311 2744; x_wconf 75' lang='lat' dir='ltr'>Morinen.</span> <span class='ocrx_word' id='word_1_189' title='bbox 1323 2676 1430 2761; x_wconf 79' lang='lat' dir='ltr'>.dioc.,·</span> <span class='ocrx_word' id='word_1_190' title='bbox 1440 2678 1484 2744; x_wconf 87' lang='lat' dir='ltr'>de</span> <span class='ocrx_word' id='word_1_191' title='bbox 1509 2698 1581 2745; x_wconf 88' lang='lat' dir='ltr'>can.</span> <span class='ocrx_word' id='word_1_192' title='bbox 1608 2682 1668 2746; x_wconf 90' lang='lat' dir='ltr'>sub</span> <span class='ocrx_word' id='word_1_193' title='bbox 1691 2700 1767 2767; x_wconf 87' lang='lat' dir='ltr'>exp.</span> 
     </span>
     <span class='ocr_line' id='line_1_19' title="bbox 408 2777 1215 2971; baseline 0.001 -23"><span class='ocrx_word' id='word_1_194' title='bbox 408 2777 643 2951; x_wconf 38' lang='lat' dir='ltr'>preIllztlelvin</span> <span class='ocrx_word' id='word_1_195' title='bbox 662 2904 700 2970; x_wconf 88' lang='lat'>15</span> <span class='ocrx_word' id='word_1_196' title='bbox 715 2882 784 2951; x_wconf 86' lang='lat' dir='ltr'>kal.</span> <span class='ocrx_word' id='word_1_197' title='bbox 800 2905 872 2971; x_wconf 88' lang='lat' dir='ltr'>aug.</span> <span class='ocrx_word' id='word_1_198' title='bbox 888 2891 923 2950; x_wconf 88' lang='lat' dir='ltr'>a⁰</span> <span class='ocrx_word' id='word_1_199' title='bbox 942 2891 979 2952; x_wconf 90' lang='lat'>1⁰.</span> <span class='ocrx_word' id='word_1_200' title='bbox 995 2883 1038 2969; x_wconf 90' lang='lat' dir='ltr'>(l,</span> <span class='ocrx_word' id='word_1_201' title='bbox 1055 2886 1120 2971; x_wconf 90' lang='lat'>75).</span> <span class='ocrx_word' id='word_1_202' title='bbox 1212 2889 1215 2894; x_wconf 82' lang='grc'><strong>’</strong></span> 
     </span>
    </p>
   </div>
   <div class='ocr_carea' id='block_1_5' title="bbox 414 3016 1767 3637">
    <p class='ocr_par' dir='ltr' id='par_1_7' title="bbox 414 3016 1767 3637">
     <span class='ocr_line' id='line_1_20' title="bbox 458 3016 1723 3118; baseline -0.001 -18"><span class='ocrx_word' id='word_1_203' title='bbox 458 3016 542 3101; x_wconf 82' lang='grc'>90.</span> <span class='ocrx_word' id='word_1_204' title='bbox 1396 3053 1533 3118; x_wconf 65' lang='lat'>.·1342,</span> <span class='ocrx_word' id='word_1_205' title='bbox 1550 3035 1593 3098; x_wconf 72' lang='lat' dir='ltr'>ra</span> <span class='ocrx_word' id='word_1_206' title='bbox 1601 3031 1723 3115; x_wconf 77' lang='lat' dir='ltr'>juillet.</span> 
     </span>
     <span class='ocr_line' id='line_1_21' title="bbox 451 3134 1767 3222; baseline 0.002 -23"><span class='ocrx_word' id='word_1_207' title='bbox 451 3135 549 3222; x_wconf 90' lang='lat' dir='ltr'>Supp.</span> <span class='ocrx_word' id='word_1_208' title='bbox 574 3134 759 3215; x_wconf 86' lang='lat' dir='ltr'>Johannes‚</span> <span class='ocrx_word' id='word_1_209' title='bbox 775 3137 865 3203; x_wconf 90' lang='lat' dir='ltr'>dom.</span> <span class='ocrx_word' id='word_1_210' title='bbox 890 3137 932 3202; x_wconf 91' lang='lat' dir='ltr'>de</span> <span class='ocrx_word' id='word_1_211' title='bbox 959 3138 991 3202; x_wconf 88' lang='lat' dir='ltr'>la</span> <span class='ocrx_word' id='word_1_212' title='bbox 1007 3136 1172 3220; x_wconf 79' lang='lat' dir='ltr'>Queulha,</span> <span class='ocrx_word' id='word_1_213' title='bbox 1198 3135 1445 3202; x_wconf 85' lang='lat' dir='ltr'>Claromonten.</span> <span class='ocrx_word' id='word_1_214' title='bbox 1470 3137 1565 3216; x_wconf 73' lang='lat' dir='ltr'>dioc,</span> <span class='ocrx_word' id='word_1_215' title='bbox 1590 3145 1681 3221; x_wconf 84' lang='lat' dir='ltr'>quat.</span> <span class='ocrx_word' id='word_1_216' title='bbox 1697 3137 1767 3222; x_wconf 87' lang='lat' dir='ltr'>ejus</span> 
     </span>
     <span class='ocr_line' id='line_1_22' title="bbox 415 3239 1766 3325; baseline 0.001 -22"><span class='ocrx_word' id='word_1_217' title='bbox 415 3239 475 3305; x_wconf 84' lang='lat' dir='ltr'>lilio</span> <span class='ocrx_word' id='word_1_218' title='bbox 490 3240 678 3306; x_wconf 89' lang='lat' dir='ltr'>Bertrando</span> <span class='ocrx_word' id='word_1_219' title='bbox 693 3241 736 3306; x_wconf 91' lang='lat' dir='ltr'>de</span> <span class='ocrx_word' id='word_1_220' title='bbox 751 3243 784 3306; x_wconf 93' lang='lat' dir='ltr'>la</span> <span class='ocrx_word' id='word_1_221' title='bbox 799 3242 964 3325; x_wconf 78' lang='lat' dir='ltr'>Queulha,</span> <span class='ocrx_word' id='word_1_222' title='bbox 982 3243 1056 3307; x_wconf 89' lang='lat' dir='ltr'>cler.</span> <span class='ocrx_word' id='word_1_223' title='bbox 1069 3241 1314 3306; x_wconf 87' lang='lat' dir='ltr'>Claromenten.</span> <span class='ocrx_word' id='word_1_224' title='bbox 1330 3240 1425 3320; x_wconf 74' lang='lat' dir='ltr'>dion,</span> <span class='ocrx_word' id='word_1_225' title='bbox 1442 3241 1484 3306; x_wconf 91' lang='lat' dir='ltr'>de</span> <span class='ocrx_word' id='word_1_226' title='bbox 1501 3261 1572 3305; x_wconf 84' lang='lat' dir='ltr'>ean.</span> <span class='ocrx_word' id='word_1_227' title='bbox 1589 3241 1668 3305; x_wconf 87' lang='lat' dir='ltr'>eccl.</span> <span class='ocrx_word' id='word_1_228' title='bbox 1686 3240 1766 3305; x_wconf 87' lang='lat' dir='ltr'>Tor-</span> 
     </span>
     <span class='ocr_line' id='line_1_23' title="bbox 414 3344 1766 3431; baseline 0.002 -24"><span class='ocrx_word' id='word_1_229' title='bbox 414 3364 522 3409; x_wconf 85' lang='lat' dir='ltr'>nacen.</span> <span class='ocrx_word' id='word_1_230' title='bbox 554 3345 736 3430; x_wconf 89' lang='lat' dir='ltr'>dignemini</span> <span class='ocrx_word' id='word_1_231' title='bbox 761 3345 934 3431; x_wconf 84' lang='lat' dir='ltr'>providere</span> <span class='ocrx_word' id='word_1_232' title='bbox 960 3366 1000 3410; x_wconf 88' lang='lat' dir='ltr'>ac</span> <span class='ocrx_word' id='word_1_233' title='bbox 1023 3348 1112 3431; x_wconf 90' lang='lat' dir='ltr'>preb.</span> <span class='ocrx_word' id='word_1_234' title='bbox 1137 3366 1211 3410; x_wconf 79' lang='lat' dir='ltr'>vac.</span> <span class='ocrx_word' id='word_1_235' title='bbox 1237 3366 1411 3410; x_wconf 88' lang='lat' dir='ltr'>reservare.</span> <span class='ocrx_word' id='word_1_236' title='bbox 1438 3384 1481 3395; x_wconf 96' lang='lat'>—</span> <span class='ocrx_word' id='word_1_237' title='bbox 1516 3344 1593 3409; x_wconf 82' lang='lat' dir='ltr'>Fial</span> <span class='ocrx_word' id='word_1_238' title='bbox 1616 3345 1650 3408; x_wconf 92' lang='lat' dir='ltr'>in</span> <span class='ocrx_word' id='word_1_239' title='bbox 1685 3346 1766 3411; x_wconf 91' lang='lat' dir='ltr'>eccl.</span> 
     </span>
     <span class='ocr_line' id='line_1_24' title="bbox 417 3445 837 3532; baseline -0.002 -18"><span class='ocrx_word' id='word_1_240' title='bbox 417 3445 603 3532; x_wconf 74' lang='lat' dir='ltr'>lugdunen.</span> <span class='ocrx_word' id='word_1_241' title='bbox 619 3449 653 3514; x_wconf 93' lang='lat' dir='ltr'>in</span> <span class='ocrx_word' id='word_1_242' title='bbox 669 3449 782 3527; x_wconf 85' lang='lat' dir='ltr'>sonna.</span> <span class='ocrx_word' id='word_1_243' title='bbox 800 3449 837 3514; x_wconf 92' lang='lat' dir='ltr'>R.</span> 
     </span>
     <span class='ocr_line' id='line_1_25' title="bbox 427 3551 1129 3637; baseline 0.001 -23"><span class='ocrx_word' id='word_1_244' title='bbox 427 3567 433 3579; x_wconf 93' lang='lat'><strong>·</strong></span> <span class='ocrx_word' id='word_1_245' title='bbox 452 3552 527 3617; x_wconf 89' lang='lat' dir='ltr'>Dat.</span> <span class='ocrx_word' id='word_1_246' title='bbox 545 3552 643 3617; x_wconf 72' lang='lat' dir='ltr'>Asin.</span> <span class='ocrx_word' id='word_1_247' title='bbox 663 3572 699 3637; x_wconf 81' lang='lat'>15</span> <span class='ocrx_word' id='word_1_248' title='bbox 716 3552 782 3617; x_wconf 87' lang='lat' dir='ltr'>kal.</span> <span class='ocrx_word' id='word_1_249' title='bbox 799 3573 871 3637; x_wconf 88' lang='lat' dir='ltr'>aug.</span> <span class='ocrx_word' id='word_1_250' title='bbox 888 3561 921 3617; x_wconf 78' lang='lat' dir='ltr'>a⁴¹</span> <span class='ocrx_word' id='word_1_251' title='bbox 942 3560 978 3617; x_wconf 92' lang='lat'>1⁰.</span> <span class='ocrx_word' id='word_1_252' title='bbox 995 3551 1036 3636; x_wconf 84' lang='lat'>(1,</span> <span class='ocrx_word' id='word_1_253' title='bbox 1052 3559 1129 3636; x_wconf 69' lang='lat'>75*&#39;).</span> 
     </span>
    </p>
   </div>
   <div class='ocr_carea' id='block_1_6' title="bbox 417 3687 1766 3989">
    <p class='ocr_par' dir='ltr' id='par_1_8' title="bbox 417 3687 1766 3989">
     <span class='ocr_line' id='line_1_26' title="bbox 460 3687 1722 3785; baseline -0.002 -17"><span class='ocrx_word' id='word_1_254' title='bbox 460 3687 531 3769; x_wconf 89' lang='lat'>91.</span> <span class='ocrx_word' id='word_1_255' title='bbox 1439 3704 1590 3785; x_wconf 63' lang='lat'><em>1342,18</em></span> <span class='ocrx_word' id='word_1_256' title='bbox 1600 3701 1722 3781; x_wconf 69' lang='lat' dir='ltr'>juillet.</span> 
     </span>
     <span class='ocr_line' id='line_1_27' title="bbox 453 3803 1765 3893; baseline -0.004 -24"><span class='ocrx_word' id='word_1_257' title='bbox 453 3806 552 3893; x_wconf 85' lang='lat' dir='ltr'>Supp.</span> <span class='ocrx_word' id='word_1_258' title='bbox 580 3806 771 3892; x_wconf 86' lang='lat' dir='ltr'>Stephanus</span> <span class='ocrx_word' id='word_1_259' title='bbox 794 3804 837 3870; x_wconf 90' lang='lat' dir='ltr'>de</span> <span class='ocrx_word' id='word_1_260' title='bbox 865 3804 1055 3885; x_wconf 86' lang='lat' dir='ltr'>Molceone,</span> <span class='ocrx_word' id='word_1_261' title='bbox 1081 3807 1143 3890; x_wconf 89' lang='lat' dir='ltr'>leg.</span> <span class='ocrx_word' id='word_1_262' title='bbox 1160 3805 1261 3884; x_wconf 83' lang='lat' dir='ltr'>doct.,</span> <span class='ocrx_word' id='word_1_263' title='bbox 1279 3804 1403 3870; x_wconf 86' lang='lat' dir='ltr'>archid.</span> <span class='ocrx_word' id='word_1_264' title='bbox 1432 3803 1658 3881; x_wconf 84' lang='lat' dir='ltr'>Cameracen,</span> <span class='ocrx_word' id='word_1_265' title='bbox 1676 3809 1765 3885; x_wconf 85' lang='lat' dir='ltr'>quat.</span> 
     </span>
     <span class='ocr_line' id='line_1_28' title="bbox 417 3905 1766 3989; baseline -0.002 -17"><span class='ocrx_word' id='word_1_266' title='bbox 417 3906 556 3982; x_wconf 85' lang='lat' dir='ltr'>Johanni</span> <span class='ocrx_word' id='word_1_267' title='bbox 584 3909 777 3975; x_wconf 81' lang='lat' dir='ltr'>Andalhoni</span> <span class='ocrx_word' id='word_1_268' title='bbox 795 3910 882 3989; x_wconf 67' lang='lat' dir='ltr'>cler„</span> <span class='ocrx_word' id='word_1_269' title='bbox 899 3908 941 3974; x_wconf 91' lang='lat' dir='ltr'>de</span> <span class='ocrx_word' id='word_1_270' title='bbox 958 3909 1141 3988; x_wconf 83' lang='lat' dir='ltr'>Belloloc0,</span> <span class='ocrx_word' id='word_1_271' title='bbox 1169 3908 1383 3973; x_wconf 87' lang='lat' dir='ltr'>Lemovicen.</span> <span class='ocrx_word' id='word_1_272' title='bbox 1408 3906 1505 3985; x_wconf 60' lang='lat' dir='ltr'>dioc„</span> <span class='ocrx_word' id='word_1_273' title='bbox 1523 3906 1621 3969; x_wconf 81' lang='lat' dir='ltr'>famil.</span> <span class='ocrx_word' id='word_1_274' title='bbox 1639 3926 1707 3983; x_wconf 84' lang='lat' dir='ltr'>suo,</span> <span class='ocrx_word' id='word_1_275' title='bbox 1724 3905 1766 3969; x_wconf 91' lang='lat' dir='ltr'>de</span> 
     </span>
    </p>
   </div>
   <div class='ocr_carea' id='block_1_7' title="bbox 416 4008 1624 4200">
    <p class='ocr_par' dir='ltr' id='par_1_9' title="bbox 416 4008 1624 4200">
     <span class='ocr_line' id='line_1_29' title="bbox 416 4008 1624 4097; baseline -0.005 -19"><span class='ocrx_word' id='word_1_276' title='bbox 416 4013 486 4078; x_wconf 84' lang='lat' dir='ltr'>eccl.</span> <span class='ocrx_word' id='word_1_277' title='bbox 503 4013 536 4077; x_wconf 93' lang='lat' dir='ltr'>S.</span> <span class='ocrx_word' id='word_1_278' title='bbox 554 4012 688 4092; x_wconf 86' lang='lat' dir='ltr'>Cosme,</span> <span class='ocrx_word' id='word_1_279' title='bbox 704 4012 791 4078; x_wconf 89' lang='lat' dir='ltr'>dioc.</span> <span class='ocrx_word' id='word_1_280' title='bbox 809 4011 1025 4092; x_wconf 64' lang='lat' dir='ltr'>Nemausen..</span> <span class='ocrx_word' id='word_1_281' title='bbox 1041 4012 1223 4097; x_wconf 86' lang='lat' dir='ltr'>dignemini</span> <span class='ocrx_word' id='word_1_282' title='bbox 1241 4011 1424 4096; x_wconf 87' lang='lat' dir='ltr'>providere.</span> <span class='ocrx_word' id='word_1_283' title='bbox 1444 4049 1475 4058; x_wconf 96' lang='lat'>-</span> <span class='ocrx_word' id='word_1_284' title='bbox 1494 4009 1568 4073; x_wconf 75' lang='lat' dir='ltr'>Fiat</span> <span class='ocrx_word' id='word_1_285' title='bbox 1585 4008 1624 4072; x_wconf 90' lang='lat' dir='ltr'>R.</span> 
     </span>
     <span class='ocr_line' id='line_1_30' title="bbox 452 4114 1136 4200; baseline -0.003 -19"><span class='ocrx_word' id='word_1_286' title='bbox 452 4116 530 4181; x_wconf 80' lang='lat' dir='ltr'>Dat.</span> <span class='ocrx_word' id='word_1_287' title='bbox 547 4117 648 4180; x_wconf 90' lang='lat' dir='ltr'>Avin.</span> <span class='ocrx_word' id='word_1_288' title='bbox 669 4135 704 4200; x_wconf 85' lang='lat'>15</span> <span class='ocrx_word' id='word_1_289' title='bbox 722 4114 789 4180; x_wconf 89' lang='lat' dir='ltr'>kal.</span> <span class='ocrx_word' id='word_1_290' title='bbox 806 4135 879 4199; x_wconf 88' lang='lat' dir='ltr'>aug.</span> <span class='ocrx_word' id='word_1_291' title='bbox 897 4124 931 4180; x_wconf 89' lang='lat' dir='ltr'>a⁰</span> <span class='ocrx_word' id='word_1_292' title='bbox 951 4125 989 4181; x_wconf 91' lang='lat'>1⁰.</span> <span class='ocrx_word' id='word_1_293' title='bbox 1007 4115 1050 4199; x_wconf 85' lang='lat' dir='ltr'>(l,</span> <span class='ocrx_word' id='word_1_294' title='bbox 1069 4117 1136 4198; x_wconf 88' lang='lat'>76).</span> 
     </span>
    </p>
   </div>
   <div class='ocr_carea' id='block_1_8' title="bbox 419 4253 1890 4870">
    <p class='ocr_par' dir='ltr' id='par_1_10' title="bbox 455 4253 1722 4346">
     <span class='ocr_line' id='line_1_31' title="bbox 455 4253 1722 4346; baseline -0.008 -13"><span class='ocrx_word' id='word_1_295' title='bbox 455 4253 531 4334; x_wconf 82' lang='lat'>92.</span> <span class='ocrx_word' id='word_1_296' title='bbox 1436 4283 1530 4346; x_wconf 72' lang='lat'><em>1342,</em></span> <span class='ocrx_word' id='word_1_297' title='bbox 1548 4283 1588 4325; x_wconf 91' lang='lat'>20</span> <span class='ocrx_word' id='word_1_298' title='bbox 1598 4260 1722 4341; x_wconf 74' lang='lat' dir='ltr'>juillet.</span> 
     </span>
    </p>

    <p class='ocr_par' dir='ltr' id='par_1_11' title="bbox 419 4364 1890 4765">
     <span class='ocr_line' id='line_1_32' title="bbox 450 4364 1765 4458; baseline -0.008 -22"><span class='ocrx_word' id='word_1_299' title='bbox 450 4372 547 4458; x_wconf 90' lang='lat' dir='ltr'>Supp.</span> <span class='ocrx_word' id='word_1_300' title='bbox 565 4370 595 4434; x_wconf 91' lang='lat' dir='ltr'>S.</span> <span class='ocrx_word' id='word_1_301' title='bbox 613 4369 650 4436; x_wconf 90' lang='lat' dir='ltr'>V.</span> <span class='ocrx_word' id='word_1_302' title='bbox 674 4369 839 4435; x_wconf 86' lang='lat' dir='ltr'>Walterus</span> <span class='ocrx_word' id='word_1_303' title='bbox 853 4378 874 4450; x_wconf 78' lang='lat'>³,</span> <span class='ocrx_word' id='word_1_304' title='bbox 891 4372 993 4434; x_wconf 85' lang='lat' dir='ltr'>abbas</span> <span class='ocrx_word' id='word_1_305' title='bbox 1016 4367 1208 4432; x_wconf 80' lang='lat' dir='ltr'>monasterii</span> <span class='ocrx_word' id='word_1_306' title='bbox 1225 4367 1253 4429; x_wconf 85' lang='lat' dir='ltr'>S.</span> <span class='ocrx_word' id='word_1_307' title='bbox 1279 4365 1446 4430; x_wconf 85' lang='lat' dir='ltr'>Laurentii</span> <span class='ocrx_word' id='word_1_308' title='bbox 1470 4386 1574 4451; x_wconf 85' lang='lat' dir='ltr'>prope</span> <span class='ocrx_word' id='word_1_309' title='bbox 1592 4364 1765 4443; x_wconf 84' lang='lat' dir='ltr'>Leodiurn‚</span> 
     </span>
     <span class='ocr_line' id='line_1_33' title="bbox 419 4467 1764 4558; baseline -0.004 -22"><span class='ocrx_word' id='word_1_310' title='bbox 419 4472 448 4537; x_wconf 89' lang='lat'>0.</span> <span class='ocrx_word' id='word_1_311' title='bbox 461 4477 489 4541; x_wconf 86' lang='lat' dir='ltr'>S.</span> <span class='ocrx_word' id='word_1_312' title='bbox 508 4475 556 4556; x_wconf 74' lang='grc' dir='ltr'>Β,</span> <span class='ocrx_word' id='word_1_313' title='bbox 573 4482 664 4558; x_wconf 89' lang='lat' dir='ltr'>quat.</span> <span class='ocrx_word' id='word_1_314' title='bbox 690 4475 865 4558; x_wconf 88' lang='lat' dir='ltr'>[continuo</span> <span class='ocrx_word' id='word_1_315' title='bbox 881 4473 980 4537; x_wconf 81' lang='lat' dir='ltr'>famil.</span> <span class='ocrx_word' id='word_1_316' title='bbox 998 4493 1058 4536; x_wconf 89' lang='lat' dir='ltr'>suo</span> <span class='ocrx_word' id='word_1_317' title='bbox 1084 4469 1274 4535; x_wconf 87' lang='lat' dir='ltr'>Humberto</span> <span class='ocrx_word' id='word_1_318' title='bbox 1291 4468 1449 4533; x_wconf 90' lang='lat' dir='ltr'>Willelmi</span> <span class='ocrx_word' id='word_1_319' title='bbox 1472 4469 1515 4533; x_wconf 91' lang='lat' dir='ltr'>de</span> <span class='ocrx_word' id='word_1_320' title='bbox 1539 4467 1730 4531; x_wconf 83' lang='lat' dir='ltr'>Bertinhers</span> <span class='ocrx_word' id='word_1_321' title='bbox 1745 4479 1764 4545; x_wconf 86' lang='lat'>⁴,</span> 
     </span>
     <span class='ocr_line' id='line_1_34' title="bbox 420 4568 1890 4661; baseline -0.009 -22"><span class='ocrx_word' id='word_1_322' title='bbox 420 4578 480 4644; x_wconf 82' lang='lat' dir='ltr'>cler.</span> <span class='ocrx_word' id='word_1_323' title='bbox 511 4578 698 4661; x_wconf 50' lang='lat' dir='ltr'>Iaeodienl,</span> <span class='ocrx_word' id='word_1_324' title='bbox 722 4578 764 4643; x_wconf 86' lang='lat' dir='ltr'>de</span> <span class='ocrx_word' id='word_1_325' title='bbox 797 4598 868 4643; x_wconf 88' lang='lat' dir='ltr'>can.</span> <span class='ocrx_word' id='word_1_326' title='bbox 894 4577 974 4641; x_wconf 91' lang='lat' dir='ltr'>eccl.</span> <span class='ocrx_word' id='word_1_327' title='bbox 1005 4576 1033 4639; x_wconf 91' lang='lat' dir='ltr'>S.</span> <span class='ocrx_word' id='word_1_328' title='bbox 1067 4573 1204 4638; x_wconf 86' lang='lat' dir='ltr'>Martini</span> <span class='ocrx_word' id='word_1_329' title='bbox 1233 4572 1389 4637; x_wconf 87' lang='lat' dir='ltr'>Leodien.</span> <span class='ocrx_word' id='word_1_330' title='bbox 1421 4578 1455 4633; x_wconf 89' lang='lat' dir='ltr'>et</span> <span class='ocrx_word' id='word_1_331' title='bbox 1489 4570 1576 4653; x_wconf 90' lang='lat' dir='ltr'>preb.</span> <span class='ocrx_word' id='word_1_332' title='bbox 1595 4568 1686 4649; x_wconf 70' lang='lat' dir='ltr'>[vac.</span> <span class='ocrx_word' id='word_1_333' title='bbox 1713 4569 1765 4629; x_wconf 88' lang='lat' dir='ltr'>vel</span> <span class='ocrx_word' id='word_1_334' title='bbox 1887 4582 1890 4588; x_wconf 89' lang='lat'>·</span> 
     </span>
     <span class='ocr_line' id='line_1_35' title="bbox 422 4673 1354 4765; baseline -0.006 -22"><span class='ocrx_word' id='word_1_335' title='bbox 422 4683 529 4765; x_wconf 73' lang='lat' dir='ltr'>vacat]</span> <span class='ocrx_word' id='word_1_336' title='bbox 545 4688 637 4745; x_wconf 85' lang='lat' dir='ltr'>auct.</span> <span class='ocrx_word' id='word_1_337' title='bbox 654 4687 759 4765; x_wconf 87' lang='lat' dir='ltr'>apost.</span> <span class='ocrx_word' id='word_1_338' title='bbox 775 4677 956 4763; x_wconf 89' lang='lat' dir='ltr'>dignemini</span> <span class='ocrx_word' id='word_1_339' title='bbox 972 4675 1146 4762; x_wconf 69' lang='lat' dir='ltr'>prosidere</span> <span class='ocrx_word' id='word_1_340' title='bbox 1163 4716 1206 4723; x_wconf 96' lang='lat'><strong>—</strong></span> <span class='ocrx_word' id='word_1_341' title='bbox 1223 4674 1299 4738; x_wconf 87' lang='lat' dir='ltr'>Fiat</span> <span class='ocrx_word' id='word_1_342' title='bbox 1317 4673 1354 4738; x_wconf 90' lang='lat' dir='ltr'>R.</span> 
     </span>
    </p>

    <p class='ocr_par' dir='ltr' id='par_1_12' title="bbox 451 4777 1396 4870">
     <span class='ocr_line' id='line_1_36' title="bbox 451 4777 1396 4870; baseline -0.01 -20"><span class='ocrx_word' id='word_1_343' title='bbox 451 4785 525 4850; x_wconf 88' lang='lat' dir='ltr'>Dat.</span> <span class='ocrx_word' id='word_1_344' title='bbox 543 4784 638 4870; x_wconf 88' lang='lat' dir='ltr'>apud</span> <span class='ocrx_word' id='word_1_345' title='bbox 653 4781 902 4848; x_wconf 84' lang='lat' dir='ltr'>villamnovam</span> <span class='ocrx_word' id='word_1_346' title='bbox 923 4801 958 4864; x_wconf 81' lang='lat'>13</span> <span class='ocrx_word' id='word_1_347' title='bbox 976 4779 1041 4844; x_wconf 88' lang='lat' dir='ltr'>kal.</span> <span class='ocrx_word' id='word_1_348' title='bbox 1058 4799 1130 4862; x_wconf 87' lang='lat' dir='ltr'>aug.</span> <span class='ocrx_word' id='word_1_349' title='bbox 1148 4785 1181 4842; x_wconf 88' lang='lat' dir='ltr'>a⁰</span> <span class='ocrx_word' id='word_1_350' title='bbox 1201 4785 1238 4842; x_wconf 83' lang='lat'>1⁰.</span> <span class='ocrx_word' id='word_1_351' title='bbox 1255 4777 1295 4859; x_wconf 88' lang='lat' dir='ltr'>(I,</span> <span class='ocrx_word' id='word_1_352' title='bbox 1314 4780 1396 4860; x_wconf 57' lang='grc'><strong>811).</strong></span> 
     </span>
    </p>
   </div>
   <div class='ocr_carea' id='block_1_9' title="bbox 363 4923 1771 5294">
    <p class='ocr_par' dir='ltr' id='par_1_13' title="bbox 363 4923 1769 4997">
     <span class='ocr_line' id='line_1_37' title="bbox 363 4923 1769 4997; baseline -0.012 -9"><span class='ocrx_word' id='word_1_353' title='bbox 363 4965 366 4969; x_wconf 58' lang='lat'>&gt;</span> <span class='ocrx_word' id='word_1_354' title='bbox 446 4943 463 4988; x_wconf 94' lang='lat' dir='ltr'>l.</span> <span class='ocrx_word' id='word_1_355' title='bbox 481 4942 566 4990; x_wconf 83' lang='lat' dir='ltr'>Pierre</span> <span class='ocrx_word' id='word_1_356' title='bbox 585 4940 620 4987; x_wconf 90' lang='lat' dir='ltr'>de</span> <span class='ocrx_word' id='word_1_357' title='bbox 640 4938 786 4997; x_wconf 64' lang='lat' dir='ltr'>Morlemen</span> <span class='ocrx_word' id='word_1_358' title='bbox 803 4939 872 4987; x_wconf 80' lang='lat' dir='ltr'>eard.</span> <span class='ocrx_word' id='word_1_359' title='bbox 892 4938 924 4986; x_wconf 84' lang='lat' dir='ltr'>do</span> <span class='ocrx_word' id='word_1_360' title='bbox 942 4939 966 4984; x_wconf 97' lang='lat' dir='ltr'>S</span> <span class='ocrx_word' id='word_1_361' title='bbox 984 4923 1094 4984; x_wconf 67' lang='lat' dir='ltr'>Etienno</span> <span class='ocrx_word' id='word_1_362' title='bbox 1112 4950 1145 4982; x_wconf 86' lang='lat' dir='ltr'>au</span> <span class='ocrx_word' id='word_1_363' title='bbox 1159 4934 1244 4982; x_wconf 85' lang='lat' dir='ltr'>(lelius</span> <span class='ocrx_word' id='word_1_364' title='bbox 1260 4934 1373 4990; x_wconf 82' lang='lat' dir='ltr'>;ladote</span> <span class='ocrx_word' id='word_1_365' title='bbox 1388 4932 1421 4979; x_wconf 88' lang='lat' dir='ltr'>de</span> <span class='ocrx_word' id='word_1_366' title='bbox 1440 4944 1467 4978; x_wconf 84' lang='lat' dir='ltr'>sa</span> <span class='ocrx_word' id='word_1_367' title='bbox 1487 4933 1608 4976; x_wconf 75' lang='lat' dir='ltr'>monost</span> <span class='ocrx_word' id='word_1_368' title='bbox 1628 4928 1769 4974; x_wconf 79' lang='lat' dir='ltr'>incortaine</span> 
     </span>
    </p>

    <p class='ocr_par' dir='ltr' id='par_1_14' title="bbox 363 4999 1771 5148">
     <span class='ocr_line' id='line_1_38' title="bbox 363 4999 1771 5073; baseline -0.013 -10"><span class='ocrx_word' id='word_1_369' title='bbox 363 5033 366 5038; x_wconf 92' lang='lat'>·</span> <span class='ocrx_word' id='word_1_370' title='bbox 424 5013 486 5073; x_wconf 73' lang='lat'>(1³35,</span> <span class='ocrx_word' id='word_1_371' title='bbox 507 5017 578 5072; x_wconf 74' lang='lat'>1345,</span> <span class='ocrx_word' id='word_1_372' title='bbox 603 5013 669 5061; x_wconf 62' lang='lat'>1350</span> <span class='ocrx_word' id='word_1_373' title='bbox 683 5013 724 5071; x_wconf 79' lang='grc'>1);</span> <span class='ocrx_word' id='word_1_374' title='bbox 746 5013 779 5061; x_wconf 84' lang='lat' dir='ltr'>cf.</span> <span class='ocrx_word' id='word_1_375' title='bbox 801 5012 890 5070; x_wconf 80' lang='lat' dir='ltr'>Eubel,</span> <span class='ocrx_word' id='word_1_376' title='bbox 911 5012 930 5069; x_wconf 87' lang='grc'>1,</span> <span class='ocrx_word' id='word_1_377' title='bbox 952 5014 988 5059; x_wconf 81' lang='grc'>16.</span> <span class='ocrx_word' id='word_1_378' title='bbox 1010 5011 1058 5057; x_wconf 74' lang='lat' dir='ltr'>Les</span> <span class='ocrx_word' id='word_1_379' title='bbox 1076 5010 1145 5057; x_wconf 83' lang='lat' dir='ltr'>deux</span> <span class='ocrx_word' id='word_1_380' title='bbox 1163 5005 1293 5055; x_wconf 72' lang='lat' dir='ltr'>dernidres</span> <span class='ocrx_word' id='word_1_381' title='bbox 1312 5007 1386 5054; x_wconf 75' lang='lat' dir='ltr'>(lates</span> <span class='ocrx_word' id='word_1_382' title='bbox 1404 5006 1511 5052; x_wconf 79' lang='lat' dir='ltr'>doivent</span> <span class='ocrx_word' id='word_1_383' title='bbox 1529 5003 1584 5050; x_wconf 69' lang='lat' dir='ltr'>etro</span> <span class='ocrx_word' id='word_1_384' title='bbox 1603 4999 1722 5049; x_wconf 67' lang='lat' dir='ltr'>dcartdm.</span> <span class='ocrx_word' id='word_1_385' title='bbox 1761 5026 1771 5030; x_wconf 76' lang='lat'><strong><em>—</em></strong></span> 
     </span>
     <span class='ocr_line' id='line_1_39' title="bbox 425 5075 1771 5148; baseline -0.013 -13"><span class='ocrx_word' id='word_1_386' title='bbox 425 5086 439 5131; x_wconf 73' lang='grc'>1.</span> <span class='ocrx_word' id='word_1_387' title='bbox 456 5088 553 5136; x_wconf 74' lang='lat' dir='ltr'>Simlas</span> <span class='ocrx_word' id='word_1_388' title='bbox 577 5086 684 5146; x_wconf 82' lang='lat' dir='ltr'>canali,</span> <span class='ocrx_word' id='word_1_389' title='bbox 713 5099 803 5148; x_wconf 90' lang='lat' dir='ltr'>prornu</span> <span class='ocrx_word' id='word_1_390' title='bbox 827 5085 850 5134; x_wconf 92' lang='lat' dir='ltr'>le</span> <span class='ocrx_word' id='word_1_391' title='bbox 871 5088 901 5134; x_wconf 79' lang='lat'>18</span> <span class='ocrx_word' id='word_1_392' title='bbox 924 5084 1009 5146; x_wconf 86' lang='lat' dir='ltr'>juillet-</span> <span class='ocrx_word' id='word_1_393' title='bbox 1035 5085 1096 5131; x_wconf 82' lang='grc'><strong>1312</strong></span> <span class='ocrx_word' id='word_1_394' title='bbox 1119 5097 1152 5129; x_wconf 86' lang='lat' dir='ltr'>au</span> <span class='ocrx_word' id='word_1_395' title='bbox 1176 5079 1244 5140; x_wconf 75' lang='lat' dir='ltr'>siege</span> <span class='ocrx_word' id='word_1_396' title='bbox 1266 5081 1298 5127; x_wconf 88' lang='lat' dir='ltr'>do</span> <span class='ocrx_word' id='word_1_397' title='bbox 1323 5080 1446 5139; x_wconf 81' lang='lat' dir='ltr'>Borgnnro</span> <span class='ocrx_word' id='word_1_398' title='bbox 1469 5075 1574 5136; x_wconf 72' lang='lat' dir='ltr'>(Euboi,</span> <span class='ocrx_word' id='word_1_399' title='bbox 1604 5075 1627 5132; x_wconf 86' lang='lat' dir='ltr'>l,</span> <span class='ocrx_word' id='word_1_400' title='bbox 1652 5076 1717 5132; x_wconf 72' lang='grc'><strong>115),</strong></span> <span class='ocrx_word' id='word_1_401' title='bbox 1754 5099 1771 5102; x_wconf 33' lang='lat'>*-</span> 
     </span>
    </p>

    <p class='ocr_par' dir='ltr' id='par_1_15' title="bbox 363 5142 1771 5294">
     <span class='ocr_line' id='line_1_40' title="bbox 363 5142 1771 5220; baseline -0.013 -10"><span class='ocrx_word' id='word_1_402' title='bbox 363 5192 367 5198; x_wconf 69' lang='grc'><em>»</em></span> <span class='ocrx_word' id='word_1_403' title='bbox 382 5148 383 5151; x_wconf 17' lang='lat'>¹</span> <span class='ocrx_word' id='word_1_404' title='bbox 425 5157 554 5210; x_wconf 67' lang='lat' dir='ltr'>illrutier</span> <span class='ocrx_word' id='word_1_405' title='bbox 565 5160 600 5209; x_wconf 82' lang='lat' dir='ltr'>de</span> <span class='ocrx_word' id='word_1_406' title='bbox 614 5158 715 5217; x_wconf 56' lang='lat' dir='ltr'>Makna</span> <span class='ocrx_word' id='word_1_407' title='bbox 726 5157 793 5206; x_wconf 65' lang='lat' dir='ltr'>obbo</span> <span class='ocrx_word' id='word_1_408' title='bbox 805 5174 837 5206; x_wconf 85' lang='lat' dir='ltr'>en</span> <span class='ocrx_word' id='word_1_409' title='bbox 851 5160 912 5207; x_wconf 77' lang='lat'>1342</span> <span class='ocrx_word' id='word_1_410' title='bbox 926 5157 1011 5220; x_wconf 67' lang='lat' dir='ltr'>(Gall.</span> <span class='ocrx_word' id='word_1_411' title='bbox 1024 5157 1118 5215; x_wconf 68' lang='lat' dir='ltr'>cleron,</span> <span class='ocrx_word' id='word_1_412' title='bbox 1134 5155 1183 5212; x_wconf 89' lang='grc' dir='ltr'><strong>ΙΙΙ,</strong></span> <span class='ocrx_word' id='word_1_413' title='bbox 1202 5155 1261 5212; x_wconf 78' lang='grc'><strong>9931</strong></span> <span class='ocrx_word' id='word_1_414' title='bbox 1277 5169 1282 5209; x_wconf 92' lang='grc'>;</span> <span class='ocrx_word' id='word_1_415' title='bbox 1296 5168 1325 5200; x_wconf 83' lang='lat' dir='ltr'>en</span> <span class='ocrx_word' id='word_1_416' title='bbox 1342 5154 1402 5200; x_wconf 81' lang='lat'>1338</span> <span class='ocrx_word' id='word_1_417' title='bbox 1423 5151 1514 5210; x_wconf 79' lang='lat' dir='ltr'>(Daris,</span> <span class='ocrx_word' id='word_1_418' title='bbox 1534 5149 1633 5195; x_wconf 63' lang='lat' dir='ltr'>rl&#39;vriees</span> <span class='ocrx_word' id='word_1_419' title='bbox 1646 5146 1710 5201; x_wconf 68' lang='lat' dir='ltr'>lna,</span> <span class='ocrx_word' id='word_1_420' title='bbox 1724 5142 1771 5191; x_wconf 79' lang='lat' dir='ltr'>XI.</span> 
     </span>
     <span class='ocr_line' id='line_1_41' title="bbox 427 5230 1716 5294; baseline 0 -16"><span class='ocrx_word' id='word_1_421' title='bbox 427 5230 474 5292; x_wconf 82' lang='lat'>101).</span> <span class='ocrx_word' id='word_1_422' title='bbox 484 5263 513 5271; x_wconf 89' lang='lat'><em>-</em></span> <span class='ocrx_word' id='word_1_423' title='bbox 523 5236 546 5283; x_wconf 78' lang='grc'>4,</span> <span class='ocrx_word' id='word_1_424' title='bbox 559 5235 602 5283; x_wconf 77' lang='lat' dir='ltr'>Cf.</span> <span class='ocrx_word' id='word_1_425' title='bbox 619 5231 748 5291; x_wconf 77' lang='lat' dir='ltr'>Poneelet,</span> <span class='ocrx_word' id='word_1_426' title='bbox 762 5232 841 5294; x_wconf 66' lang='lat' dir='ltr'>Fiesr,</span> <span class='ocrx_word' id='word_1_427' title='bbox 854 5234 909 5280; x_wconf 74' lang='lat'>454.</span> <span class='ocrx_word' id='word_1_428' title='bbox 1715 5265 1716 5268; x_wconf 66' lang='lat'>,</span> 
     </span>
    </p>
   </div>
   <div class='ocr_carea' id='block_1_10' title="bbox 0 0 2372 6052">
    <p class='ocr_par' dir='ltr' id='par_1_16' title="bbox 0 0 2372 6052">
     <span class='ocr_line' id='line_1_42' title="bbox 0 0 2372 6052; baseline 0 0"><span class='ocrx_word' id='word_1_429' title='bbox 0 0 2372 6052; x_wconf 95' lang='lat' dir='ltr'> </span> 
     </span>
    </p>
   </div>
  </div>
 </body>
</html>
