4650 6059
994 790 1081 863 1350,
1105 791 1123 853 2
1143 789 1221 871 juin.
1731 795 1789 860 519

419 939 568 1004 ecclesie
584 939 615 1004 S.
632 939 793 1026 Supplicii
808 963 884 1007 curn
907 942 950 1007 de
975 939 1185 1025 Montejove,
1202 941 1503 1007 renuntiationibus
1519 942 1664 1027 ipsarum
1682 946 1789 1010 eccle-

420 1042 549 1106 siarum
567 1042 600 1106 in
615 1044 771 1109 manibus
786 1066 920 1111 suorum
944 1044 1184 1110 ordinariorum
1207 1044 1316 1125 factis,
1332 1044 1467 1110 easdem
1483 1047 1641 1112 ecclesias
1657 1068 1788 1132 permu-

419 1156 595 1212 taverunt.
611 1147 712 1233 Supp.
728 1158 819 1232 quat.
835 1148 1014 1213 decernere
1029 1148 1211 1232 dignemini
1227 1148 1352 1213 dictam
1368 1149 1649 1234 permutationem
1666 1153 1788 1231 valere,

422 1272 496 1315 uon
512 1253 598 1315 obst.
614 1252 705 1334 quod
720 1273 793 1318 can.
806 1261 840 1318 et
851 1255 943 1338 preb.
959 1252 993 1317 in
1010 1249 1193 1335 Legionen.
1206 1260 1241 1316 et
1257 1272 1329 1317 can.
1342 1254 1401 1316 sub
1417 1273 1493 1337 exp.
1506 1257 1597 1338 preb.
1611 1254 1644 1318 in
1655 1255 1787 1321 Albien.

422 1354 586 1434 ecclesiis,
601 1373 642 1419 ac
656 1356 800 1438 gratiam
815 1378 835 1421 a
851 1356 882 1421 S.
899 1355 939 1421 V.
959 1356 1050 1439 quod
1065 1376 1140 1420 can.
1156 1365 1193 1419 et
1207 1357 1298 1440 preb.
1315 1354 1346 1419 S.
1362 1355 1544 1421 Audomari
1568 1357 1610 1422 de
1627 1357 1657 1422 S.
1673 1360 1788 1425 Audo-

422 1477 531 1535 maro,
555 1476 639 1538 quos
661 1465 755 1524 tenet
778 1458 976 1525 Guillelmus
997 1461 1039 1525 de
1063 1459 1265 1526 Connihano
1277 1470 1296 1540 ¹,
1312 1460 1373 1524 sibi
1397 1460 1618 1527 conferendos
1639 1465 1786 1529 noscitur

423 1562 589 1625 obtinere.
605 1601 649 1610 --
665 1560 742 1627 Fiat
759 1561 800 1628 R.

468 1663 549 1728 Dat.
564 1664 665 1729 Avin.
681 1688 701 1748 4
717 1686 796 1731 non.
809 1668 894 1751 junii
909 1677 942 1732 a⁰
960 1676 1001 1748 9⁰.
1019 1670 1096 1750 (20,
1118 1668 1199 1751 14').

478 1801 623 1888 1998.
1015 1830 1019 1838 “
1419 1834 1420 1838 ’
1516 1820 1743 1902 1350,2jur'n.

469 1922 572 2008 Supp.
598 1924 796 1989 Guillelmus
821 1921 864 1986 de
891 1922 1034 2002 Rosetis,
1052 1921 1302 1987 cordibanarius
1328 1932 1363 1987 et
1388 1921 1558 1988 familiaris
1581 1924 1612 1989 S.
1629 1923 1680 2002 V.,
1696 1934 1786 2008 quat.

428 2023 588 2109 [Herveo
604 2029 646 2093 de
662 2026 794 2105 Bedier„
811 2026 949 2112 clerico]
968 2025 1120 2090 Leonen.
1144 2025 1243 2106 dioc,
1258 2026 1301 2091 de
1316 2026 1470 2111 parroch.
1486 2028 1569 2092 eccl.
1589 2028 1632 2092 de
1655 2027 1787 2092 Zomer-

424 2130 539 2211 ghem,
570 2131 758 2198 Tomacen.
791 2129 888 2210 dioc,
920 2150 994 2194 rac.
1028 2130 1117 2215 apud
1147 2128 1262 2194 sedern
1299 2138 1407 2216 apost.
1445 2151 1503 2215 per
1538 2133 1591 2195 ob.
1624 2130 1712 2195 Petri
1747 2131 1789 2196 dc

426 2230 595 2299 Gandavo
605 2250 626 2316 ²,
640 2235 748 2299 ultimi
766 2234 869 2321 ipsius
885 2233 1026 2298 ecclesie
1042 2233 1191 2313 rectoris,
1207 2233 1262 2317 qui
1290 2253 1405 2319 nuper,
1421 2232 1579 2298 videlicet
1603 2254 1694 2301 anno
1717 2255 1790 2319 pre-

425 2336 513 2401 senti
533 2337 566 2401 in
592 2338 709 2403 itinere
721 2336 880 2402 Romano
892 2337 1046 2418 decessit,
1057 2347 1092 2402 et
1107 2346 1185 2402 ante
1202 2338 1304 2423 ipsius
1313 2340 1367 2403 ob.
1376 2337 1577 2421 generaliter
1592 2339 1646 2402 vel
1662 2339 1790 2423 specia-

425 2439 503 2503 liter
533 2449 715 2521 reservata,
746 2461 804 2505 seu
829 2440 948 2524 quovis
975 2441 1043 2505 alio
1072 2439 1207 2527 [modo]
1243 2440 1332 2526 apud
1362 2441 1505 2506 candem
1536 2440 1650 2506 sedern
1681 2453 1790 2522 vacet,

424 2543 610 2627 dignemini
627 2544 802 2630 providere
817 2566 826 2623 ;
839 2564 909 2608 uon
925 2547 1012 2610 obst.
1029 2543 1120 2627 quod
1135 2544 1239 2629 pridie
1262 2544 1305 2609 ad
1327 2544 1407 2610 dicti
1432 2543 1602 2609 Guillelmi
1625 2547 1790 2631 supplica-

425 2647 557 2711 tionem
583 2647 713 2732 prelato
741 2646 880 2712 Herveo
906 2648 949 2712 de
975 2647 1128 2733 parroch.
1152 2648 1234 2712 eccl.
1250 2647 1292 2712 de
1309 2646 1467 2733 Ulmeya,
1492 2648 1671 2714 Camoten.
1692 2649 1790 2729 dioc,

424 2750 454 2815 S.
472 2749 514 2814 V.
532 2750 613 2816 fecit
635 2751 790 2835 gratiam,
815 2759 853 2816 ut
878 2758 1018 2836 apparet
1044 2751 1077 2814 in
1105 2750 1350 2836 supplicatione
1371 2752 1575 2837 precedenti,
1601 2773 1699 2837 super
1725 2772 1791 2836 qua

424 2854 539 2918 littere
566 2875 635 2919 non
662 2864 742 2919 sunt
761 2854 860 2934 facte,
876 2875 940 2919 nec
965 2875 1006 2919 ex
1029 2875 1070 2918 ea
1094 2862 1205 2941 sperat
1230 2854 1368 2938 aliquod
1392 2855 1573 2937 comodum
1597 2856 1731 2935 habere,
1748 2877 1791 2921 eo

423 2957 517 3041 quod
534 2965 596 3037 est,
612 2965 649 3022 ut
675 2956 806 3038 dicitur,
822 2979 881 3043 per
897 2957 999 3022 alium
1023 2959 1083 3022 sub
1105 2958 1205 3041 priori
1230 2957 1309 3023 data
1333 2958 1514 3044 impetrata
1529 2983 1538 3039 ;
1556 2980 1655 3043 quam
1677 2969 1790 3025 tamen

422 3068 565 3146 paratus
581 3070 632 3125 est
647 3061 817 3126 dimittere
833 3069 928 3126 etc...
946 3099 990 3108 -
1007 3059 1082 3124 Fiat
1099 3060 1141 3125 R.

468 3164 554 3228 Dat.
571 3165 669 3229 Avin.
686 3189 705 3248 4
722 3187 801 3230 uon.
814 3166 898 3249 junii
911 3173 944 3229 a⁰
962 3175 1003 3245 9⁰.
1021 3170 1096 3247 (20,
1116 3167 1183 3246 20).

478 3301 626 3384 1999.
1348 3350 1351 3355 ·
1517 3338 1556 3400 13
1560 3338 1612 3398 50,
1630 3340 1648 3381 2
1659 3316 1747 3398 juin.

467 3421 573 3505 Supp.
591 3420 717 3499 Petrus,
734 3420 986 3486 Claromonten.
1004 3421 1180 3505 episcopus
1192 3432 1212 3499 ³,
1230 3429 1322 3503 quat.
1342 3420 1608 3505 [consanguineo
1618 3443 1678 3486 suo
1690 3421 1790 3486 Helie

419 3526 465 3590 de
495 3525 529 3588 S.
558 3524 735 3609 Eruperio,
764 3524 857 3610 cler]
889 3525 1104 3589 lemovicen.
1132 3524 1230 3602 dioc,
1255 3523 1297 3586 de
1325 3525 1487 3608 capellan.
1512 3524 1543 3588 S.
1567 3523 1733 3601 Johannis
1756 3525 1789 3588 iu

422 3628 556 3711 ssrugis,
583 3626 612 3690 T
614 3648 770 3691 omacen.
796 3628 893 3707 dioc,
914 3648 988 3692 rac.
1004 3647 1063 3711 per
1079 3630 1132 3691 ob.
1159 3626 1326 3703 Johanuis
1341 3627 1383 3690 de
1405 3626 1585 3691 Gravelia⁴
1607 3628 1789 3711 dignemini

422 3730 606 3816 providere
625 3753 633 3809 ;
663 3752 731 3794 non
748 3734 832 3795 obst.
849 3732 1039 3816 provisione
1063 3730 1173 3794 eidem
1202 3729 1301 3794 Helie
1325 3730 1412 3794 facte
1427 3751 1487 3815 per
1503 3731 1533 3794 S.
1551 3730 1590 3794 V.
1607 3730 1648 3793 de
1666 3752 1738 3794 can.
1756 3739 1790 3795 et

423 3838 519 3919 preb.
538 3836 677 3898 ecclesie
694 3835 725 3898 S.
744 3833 880 3899 Martini
898 3835 1066 3899 Turonen.
1082 3869 1124 3877 -
1142 3833 1219 3897 Fiat
1237 3833 1276 3897 R.

469 3937 552 4001 Dat.
569 3938 669 4002 Avin.
686 3960 704 4021 4
721 3959 800 4002 non.
814 3938 896 4022 junii
913 3947 946 4002 «τ’
964 3947 1006 4017 9⁰.
1024 3938 1101 4020 (20,
1120 3937 1188 4019 32).

477 4076 1610 4167 2000.1550,
1631 4106 1650 4147 2
1657 4083 1745 4164 juin.

470 4195 573 4278 Supp.
601 4193 749 4270 Jacobus
766 4191 923 4256 Germani
959 4191 1122 4270 Anicien,
1156 4189 1335 4254 Durandus
1361 4188 1508 4254 Bastissa
1536 4189 1788 4255 Claromonten.

432 4299 644 4363 ecclesiarum
660 4318 766 4383 nuper
781 4296 933 4362 canonici
949 4295 1156 4373 prebendati,
1170 4303 1204 4358 et
1220 4294 1408 4379 Stephanus
1424 4292 1556 4371 Rabeti,
1573 4294 1625 4358 cui
1644 4293 1682 4358 E.
1699 4293 1730 4358 S.
1746 4295 1789 4360 de

435 4421 503 4465 can.
519 4409 554 4465 et
569 4404 661 4485 preb.
678 4401 818 4465 ecclesie
835 4399 995 4464 Leodien.
1010 4407 1091 4462 tunc
1108 4416 1182 4461 vac.
1195 4397 1228 4459 in
1247 4396 1344 4461 Rom.
1357 4395 1458 4475 curia,
1474 4415 1533 4480 per
1549 4398 1602 4460 ob.
1619 4396 1788 4479 quondam

440 4501 579 4568 Durandi
596 4504 736 4568 Cornuti
753 4514 775 4583 ⁵,
791 4503 885 4567 duxit
910 4523 968 4586 per
995 4522 1071 4565 suas
1086 4501 1215 4564 litteras
1238 4499 1441 4584 apostolicas
1456 4498 1702 4583 providendum
1723 4523 1729 4577 ;
1747 4499 1789 4564 de

443 4607 548 4685 quibus
563 4608 699 4691 quidem
716 4628 789 4672 can.
806 4617 840 4670 et
856 4609 947 4691 preb.
964 4604 1104 4669 ecclesie
1129 4603 1288 4668 Leodien.
1316 4603 1406 4668 idem
1433 4602 1623 4688 Stephanus
1638 4604 1788 4667 nondum

446 4711 542 4774 extitit
554 4713 760 4796 corporalem
772 4710 1017 4795 possessionem
1033 4715 1206 4772 assecutus
1220 4730 1229 4787 ;
1251 4707 1306 4790 qui
1319 4706 1455 4790 quidem
1467 4706 1486 4783 J
1489 4710 1613 4771 acobus
1626 4705 1792 4771 Germani·

363 4797 387 4881 d
449 4816 477 4871 et
488 4811 657 4879 Durandus
673 4814 820 4879 Bastissa
835 4833 895 4898 per
910 4834 955 4892 se,
972 4820 1007 4876 et
1023 4812 1215 4897 Stephanus
1231 4810 1350 4875 Rabeti
1368 4831 1428 4894 per
1442 4809 1636 4886 Johannem
1654 4809 1787 4888 Rabeti,

363 4907 396 4981 :tl
453 4927 680 4990 procuratorem
707 4940 812 4995 suum,
829 4918 919 4981 dicta
943 4937 1001 4980 sua
1024 4915 1188 4979 beneficia
1205 4915 1237 4977 in
1255 4914 1408 4978 manibus
1424 4912 1483 4976 R¹¹¹¹
1500 4914 1532 4977 in
1550 4912 1684 4978 Christo
1702 4913 1737 4977 P.
1754 4921 1789 4978 et

363 4989 401 5064 ..l

364 5062 390 5089 ,ν’
399 5073 403 5104 p
457 5062 678 5084 &Q

402 5111 407 5142 l

404 5157 410 5216 ²}
484 5149 500 5194 l.
513 5152 564 5202 l'oir
584 5173 608 5205 n.
631 5161 699 5205 lthl.
722 5185 751 5192 -
772 5161 793 5204 2.
808 5156 868 5203 Voir
880 5172 904 5203 n.
917 5158 969 5212 154,
986 5157 1053 5214 1231,
1069 5157 1138 5202 1528.
1159 5181 1191 5188 -—
1211 5155 1233 5201 3.
1252 5154 1336 5201 Picrrc
1353 5153 1553 5213 d'higrctouille,
1572 5156 1627 5202 voir
1638 5168 1663 5202 n.
1678 5155 1747 5204 1862.
1759 5181 1793 5189 -

407 5223 418 5350 p
460 5216 477 5261 1.
487 5218 535 5270 l'oir
546 5242 568 5278 n.
581 5234 647 5289 1936,
664 5234 733 5279 lost.
747 5258 777 5264 —
789 5234 811 5277 Γ»,
826 5231 886 5277 Voir
899 5246 922 5277 11.
938 5232 998 5276 1173
1014 5245 1019 5287 ;
1040 5230 1139 5287 Kimch,
1154 5226 1229 5287 Koll,
1248 5229 1303 5277 279.
