4650 6059
490 741 549 806 562
1048 736 1130 814 1351,
1154 736 1195 800 29
1217 734 1285 801 mai.

488 892 607 959 clausit
630 901 817 956 extremum
832 911 840 967 ;
861 909 937 953 cum
953 889 1108 955 omuibus
1134 887 1288 954 clausulis
1304 887 1477 972 oportunis
1493 895 1528 951 et
1544 886 1795 953 executoribus.
1806 923 1835 936 -

491 996 568 1062 Fiat
583 1002 678 1060 motu
694 992 829 1080 proprio
846 992 885 1057 R.

533 1101 612 1165 Dat.
628 1120 681 1185 ap.
698 1097 947 1162 villamnovam
962 1120 982 1181 4
998 1095 1065 1162 kal.
1079 1096 1161 1181 junii
1179 1104 1212 1160 a⁰
1232 1105 1292 1164 10⁰.
1312 1100 1383 1179 (21,
1401 1101 1463 1180 s).

539 1249 839 1336 2167-2168.
1552 1283 1714 1349 135129
1734 1286 1806 1328 mar.

532 1371 632 1457 Supp.
649 1369 815 1436 Walterus
840 1368 883 1433 de
912 1365 1111 1433 Hemetines
1127 1376 1147 1447 ¹,
1164 1368 1344 1433 canonicus
1361 1366 1531 1450 Leodien,
1548 1367 1751 1453 capellanus
1765 1388 1838 1434 con·

487 1475 645 1541 mensalis
661 1472 702 1539 R.
719 1472 756 1539 P.
772 1473 861 1538 dom.
879 1469 1057 1555 N(icolai),
1071 1469 1286 1537 Lemovicen.
1298 1470 1476 1537 cardinalis
1487 1484 1509 1552 ²,
1525 1471 1581 1556 qui
1598 1472 1644 1539 de
1659 1472 1839 1538 melioribus

487 1580 683 1645 militaribus
712 1577 854 1643 diocesis
886 1574 1081 1640 Leodiensis
1110 1576 1212 1641 traxit
1239 1575 1410 1659 originem,
1441 1583 1532 1659 quat.
1564 1574 1789 1642 collationem
1815 1585 1840 1639 et

487 1684 713 1769 provisionem
728 1680 930 1747 auctoritate
942 1678 1107 1745 ordinaria
1118 1679 1179 1744 sibi
1192 1679 1314 1745 factam
1326 1680 1369 1745 de
1385 1679 1521 1745 abbatia
1535 1679 1699 1745 secularis
1716 1677 1842 1745 ecclesie
1875 1757 1877 1774 Ι

489 1786 683 1866 Meffiensis,
713 1784 804 1850 dicte
833 1784 931 1865 dioc,
962 1804 1027 1868 que
1057 1793 1108 1848 est
1138 1783 1287 1850 officium
1311 1805 1336 1850 s.
1364 1805 1403 1863 c.,
1431 1783 1529 1849 solita
1559 1803 1620 1870 per
1650 1784 1843 1851 canonicum
1875 1803 1877 1808 ’

488 1891 647 1957 Leodien.
659 1889 846 1973 gubernari,
862 1909 962 1972 quam
979 1887 1137 1973 possidet,
1153 1887 1279 1954 dudum
1296 1888 1385 1974 apud
1401 1888 1514 1953 sedem
1530 1896 1643 1975 apost.
1659 1908 1725 1975 per
1740 1907 1842 1954 conse

487 1996 672 2061 crationem
696 1994 786 2059 dom.
812 1991 945 2059 Nicolai
973 1992 1135 2078 Copotiis,
1163 2002 1244 2059 tunc
1270 1992 1418 2078 episcopi
1447 1990 1619 2078 Urgellen.
1644 2003 1665 2072 ³,
1689 2001 1729 2058 et
1755 1992 1842 2079 ipsius

487 2100 621 2165 abbatie
645 2098 785 2178 abbatis
805 2098 858 2162 vel
880 2098 950 2182 ejus
972 2096 1175 2177 dimissione,
1191 2098 1244 2161 vel
1260 2097 1326 2163 alio
1342 2096 1561 2181 quovismodo
1576 2117 1664 2178 vac,
1680 2097 1711 2163 si
1727 2095 1841 2163 nonsit

487 2202 520 2267 iu
540 2223 578 2266 ea
594 2201 688 2267 alteri
698 2202 751 2286 jus
766 2201 944 2284 quesitum,
960 2200 1141 2285 dignemini
1170 2221 1237 2266 non
1255 2204 1341 2267 obst.
1352 2199 1633 2265 reservationibus
1648 2200 1841 2286 specialibus

486 2307 540 2369 vel
566 2306 782 2389 generalibus,
806 2304 1014 2384 confirmare,
1031 2305 1084 2368 vel
1108 2304 1168 2369 sibi
1185 2304 1227 2371 de
1243 2325 1282 2370 ea
1298 2305 1340 2369 de
1356 2324 1446 2370 novo
1462 2302 1662 2388 providere,
1679 2324 1752 2369 non
1766 2305 1841 2369 obst.

486 2409 552 2474 suis
578 2408 748 2474 beneficiis
772 2429 836 2492 que
852 2408 982 2473 obtinet
998 2407 1052 2472 vel
1069 2416 1238 2494 expectat,
1261 2409 1296 2474 in
1307 2407 1582 2474 vicecancellaria
1596 2406 1841 2493 exprimendis;

486 2534 563 2577 cum
579 2513 732 2577 omnibus
747 2531 814 2576 non
831 2515 916 2578 obst.
933 2551 975 2561 -
992 2510 1211 2578 Providemus
1228 2511 1268 2577 R.

529 2670 636 2730 2168.
669 2665 757 2732 Item
788 2688 882 2753 supp.
915 2666 1176 2751 E(ngelbertus),
1210 2667 1394 2753 episcopus,
1425 2674 1460 2731 et
1490 2664 1678 2751 capitulum
1710 2665 1841 2732 ecclesie

486 2771 656 2851 Leodien,
669 2781 760 2856 quat.
777 2793 852 2837 cum
868 2772 1026 2857 Adulpbo
1041 2771 1084 2836 de
1101 2770 1223 2837 Marlra
1233 2792 1255 2853 ⁴,
1272 2771 1388 2857 nepoti
1402 2770 1503 2855 ipsius
1519 2769 1681 2856 episcopi,
1692 2770 1729 2835 in
1743 2769 1841 2857 primo

485 2897 575 2942 anno
608 2877 708 2941 vestri
738 2876 962 2962 pontificatus,
993 2876 1205 2960 provideritis
1227 2877 1268 2941 de
1296 2897 1369 2941 can.
1395 2878 1454 2967 snb
1480 2895 1555 2959 exp.
1582 2875 1677 2959 preb.
1710 2872 1839 2939 ecclesie

486 2978 656 3059 Leodien,
667 2989 702 3044 et
717 3000 822 3065 nuper
836 2978 878 3045 de
894 2982 985 3063 preb.
1003 2980 1104 3065 ipsius
1119 2982 1269 3063 ecclesie,
1284 2981 1386 3047 modo
1401 3000 1468 3065 quo
1484 2998 1582 3064 supra
1598 2987 1637 3043 ut
1652 2978 1697 3043 de
1714 2980 1839 3044 abbatia

485 3082 688 3168 premittitur
700 3091 852 3163 vacante,
865 3104 924 3168 per
936 3104 1032 3148 suurn
1044 3095 1260 3150 executorem
1275 3085 1476 3150 auctoritate
1491 3091 1599 3168 apost.
1610 3082 1655 3147 sit
1665 3082 1838 3168 provisum,

485 3185 666 3269 dignemini
693 3193 730 3250 ut
755 3206 851 3271 supra
878 3186 1065 3270 hujusmodi
1090 3189 1316 3273 provisionem
1329 3197 1363 3254 et
1376 3197 1486 3254 cetera
1502 3186 1580 3251 inde
1596 3196 1715 3251 secuta
1731 3185 1837 3251 confir-

485 3309 586 3368 mare,
603 3290 657 3353 vel
673 3290 714 3354 de
731 3310 821 3354 novo
837 3290 1011 3375 providere
1027 3313 1035 3369 ;
1064 3313 1132 3357 non
1159 3296 1314 3357 obstante
1341 3293 1430 3376 quod
1454 3313 1526 3357 can.
1544 3303 1580 3355 et
1595 3294 1689 3377 preb.
1707 3290 1836 3357 ecclesie

485 3392 659 3457 Colonien.
676 3402 833 3459 noscatur
849 3395 1009 3474 obtinere,
1027 3405 1091 3461 etc.
1108 3405 1144 3462 ut
1160 3418 1269 3483 supra.
1285 3438 1327 3445 —
1344 3396 1421 3461 Fiat
1438 3395 1478 3463 R.

529 3497 606 3561 Dat.
623 3518 675 3581 ap.
693 3497 940 3563 Villamnovam
958 3524 976 3584 4
993 3499 1058 3565 kal.
1072 3502 1154 3584 junii
1172 3512 1204 3567 a¹¹
1224 3512 1284 3567 10⁰.
1303 3505 1373 3584 (21,
1392 3503 1453 3583 8l').

536 3649 677 3732 2169.
1550 3685 1646 3749 1351,
1664 3688 1706 3750 29
1725 3667 1796 3729 mur.

527 3770 627 3855 Supp.
656 3767 814 3834 Matheus
837 3768 1024 3851 Gucherici,
1048 3772 1243 3836 secretarius
1261 3773 1345 3857 regis
1363 3771 1512 3851 Francia,
1537 3778 1629 3853 quat.
1649 3768 1769 3855 [filiolo
1783 3786 1830 3833 suo

485 3872 626 3938 Matheo
665 3872 707 3937 de
747 3872 913 3957 Baguolis,
953 3874 1089 3959 clerico]
1131 3873 1289 3940 Parisien.
1321 3876 1417 3955 dioc,
1449 3875 1491 3940 de
1521 3874 1663 3939 ecclesia
1694 3869 1828 3960 parroch.

484 3978 515 4042 S.
534 3977 670 4042 Martini
687 3977 728 4042 de
745 3977 872 4057 Stratis,
894 3977 1107 4043 Cameracen.
1123 3978 1219 4059 dioc,
1236 4001 1308 4045 vac.
1326 3979 1368 4044 ad
1384 3999 1518 4064 presens
1532 3997 1592 4062 per
1607 3980 1663 4042 ob.
1681 3973 1828 4054 Johanuis

484 4081 581 4145 Fabri
600 4093 620 4159 ⁵,
638 4081 692 4163 qui
719 4080 808 4165 apud
834 4081 947 4146 sedem
973 4091 1079 4166 apost.
1104 4082 1192 4146 diem
1221 4083 1339 4148 clausit
1364 4091 1560 4160 extremum,
1585 4080 1690 4145 etiam
1713 4080 1738 4145 si
1754 4079 1826 4144 dicta

483 4185 623 4248 ecclesia
651 4185 693 4247 sit
720 4204 779 4268 per
806 4184 836 4248 S.
863 4183 901 4248 V.
927 4185 1115 4269 specialiter
1130 4187 1185 4249 vel
1200 4187 1399 4269 generaliter
1422 4192 1636 4260 reservata...
1660 4175 1825 4267 dignemini

484 4287 657 4373 providere
674 4310 681 4364 ;
699 4308 774 4350 cum
792 4308 859 4351 non
878 4291 963 4352 obst.
979 4329 1022 4336 -
1040 4288 1114 4354 Fiat
1132 4290 1171 4353 R.

527 4391 605 4456 Dat.
622 4412 673 4475 ap.
691 4390 940 4456 Villanmovam
958 4416 976 4476 4
993 4392 1060 4457 kal.
1074 4394 1157 4478 junii
1175 4401 1207 4458 a⁰
1227 4402 1287 4458 10⁰.
1305 4395 1375 4476 (21,
1398 4395 1477 4476 rol).

534 4542 676 4624 2170.
1549 4579 1565 4622 r
1614 4578 1680 4622 12
1722 4556 1789 4620 1ηαί.

525 4662 625 4745 Supp.
650 4658 822 4736 Jolrannes
849 4658 983 4740 Chireti,
1011 4662 1149 4726 clericus
1178 4662 1399 4741 Florentinus,
1424 4669 1515 4745 quat.
1537 4578 1610 4727 sigi5
1621 4609 1664 4727 de
1684 4580 1820 4746 {armen

481 4764 620 4828 ecclesia
648 4762 678 4827 S.
705 4762 846 4827 Dionisii
871 4763 913 4827 de
941 4763 1153 4843 Moerkerke,
1182 4764 1367 4830 Tornacen.
1392 4766 1490 4844 dioc,
1515 4785 1587 4830 vac.
1611 4786 1671 4850 per
1698 4772 1820 4830 mortem

481 4868 570 4932 Petri
595 4866 675 4931 dicti
701 4865 839 4946 Hamer,
867 4868 1049 4951 presbiteri,
1075 4868 1181 4931 ultimi
1205 4869 1343 4933 rectoris
1366 4870 1525 4953 ejusdem,
1542 4869 1596 4952 qui
1622 4879 1717 4934 extra
1742 4867 1819 4932 Rom.
1875 4863 1877 4892 ²

513 5095 531 5138 1,
546 5092 605 5138 l'nir
617 5106 640 5139 n.
657 5094 724 5150 1451,
741 5094 808 5146 lala,
824 5093 894 5137 ΠΜ,
908 5119 937 5127 -
958 5095 980 5139 2.
1002 5092 1104 5139 Nioolns
1124 5093 1155 5139 de
1177 5092 1257 5149 Besso,
1271 5095 1339 5142 canl.
1351 5094 1382 5142 de
1396 5096 1419 5141 S.
1434 5094 1509 5142 11111
1524 5098 1563 5143 via
1576 5096 1638 5143 lata.
1651 5124 1683 5132 -·
1701 5098 1723 5143 3.
1735 5092 1821 5143 ximus

478 5167 585 5226 t'uprvwi
599 5181 604 5212 ι
618 5167 672 5210 voir
685 5180 708 5211 11.
723 5166 791 5211 1811.
805 5192 833 5197 -
847 5166 868 5210 l.
884 5164 943 5210 l'oir
956 5180 979 5212 11.
993 5168 1048 5212 336.
1060 5193 1091 5199 -
1103 5170 1125 5215 ῡ.
1141 5167 1201 5212 l'oir·
1214 5182 1238 5213 11.
1252 5171 1306 5215 trau.
