4650 6059
993 787 1073 860 1351,
1097 788 1137 851 23
1160 788 1325 854 novembre.
1783 795 1843 858 605

534 938 638 1000 2336.
656 935 742 1001 Item
761 937 861 1002 Petro
878 937 984 1003 Barbe
1001 950 1019 1019 ¹,
1036 940 1202 1006 canonico
1225 940 1432 1026 prebendato
1448 943 1587 1007 ecclesie
1616 942 1781 1009 Morinen.
1805 966 1844 1009 ac

485 1059 579 1104 nunc
594 1041 714 1105 rectori
731 1042 868 1127 paroch.
885 1042 1025 1107 ecclesie
1042 1043 1073 1106 S.
1090 1042 1260 1109 Laurentii
1276 1050 1318 1109 de
1335 1043 1467 1125 Ceraso,
1496 1044 1722 1130 Engolismen.
1747 1047 1843 1126 dioc,

485 1144 529 1209 de
546 1146 716 1230 perpetuis
732 1146 926 1232 capellaniis
943 1145 980 1210 B.
998 1145 1047 1212 Μ.
1072 1147 1114 1213 de
1142 1148 1225 1213 Pola
1251 1148 1284 1212 in
1311 1149 1353 1213 de
1380 1148 1635 1233 Langlremarch
1652 1159 1687 1216 et
1701 1151 1743 1215 de
1760 1150 1843 1216 Wis-

485 1249 588 1313 cbata
605 1250 780 1333 parochiis,
798 1248 965 1315 Morinen.
981 1250 1079 1332 dioc,
1096 1251 1227 1318 situatis
1242 1272 1300 1318 seu
1316 1251 1472 1333 fundatis,
1500 1274 1581 1337 quas
1609 1275 1697 1319 nunc
1714 1255 1844 1320 obtinet

484 1351 651 1417 Geraldus
667 1352 785 1434 Barbe,
801 1364 836 1418 et
852 1354 944 1419 dicto
960 1354 1106 1420 Geraldo
1121 1355 1163 1420 de
1179 1355 1307 1442 prefata
1330 1355 1471 1421 ecclesia
1488 1357 1519 1421 S.
1537 1356 1749 1423 Laurentii...
1767 1359 1844 1423 resi-

483 1455 606 1542 gnatis,
623 1455 805 1541 dignemini
822 1458 1007 1543 providere.
1031 1498 1058 1508 -
1083 1458 1158 1524 Fiat
1175 1458 1215 1524 R.

531 1558 610 1623 Dat.
626 1560 724 1625 Avin.
743 1582 759 1641 9
777 1560 843 1626 kal.
860 1560 932 1627 dec.
949 1569 982 1627 a⁰
1003 1570 1063 1627 10⁰.
1080 1561 1151 1646 (21,
1169 1561 1206 1629 P.
1224 1560 1268 1643 ll,
1290 1564 1357 1646 16')

539 1701 684 1786 2337.
1447 1733 1542 1798 1351,
1559 1735 1599 1798 25
1618 1717 1800 1781 novembre.

531 1819 631 1905 Supp.
648 1819 748 1884 frater
765 1817 925 1898 MathiaS,
942 1817 1118 1903 episcopus
1141 1815 1381 1902 Trepisrmden.
1397 1828 1417 1898 ²,
1434 1838 1521 1902 mag.
1547 1819 1579 1883 in
1607 1820 1722 1901 theol,
1751 1830 1843 1905 quat.

484 1924 609 1989 clerico
625 1944 695 2002 sno,
711 1922 867 2002 Johanni,
884 1930 966 1986 nato
984 1920 1167 1987 Franconis
1182 1920 1224 1987 de
1241 1920 1414 1987 Cosselaer
1429 1932 1450 2003 ³,
1466 1922 1508 1988 de
1524 1944 1598 1989 can.
1616 1933 1650 1990 et
1664 1928 1754 2012 preb.
1767 1946 1843 1990 cum

485 2027 613 2092 ferculo
629 2027 768 2092 ecclesie
785 2026 816 2091 S.
833 2026 979 2090 Severini
997 2024 1171 2090 Colonien.
1188 2026 1373 2107 reservatis,
1390 2036 1425 2091 et
1440 2049 1513 2094 vac.
1531 2050 1590 2114 per
1602 2032 1656 2095 ob.
1672 2029 1842 2115 Reynardi

483 2132 528 2197 de
546 2128 785 2210 Hukellroven,
801 2130 983 2214 dignemini
1001 2131 1174 2216 providere
1190 2154 1198 2209 ;
1216 2152 1283 2195 non
1301 2133 1385 2196 obst.
1402 2133 1493 2217 quod
1515 2134 1604 2198 idem
1620 2133 1638 2211 J
1642 2129 1794 2200 ohannes
1810 2135 1843 2198 in

483 2236 627 2302 ecclesia
643 2236 674 2302 S.
692 2236 864 2301 Gertrudis
881 2232 1092 2314 Nivellensis,
1111 2232 1270 2300 Leodien.
1295 2235 1392 2317 dioc,
1420 2255 1492 2303 can.
1518 2246 1553 2303 et
1578 2240 1670 2326 preb.
1696 2237 1845 2305 noscitur

484 2341 640 2407 obtinere
656 2363 664 2419 ;
682 2362 757 2406 cum
773 2340 845 2406 aliis
861 2361 927 2405 non
945 2343 1061 2405 obst...
1085 2376 1116 2387 -
1139 2337 1214 2404 Fiat
1232 2337 1271 2405 R.
1728 2342 1731 2348 '

532 2442 620 2510 ltem
636 2445 795 2511 mandare
811 2444 993 2530 dignemini
1009 2443 1112 2509 literis
1127 2441 1276 2529 ejusdem
1291 2445 1395 2529 gratie
1420 2443 1517 2512 inseri
1530 2448 1711 2514 clausulam
1728 2448 1818 2514 illam
1835 2469 1842 2515 :

486 2550 545 2614 vel
562 2550 628 2615 alio
643 2550 762 2633 quovis
777 2547 880 2614 modo
896 2556 1005 2615 vacet.
1027 2585 1059 2596 -
1081 2545 1157 2613 Fiat
1174 2546 1214 2613 R.

531 2654 609 2719 Dat.
625 2654 726 2719 Avin.
744 2674 761 2733 9
779 2651 844 2718 kal.
861 2652 933 2719 dec.
949 2662 982 2718 a⁰
1002 2660 1063 2717 10⁰.
1081 2651 1151 2736 (21,
1170 2649 1205 2718 P.
1224 2648 1268 2732 Il,
1290 2654 1370 2739 19').
1394 2725 1396 2730 ,

536 2792 683 2878 2338.
1446 2826 1462 2869 1
1463 2825 1484 2890 3
1486 2825 1539 2887 51,
1557 2829 1575 2871 2
1575 2828 1596 2891 j
1616 2810 1797 2874 novembre.

529 2910 617 2996 Sign.
634 2910 665 2974 S.
682 2908 721 2975 V.
740 2908 847 2975 Maria
864 2910 905 2975 de
933 2908 1117 2990 Belloforti,
1141 2907 1231 2993 quod
1258 2929 1363 2995 nuper
1389 2908 1587 2976 Guillelmns
1612 2912 1655 2976 de
1677 2904 1802 2978 Palude
1818 2924 1838 2993 ⁴,

483 3015 668 3081 canonicus
695 3012 834 3079 ecclesie
862 3014 893 3077 S.
922 3010 1058 3078 Martini
1087 3009 1258 3092 Leodien.,
1284 3022 1317 3099 et
1344 3010 1518 3090 Jobannes
1541 3013 1583 3080 de
1611 3014 1706 3096 Tula,
1732 3025 1842 3083 rector

483 3119 637 3205 parroch.
654 3118 793 3184 ecclesie
809 3117 850 3182 de
868 3115 997 3197 Yttren,
1014 3116 1103 3181 dicte
1121 3115 1218 3196 dioc,
1235 3115 1325 3182 dicta
1340 3137 1398 3182 sua
1413 3117 1575 3184 beneficia
1596 3140 1637 3183 ex
1654 3139 1753 3185 causa
1770 3141 1841 3205 per-

483 3223 682 3288 mutationis
707 3223 749 3287 ad
777 3220 921 3287 inuicem
949 3220 1110 3300 faciende,
1126 3220 1159 3284 in
1188 3221 1341 3287 manibus
1373 3220 1409 3285 R.
1442 3221 1478 3286 P.
1509 3221 1598 3288 dom.
1628 3222 1840 3308 Gfuillelmi),

484 3327 726 3413 archiepiscopi
745 3325 966 3406 Ebredunen,
982 3324 1189 3409 resignarunt
1205 3348 1213 3403 ;
1230 3326 1284 3409 qui
1302 3325 1436 3410 quidem
1458 3325 1639 3407 Johannes,
1657 3336 1840 3412 antequam

483 3453 544 3518 per
561 3433 591 3496 S.
615 3430 655 3497 V.
682 3431 796 3496 fuisset
824 3431 911 3498 facta
937 3429 1082 3516 provisio
1109 3429 1150 3494 de
1175 3430 1345 3494 beneficiis
1369 3429 1536 3516 predictis
1563 3431 1595 3495 in
1624 3431 1714 3496 curia
1743 3431 1840 3497 Rom.

483 3536 638 3601 decessit.
667 3535 767 3621 Supp.
797 3536 894 3619 igitur
920 3535 1010 3599 dicta
1036 3533 1154 3614 Maria,
1183 3542 1275 3618 quat.
1303 3532 1456 3599 familiari
1485 3555 1545 3601 suo
1574 3533 1734 3616 Henrico,
1758 3544 1839 3600 nato

483 3638 656 3723 qnondam
672 3638 792 3703 nobilis
807 3639 866 3703 viri
883 3636 1208 3716 Joharrnisssoilene
1231 3637 1272 3702 de
1299 3635 1429 3719 Monte,
1455 3640 1578 3718 militis,
1607 3639 1728 3705 clerico
1751 3640 1840 3705 dicte

484 3742 645 3808 Leodien.
662 3742 760 3822 dioc,
777 3743 818 3806 de
836 3764 908 3808 can.
925 3751 959 3806 et
976 3744 1067 3826 preb.
1084 3739 1233 3825 predicte
1251 3742 1390 3806 ecclesie
1407 3742 1438 3807 S.
1457 3740 1592 3807 Martini
1620 3741 1777 3809 Leodien.
1795 3744 1841 3809 sic

483 3868 568 3926 vac,
586 3855 621 3911 ut
637 3846 807 3932 prefertur,
824 3868 881 3911 seu
898 3846 963 3911 alio
979 3844 1097 3930 quovis
1112 3845 1225 3924 modu,
1241 3845 1423 3929 dignemini
1439 3846 1617 3933 providere
1632 3871 1639 3925 ;
1660 3869 1727 3913 non
1757 3852 1842 3914 obst.

481 3952 572 4035 quod
589 3951 677 4014 idem
695 3951 891 4015 Guillelmus
906 3971 1078 4034 nunquam
1094 3959 1265 4015 assecutus
1281 3949 1379 4014 fuerit
1402 3952 1645 4036 possessionem
1662 3952 1839 4037 pacificam

481 4056 664 4120 eorundem
681 4057 897 4120 canonicatus
914 4067 947 4120 et
964 4054 1132 4140 prebende
1149 4064 1285 4140 propter
1301 4055 1489 4140 potentiam
1507 4055 1676 4121 Guillelmi
1704 4057 1746 4121 de
1775 4058 1842 4122 Ora

482 4158 612 4223 Gallica
628 4166 647 4237 ⁵,
665 4159 720 4243 qui
737 4159 872 4224 eosdem
891 4181 964 4224 can.
981 4170 1015 4225 et
1032 4162 1123 4246 preb.
1140 4158 1283 4224 detinuit
1300 4180 1359 4244 per
1377 4161 1476 4245 longa
1493 4169 1646 4247 tempora
1663 4170 1698 4225 et
1713 4162 1843 4227 detinet

482 4273 666 4348 occupatos
681 4287 689 4341 ;
707 4285 764 4327 sen
789 4265 878 4347 qnod
903 4264 990 4328 idem
1018 4263 1184 4329 Hernicus
1211 4284 1283 4328 can.
1308 4271 1342 4328 et
1369 4267 1459 4351 preb.
1484 4261 1523 4331 B.
1540 4262 1589 4331 M.
1605 4266 1839 4350 Trajeetensis,

480 4387 614 4432 necnon
632 4387 704 4431 can.
722 4370 780 4430 sub
798 4388 873 4451 exp.
891 4370 981 4452 preb.
1000 4367 1030 4431 S.
1056 4363 1222 4443 Jobannis
1250 4364 1410 4434 Leodien.
1438 4369 1664 4451 ecclesiarum,
1691 4371 1841 4436 noscitur

483 4472 636 4536 obtinere
653 4494 660 4549 ;
677 4492 752 4536 cum
771 4472 890 4536 ceteris
906 4492 973 4535 non
992 4474 1107 4535 obst...
1127 4470 1261 4536 -Fiat
1279 4471 1319 4537 R.

527 4575 606 4639 Dat.
623 4575 721 4638 Asin.
740 4597 756 4652 9
774 4573 840 4637 kal.
857 4574 929 4639 dec.
946 4585 978 4638 a·
1001 4585 1059 4639 10⁰.
1077 4577 1148 4658 (21,
1163 4575 1199 4640 P.
1217 4575 1262 4655 ll,
1281 4584 1364 4661 eol).

537 4712 682 4798 2339
1446 4748 1540 4811 1351,
1558 4750 1575 4791 2
1576 4748 1596 4811 j
1616 4730 1796 4792 rronerrrbre.

528 4831 629 4915 Supp.
648 4829 773 4909 Petrus,
791 4828 821 4892 S.
841 4826 888 4893 M.
906 4848 992 4892 nore
1009 4828 1167 4894 diaconus
1180 4828 1364 4909 cardinalis
1378 4838 1469 4913 quat.
1487 4830 1654 4917 [familiari
1667 4852 1726 4895 suo
1740 4830 1840 4897 Petro

516 5084 538 5130 l.
553 5082 613 5129 Voir
624 5096 649 5130 n.
667 5083 721 5130 3311.
735 5110 765 5116 -
778 5086 800 5129 2.
813 5082 874 5129 l'oir
887 5099 910 5131 n.
923 5086 977 5140 llll,
993 5086 1135 5140 1019-1020,
1151 5086 1219 5141 1123,
1236 5086 1302 5137 1135,
1318 5084 1387 5132 1511.
1401 5112 1431 5118 -
1448 5086 1470 5132 3.
1483 5084 1544 5131 von
1558 5101 1580 5132 n.
1594 5086 1648 5133 111.
1663 5085 1838 5134 1111101010-

480 5157 561 5204 selam
573 5166 612 5205 est
623 5156 676 5205 cite
687 5171 785 5205 conrnrc
797 5157 923 5205 charmine
930 5159 962 5205 ‹le
972 5158 1085 5206 Nivelles
1097 5159 1120 5205 le
1129 5161 1159 5205 20
1169 5158 1229 5205 nont
1241 5158 1302 5204 1347
1311 5157 1419 5218 (Arnai.
1429 5158 1460 5204 dr·
1469 5159 1494 5205 lu
1504 5159 1555 5207 Sor.
1564 5159 1672 5207 arr-clodii.
1682 5160 1712 5207 de
1721 5160 1837 5219 Nirellrn,

481 5232 531 5287 Ill,
546 5233 656 5291 1101-
668 5234 690 5280 l.
705 5232 765 5279 l'uir
777 5246 802 5279 n.
821 5233 891 5280 2311.
904 5258 935 5266 -
947 5236 969 5280 ὀ,
982 5233 1044 5281 l'oir
1055 5234 1160 5281 112081.
