4650 6059
961 796 1045 869 1351,
1070 796 1267 877 57100101.
1736 801 1801 866 553

419 948 598 1031 aliquibus
621 948 700 1013 viris
726 948 926 1014 mandantes
950 947 1053 1033 recipi
1069 956 1104 1012 et
1119 948 1253 1014 admitti
1269 949 1303 1014 in
1320 950 1522 1016 monachum
1540 961 1574 1017 et
1589 953 1623 1016 in
1639 953 1774 1019 fratrem
1789 978 1801 1033 ;

420 1073 509 1118 cum
526 1053 682 1119 omnibus
697 1052 863 1132 clausulis,
881 1060 919 1117 ut
935 1051 969 1116 in
985 1051 1092 1118 sonna
1115 1052 1235 1137 quibus
1257 1073 1366 1138 supra.

472 1198 582 1260 2132.
599 1191 687 1257 Item
704 1213 799 1278 supp.
816 1191 905 1257 idem
921 1191 1027 1272 miles,
1044 1198 1135 1276 quat.
1152 1191 1196 1257 ad
1211 1193 1479 1259 nominationem
1495 1215 1553 1259 seu
1577 1196 1797 1279 presentatio·

421 1318 510 1361 nem
528 1296 714 1363 Franconis
729 1296 772 1362 de
789 1295 984 1376 Novavilla,
1000 1294 1115 1359 militis
1139 1294 1299 1360 Leodien.
1325 1295 1423 1378 dioc,
1448 1317 1533 1362 unus
1555 1298 1693 1363 clericus
1714 1299 1800 1384 ydo-

422 1421 524 1481 neus,
541 1401 742 1466 auctoritate
766 1408 879 1466 vestra
905 1407 939 1465 et
965 1419 1025 1485 per
1047 1407 1178 1464 vestras
1192 1399 1333 1480 litteras,
1349 1400 1530 1486 recipiatur
1543 1402 1577 1465 in
1594 1404 1801 1467 monasterio

423 1505 472 1570 de
488 1503 603 1585 Vileir,
631 1502 755 1569 ordinis
770 1512 805 1568 et
820 1503 908 1569 dioc.
934 1502 1163 1588 predictorum
1178 1513 1200 1582 ⁸,
1218 1502 1251 1567 in
1267 1504 1471 1569 monachum
1488 1504 1572 1569 etin
1589 1505 1734 1585 fratrem,
1760 1514 1801 1571 ut,

425 1609 463 1672 in
481 1607 589 1672 forma
604 1630 612 1688 ;
629 1614 665 1673 et
681 1627 757 1673 cum
774 1607 928 1673 omnibus
943 1606 1098 1672 clausulis
1114 1613 1151 1670 ut
1167 1627 1275 1692 supra.

473 1747 580 1810 2133.
598 1744 685 1810 Item
712 1766 807 1831 supp.
832 1744 922 1810 idem
938 1744 1044 1825 miles,
1061 1753 1155 1828 quat.
1173 1742 1280 1809 Marie
1295 1744 1337 1810 de
1354 1744 1560 1825 Bodehaine,
1578 1746 1800 1813 cameracen.

424 1848 529 1927 dioc,
545 1847 589 1913 de
602 1848 772 1914 nobilibus
795 1846 944 1927 oriunde,
970 1847 1151 1932 specialem
1174 1847 1318 1931 gratiam
1345 1847 1513 1929 facientes,
1530 1860 1567 1915 ut
1584 1851 1655 1936 ipsa
1681 1862 1795 1917 aucto-

422 1952 529 2017 ritate
544 1960 655 2017 vestra
670 1950 851 2036 recipiatur
866 1950 900 2016 in
916 1951 1122 2016 monasterio
1137 1951 1180 2017 de
1197 1950 1353 2031 Haviers,
1369 1951 1493 2017 ordinis
1507 1963 1544 2018 et
1557 1954 1644 2020 dioc.
1668 1955 1800 2040 predic--

423 2065 553 2133 torum,
570 2055 602 2119 in
620 2075 767 2121 sororem
784 2063 819 2120 et
834 2054 1006 2134 donatam,
1023 2063 1059 2119 ut
1084 2055 1117 2118 in
1134 2054 1242 2120 forma
1257 2078 1265 2135 ;
1293 2075 1371 2120 cum
1398 2056 1552 2121 omnibus
1576 2057 1732 2124 clausulis
1758 2068 1794 2124 ut

424 2180 541 2246 supra.
557 2200 601 2208 —
616 2157 695 2223 Fiat
709 2179 772 2243 pro
787 2159 943 2224 omnibus
957 2178 1056 2243 supra
1071 2157 1190 2244 positis
1205 2158 1240 2223 in
1256 2157 1363 2225 forma
1380 2158 1420 2223 R.

472 2264 556 2328 Dat.
572 2263 670 2327 Avin.
688 2284 705 2326 2
722 2282 802 2327 non.
816 2263 944 2346 januar.
961 2269 995 2326 a⁰
1011 2269 1054 2342 9⁰.
1072 2263 1149 2346 (20,
1167 2261 1251 2346 37').

479 2401 783 2487 2134-2135.
1463 2432 1558 2496 1351,
1571 2433 1595 2495 5
1605 2412 1750 2494 janvier.

470 2519 577 2605 Supp.
594 2518 761 2584 Robertus
786 2517 885 2597 Galli,
910 2516 1036 2582 domini
1064 2515 1204 2581 Francie
1220 2516 1306 2600 regis
1322 2515 1538 2595 consiliarius,
1555 2525 1646 2600 quat.
1662 2538 1793 2603 permu-

424 2623 598 2689 tationem
613 2623 815 2688 auctoritate
831 2619 998 2687 ordinaria
1014 2619 1137 2685 factam
1152 2639 1213 2705 per
1235 2640 1312 2684 eum
1327 2619 1370 2685 de
1385 2639 1459 2685 can.
1475 2628 1510 2684 et
1536 2623 1628 2705 preb.
1651 2622 1792 2686 ecclesie

423 2727 619 2794 Tornacen.
644 2747 722 2792 cum
747 2725 908 2809 magistro
931 2723 1087 2801 Johanne
1112 2721 1292 2788 Moradas¹
1308 2722 1352 2788 ad
1367 2722 1588 2788 canonicatus
1602 2732 1637 2788 et
1653 2727 1792 2808 preben-

423 2830 486 2897 das
501 2830 719 2896 ecclesiarum
734 2830 766 2894 S.
784 2828 870 2894 Piati
885 2828 928 2894 de
943 2827 1053 2893 Seclin
1068 2836 1104 2892 et
1119 2826 1152 2891 S.
1169 2825 1260 2891 Petri
1275 2826 1318 2892 de
1335 2826 1515 2892 Rothnaco
1526 2825 1549 2906 b,
1576 2826 1797 2893 Cameracen.

423 2933 527 3014 dioc,
542 2941 652 2999 ratam
667 2942 702 2997 et
717 2940 848 3016 gratam
863 2931 986 2996 habere
1001 2930 1196 3015 dignemini,
1211 2937 1247 2994 et
1262 2950 1305 2995 ex
1320 2938 1413 2995 certa
1428 2930 1569 2995 scientia
1585 2931 1792 3009 continuare,
1809 3014 1811 3018 ι

425 3037 560 3104 etiamsi
576 3037 793 3102 canonicatus
808 3043 844 3100 et
858 3034 1028 3120 prebenda
1043 3033 1166 3119 prefati
1182 3033 1305 3099 fuerint
1319 3033 1493 3100 collationi
1508 3034 1596 3099 sedis
1608 3035 1792 3119 apostolice

428 3140 688 3226 quomodolibet
704 3139 873 3204 reservati.
890 3138 1026 3203 —Fiat
1043 3138 1083 3203 R.

414 3268 419 3275 ’
470 3281 576 3342 2135.
595 3275 692 3355 Item,
717 3297 793 3341 cum
818 3276 907 3341 idern
926 3275 1190 3341 Robertusvelit
1206 3297 1352 3342 exnunc
1368 3276 1504 3342 eosdem
1521 3278 1737 3342 canonicatus
1759 3286 1792 3342 et

428 3381 616 3467 prebendas
631 3382 664 3444 in
682 3382 836 3445 manibus
852 3381 883 3445 S.
901 3379 940 3444 V.
957 3381 1060 3444 libere
1084 3380 1272 3463 resignare;
1298 3401 1393 3465 supp.
1418 3388 1509 3464 quat.
1534 3381 1791 3465 resignationem

428 3506 523 3549 suam
539 3484 729 3568 hujusmodi
745 3484 891 3568 recipere
908 3483 1101 3566 dignemini,
1118 3493 1152 3547 et
1169 3482 1305 3548 eosdem
1322 3485 1540 3550 canonicatus
1556 3493 1590 3549 et
1606 3485 1793 3570 prebendas

428 3587 481 3652 SS.
499 3586 586 3652 Piati
603 3595 637 3651 et
654 3586 744 3652 Petri
760 3586 891 3664 Jacobo
907 3585 1007 3665 Galli,
1025 3587 1157 3667 clerico,
1175 3587 1292 3672 nepoti
1309 3608 1379 3667 suu,
1397 3588 1547 3653 conferre
1563 3596 1598 3652 et
1619 3588 1792 3673 providere

431 3691 470 3757 de
485 3692 551 3757 illis
567 3715 575 3771 ;
593 3712 671 3757 cum
686 3712 754 3755 non
772 3692 858 3755 obst.
874 3698 908 3753 et
925 3690 1081 3755 clausulis
1097 3691 1281 3776 oportunis.
1297 3731 1339 3738 —
1357 3688 1432 3755 Fiat
1449 3690 1489 3756 R.

471 3795 554 3861 Dat.
566 3795 666 3859 Avin.
683 3815 762 3859 non.
776 3794 904 3878 januar.
921 3800 955 3856 a⁰
969 3800 1010 3872 9⁰.
1028 3794 1103 3873 (20,
1121 3794 1205 3878 331).

479 3932 624 4018 2136.
1463 3964 1560 4027 1351,
1578 3962 1597 4025 7
1607 3942 1750 4023 scitarier.

471 4052 575 4137 Supp.
602 4049 713 4114 Guido
740 4049 782 4112 de
808 4049 1012 4113 Podiovallis
1028 4062 1047 4127 ²,
1061 4056 1154 4131 quat.
1182 4047 1309 4133 [Alano
1337 4048 1469 4129 Kunoci
1495 4047 1539 4111 de
1562 4066 1635 4113 cau.
1653 4057 1687 4113 et
1703 4052 1794 4133 preb.

363 4202 367 4206 -
436 4156 570 4223 ecclesie
587 4155 765 4238 collegiata
782 4154 813 4217 S.
831 4153 1007 4237 Gangerici
1025 4152 1243 4217 Cameracen.
1260 4172 1333 4217 vac.
1349 4172 1408 4236 per
1424 4155 1478 4216 ob.
1496 4152 1585 4217 Petri
1605 4152 1722 4232 Palati,
1739 4153 1793 4236 qui

363 4323 366 4346 ÷
435 4269 522 4326 extra
540 4258 640 4324 Rom.
664 4258 791 4322 curiam
814 4257 902 4321 diem
930 4257 1050 4321 clausit
1075 4266 1274 4336 extremuni,
1290 4256 1473 4339 dignemini
1499 4258 1697 4341 providere3
1725 4277 1791 4320 non

435 4366 515 4430 obst.
532 4361 624 4447 quod
640 4362 778 4446 paroch.
795 4360 877 4425 eccl.
894 4360 925 4424 S.
943 4359 1031 4424 Petri
1048 4359 1090 4423 de
1108 4358 1343 4440 Monsteroli0,
1360 4359 1540 4426 Carnuten.
1564 4360 1661 4440 diue,
1686 4360 1793 4426 nosci-

363 4473 369 4552 ,
432 4472 483 4533 tur
505 4466 669 4532 obtinere.
686 4506 729 4512 —
746 4463 823 4528 Fiat
841 4463 879 4526 R.

363 4557 367 4588 ⁷
474 4571 552 4635 Dat.
568 4570 669 4634 Avin.
689 4588 705 4652 7
725 4569 766 4633 id.
779 4569 907 4653 januar.
924 4575 957 4632 a⁰
974 4574 1016 4647 9⁰.
1034 4569 1110 4651 (20,
1137 4569 1205 4652 38).

363 4790 364 4798 .
463 4762 489 4816 0)
507 4760 610 4811 Erreur.
624 4759 717 4806 villers
729 4758 792 4805 05015
805 4758 838 4806 de
850 4759 941 4806 l'onlre
953 4759 985 4806 de
998 4760 1114 4808 Citeaux.
1127 4788 1159 4796 -
1172 4761 1198 4822 b)
1214 4759 1272 4808 (lul,
1286 4761 1442 4808 Ranausseu.

434 4862 684 4879 *—

468 4935 486 4982 l.
496 4934 560 4982 dean
574 4934 696 4982 Moradas
707 4940 746 4981 est
757 4933 808 4981 0150
819 4950 918 4983 comme
930 4936 1057 4983 05000100
1067 4936 1100 4983 (10
1113 4936 1211 4983 ltennix
1223 4950 1255 4983 en
1270 4937 1330 4981 1335
1343 4935 1436 4991 (Videt,
1450 4949 1473 4981 n.
1486 4937 1550 4991 005),
1560 4950 1657 4982 cornme
1670 4935 1794 4980 chanoine

363 5021 366 5068 ς
433 5000 591 5055 de'l'oumai
611 5022 643 5054 en
663 5006 763 5067 janvier
786 5009 843 5054 1351
871 5008 1017 5069 (Lilluisis
1036 5005 1792 5070 10005010,05010105(1110010,1110000100-

433 5070 512 5128 bonde
522 5082 554 5129 (10
563 5081 676 5128 Tournai
688 5080 728 5127 105
740 5080 841 5128 (1000όο
851 5081 926 5143 apros
937 5098 964 5129 sa
977 5091 1041 5129 mort
1055 5082 1145 5129 51000
1157 5082 1190 5129 (10
1203 5081 1280 5137 ll'ost,
1293 5084 1367 5127 t'utur
1378 5079 1474 5140 dieque
1488 5082 1619 5127 urbanisto
1631 5081 1662 5128 (10
1675 5082 1699 5127 Τ(
1705 5083 1793 5139 mmai,

431 5154 462 5197 et
477 5153 609 5202 coutirmee
629 5169 676 5217 par
695 5155 719 5202 le
739 5169 805 5217 pape
825 5154 848 5202 lo
871 5154 1080 5203 1110001011358
1103 5153 1210 5216 (call,
1224 5159 1243 5201 t.
1265 5155 1302 5212 73,
1324 5167 1366 5215 pp.
1379 5155 1506 5213 372313).
1525 5181 1557 5187 -
1574 5156 1596 5202 2.
1610 5153 1671 5201 lt'oir
1685 5168 1710 5200 n.
1723 5155 1791 5205 1877.

436 5220 584 5276 13132021.
1397 5267 1399 5271 .
