4650 6059
953 776 1040 850 1848.
1063 776 1136 842 1“·2
1157 778 1238 844 abili.
1716 782 1775 848 tou

396 947 445 1012 gr.
457 925 544 993 fecit
559 925 608 992 de
622 929 702 992 ben.
717 925 803 992 eccl.
817 924 862 992 ad
876 925 952 994 coll.
979 924 1099 992 decani
1125 933 1161 991 et
1187 945 1263 1012 cap.
1293 926 1589 1014 Antwerpiensis,..
1615 929 1658 995 de
1682 950 1775 1018 perp.

399 1029 524 1116 capell.
539 1029 576 1096 in
588 1027 744 1116 predicta
758 1029 842 1097 eccl.
857 1049 918 1116 per
925 1029 981 1097 ob.
990 1027 1162 1114 quondam
1177 1027 1197 1107 J
1200 1027 1345 1094 ohannis
1361 1028 1562 1098 Biuocinanr
1576 1051 1685 1113 vac...,
1696 1033 1723 1099 si
1739 1034 1774 1099 in
1899 1079 1902 1084 -

402 1155 442 1200 ee
466 1155 540 1202 non
564 1141 621 1200 est
647 1133 749 1200 alicui
773 1133 828 1219 jus
853 1132 1045 1220 specialiter
1058 1133 1304 1218 acquisitum...
1331 1133 1515 1220 dignemini
1536 1155 1710 1204 renovare.
1731 1178 1777 1190 -

406 1235 481 1306 Fiat
497 1237 541 1304 R
1354 1257 1360 1270 ·

363 1431 364 1438 ,
445 1383 536 1448 474.
553 1377 669 1464 Sign...
685 1375 902 1456 Johanna'de
929 1375 1123 1458 Brabantia,
1149 1376 1319 1445 comitissa
1345 1375 1515 1461 Hanonie,
1533 1378 1718 1448 Hollandie
1740 1390 1775 1448 et

362 1517 368 1580 «ξ
410 1481 567 1549 Zelandie
582 1501 623 1549 ac
638 1480 778 1550 domina
794 1479 908 1563 Frisie,
925 1481 1017 1566 quod
1042 1481 1124 1548 olim
1150 1501 1229 1548 cum
1254 1479 1413 1560 Johanne
1439 1484 1483 1551 de
1505 1482 1671 1568 Cursellis,
1687 1485 1774 1554 diac.

412 1583 628 1653 Cameracen.
654 1585 754 1668 dioc,
770 1605 869 1672 super
897 1583 964 1651 def.
979 1585 1095 1667 natal,
1122 1605 1224 1670 quem
1254 1586 1382 1673 patitur
1405 1586 1449 1654 de
1472 1589 1584 1654 soluto
1606 1597 1642 1656 et
1663 1590 1774 1656 soluta

412 1689 574 1756 nobilibus
588 1689 731 1776 genitus,
747 1689 840 1775 quod
848 1709 890 1757 eo
898 1709 969 1756 non
982 1691 1069 1756 obst.
1078 1696 1193 1777 posset
1202 1688 1246 1755 ad
1258 1710 1376 1757 omnes
1392 1691 1525 1758 ordines
1536 1693 1726 1780 promoveri
1739 1701 1775 1760 et

413 1793 488 1859 eoel.
502 1795 582 1859 ben.
609 1791 772 1874 obtinere,
788 1793 891 1859 etiam
917 1793 944 1860 si
971 1813 1087 1860 cruam
1102 1794 1290 1860 animarum
1306 1794 1457 1877 haberet,
1472 1795 1535 1862 fuit
1560 1803 1648 1863 auct.
1665 1803 1773 1882 apost.

414 1894 650 1983 dispensatum,
667 1898 761 1984 cujus
775 1896 1035 1986 dispensationis
1049 1896 1163 1983 vigore
1189 1894 1233 1963 ad
1256 1896 1457 1966 diaconatus
1480 1898 1632 1966 ordinem
1646 1919 1683 1964 se
1697 1920 1773 1986 pro·

415 2021 546 2067 movere
571 1999 654 2068 fecit
680 2009 716 2067 et
731 2001 766 2067 in
781 2001 900 2088 colleg.
927 2002 1010 2068 eccl.
1026 2001 1284 2088 Antwerpiensi,
1300 1999 1518 2069 Cameracen.
1534 2002 1632 2083 dioc,
1648 2023 1721 2069 can.
1737 2012 1773 2070 et

416 2107 498 2190 preb.
514 2103 630 2170 extitit
641 2094 824 2172 assecutus.
833 2103 919 2171 Cum
934 2114 1049 2172 autem
1071 2105 1182 2173 dictus
1196 2106 1216 2183 J
1219 2105 1372 2172 ohannes
1387 2104 1474 2172 adeo
1488 2105 1532 2172 de
1546 2105 1724 2173 virtutibus
1738 2107 1773 2173 in

417 2209 547 2277 n'rtutoe
561 2207 672 2296 gratia
686 2208 801 2275 divina
817 2208 952 2276 favente
974 2208 1153 2297 profecerit
1168 2210 1260 2295 quod
1274 2210 1375 2298 digne
1389 2219 1536 2277 meretur
1557 2231 1605 2296 gr.
1632 2212 1774 2299 amplio

418 2332 489 2394 rern,
502 2333 599 2402 supp.
615 2312 709 2382 dicta
724 2312 895 2381 comitissa
909 2320 1002 2399 quat.
1026 2333 1105 2380 curn
1126 2313 1246 2380 eodem
1262 2314 1282 2394 J
1285 2316 1420 2382 ohanne
1434 2315 1526 2401 quod
1540 2313 1610 2383 duo
1624 2315 1692 2382 alia
1718 2316 1773 2382 vel

416 2417 502 2503 plura
515 2421 594 2486 ben
607 2418 694 2486 eccl.
708 2417 758 2486 sic
773 2418 871 2486 aliter
886 2417 931 2486 ad
946 2418 1092 2485 invicem
1107 2417 1364 2505 compatientia,
1379 2417 1513 2485 etiamsi
1537 2437 1653 2486 eorum
1668 2439 1773 2485 unum

417 2519 507 2608 dign,
540 2543 629 2610 pers
656 2529 717 2588 aut
746 2521 804 2589 off.
834 2522 958 2590 existat
979 2531 1017 2590 et
1043 2543 1159 2590 curram
1184 2522 1312 2589 habeat
1342 2523 1530 2589 animarum
1559 2528 1596 2588 et
1625 2523 1660 2589 in
1689 2523 1772 2590 eccl.

419 2625 555 2692 cathedr.
580 2625 714 2708 fuerint,
730 2626 757 2692 si
773 2625 835 2693 sibi
859 2626 944 2693 alias
959 2625 1123 2694 canonice
1138 2626 1364 2708 conferantur,
1378 2627 1483 2695 bbere
1496 2627 1645 2715 recipere
1660 2627 1773 2695 acilia

417 2749 474 2796 una
487 2749 565 2797 curn
578 2729 680 2796 dictis
691 2751 768 2798 can.
783 2739 819 2797 et
831 2733 926 2816 preb.
940 2730 1033 2798 licite
1044 2731 1161 2798 valeat
1180 2730 1334 2813 retinere,
1358 2729 1494 2797 defectu
1516 2730 1670 2817 predicto
1693 2752 1772 2798 nec·

417 2852 475 2900 nou
509 2833 684 2920 quibusvis
718 2833 1014 2902 constitutionibus
1048 2842 1180 2922 apost...
1213 2854 1427 2920 nequaquam
1464 2837 1551 2902 obst.
1589 2835 1770 2921 dignemini

416 2936 611 3026 dispensare.
625 2977 671 2992 -
686 2935 765 3004 Fiat
778 2937 823 3005 de
838 2959 906 3006 uno
921 2939 989 3006 alio
1003 2941 1092 3020 ben,
1104 2939 1237 3006 etiarnsi
1252 2958 1368 3006 curam
1391 2939 1518 3004 babeat
1534 2939 1721 3005 animarum
1736 2945 1772 3004 et

416 3041 509 3108 etiam
525 3042 554 3110 si
568 3042 613 3109 sit
627 3061 703 3109 ean.
718 3049 755 3110 et
769 3046 861 3130 preb.
877 3042 912 3108 in
927 3043 1008 3110 eool.
1024 3041 1221 3110 cathedrali.
1238 3041 1279 3108 R.
1483 3067 1486 3073 ·

452 3145 529 3212 Dat.
547 3167 602 3233 ap.
618 3145 870 3212 villamnovam
888 3167 905 3231 5
922 3146 990 3213 kal.
1006 3168 1082 3232 aug.
1098 3156 1131 3213 a⁰
1148 3157 1189 3213 2⁰.
1207 3147 1256 3231 (5,
1278 3148 1380 3232 rgol').

457 3284 573 3366 475.
1469 3316 1564 3380 1345,
1582 3303 1624 3360 1⁰¹
1639 3302 1727 3361 nortl.

449 3400 536 3487 Sign.
554 3399 688 3481 Daniel,
714 3400 816 3485 episc.
832 3398 987 3479 Verden,
1004 3399 1094 3484 quod
1111 3400 1192 3466 olim
1218 3421 1294 3465 curn
1310 3399 1467 3477 Jobanne
1489 3399 1533 3464 de
1557 3399 1732 3485 Carepena
1749 3412 1769 3480 ¹,
1899 3459 1901 3463 .

414 3506 479 3571 cler.
494 3504 674 3569 Colonien.
689 3503 788 3584 dioc,
804 3523 903 3589 super
917 3503 983 3569 def.
999 3505 1103 3569 natal.
1128 3526 1228 3589 quern
1245 3505 1371 3589 patitur
1388 3503 1430 3568 de
1453 3504 1564 3569 soluto
1580 3504 1712 3588 genitus
1736 3511 1770 3568 et

413 3610 521 3690 soluta,
539 3607 632 3693 quod
656 3606 847 3693 hujusmodi
874 3628 942 3672 non
970 3610 1055 3673 obst.
1068 3607 1133 3672 def.
1150 3615 1264 3693 posset
1280 3607 1324 3673 ad
1351 3628 1468 3672 omnes
1489 3606 1621 3672 ordines
1636 3627 1770 3691 promo-

412 3715 504 3779 reri...
522 3713 585 3778 fuit
601 3722 691 3778 auct.
707 3721 816 3797 apost.
831 3711 1070 3797 dispensatum,
1087 3713 1179 3797 cujus
1200 3711 1458 3798 dispensationis
1478 3712 1592 3796 rigore
1608 3712 1641 3774 in
1662 3715 1769 3795 presb.

411 3827 454 3882 est
475 3825 655 3904 promotus
670 3825 706 3882 et
720 3815 764 3881 de
778 3837 853 3882 can.
870 3820 930 3882 sub
947 3838 1022 3903 exp.
1038 3820 1130 3903 preb.
1148 3818 1181 3880 in
1198 3818 1279 3882 eccl.
1296 3817 1327 3881 S.
1345 3816 1435 3881 Petri
1462 3814 1622 3880 Leodien.
1639 3837 1657 3879 a
1681 3814 1770 3880 dom.

410 3918 565 3996 Iohanne
580 3940 638 4005 pp.
653 3917 756 3984 XXII
773 3920 914 4005 gratiam
931 3920 1118 3986 obtinuit...

363 3999 365 4022 ’
446 4024 531 4090 Dat.
546 4044 603 4111 ap.
620 4022 869 4089 Villamnovam
885 4021 953 4089 kal.
970 4043 1044 4107 aug.
1056 4031 1090 4088 α’·
1103 4031 1145 4088 2⁰.
1163 4024 1212 4106 (5,
1235 4024 1336 4107 128l').

452 4161 707 4245 476-477.
1492 4177 1727 4257 1343›2a0ot.

447 4281 553 4366 Supp.
570 4278 769 4365 prepositus,
784 4278 931 4345 decanus
947 4287 982 4343 et
1006 4298 1080 4363 cap.
1108 4279 1191 4344 eccl.
1207 4276 1437 4358 Cameracen,
1454 4286 1546 4361 quat.
1563 4278 1673 4344 eidem
1688 4278 1770 4343 ecel.

406 4384 557 4451 desolate
580 4383 756 4469 presertim
772 4392 909 4469 propter
923 4403 1067 4467 guerras,
1085 4403 1149 4466 que
1161 4402 1267 4468 nuper
1283 4382 1316 4445 in
1334 4381 1397 4445 illis
1412 4381 1562 4466 partibus
1578 4382 1770 4461 extiterunt,

406 4491 488 4556 sicut
504 4488 537 4555 S.
567 4487 605 4553 V.
632 4490 720 4554 bene
747 4488 854 4569 novit,
880 4496 915 4552 et
933 4487 1026 4570 cujus
1042 4485 1178 4570 quidem
1204 4485 1344 4551 ecclesie
1371 4485 1496 4551 fabrice
1523 4486 1670 4551 redditus
1694 4495 1771 4550 sunt

405 4594 490 4660 adeo
516 4602 637 4658 tenues
664 4601 699 4657 et
723 4592 827 4657 exiles
851 4590 943 4675 quod
958 4589 1096 4655 minime
1120 4588 1291 4655 sufficiunt
1318 4589 1361 4655 ad
1390 4590 1616 4655 retentionem
1647 4589 1771 4654 fabrice

404 4698 546 4764 ecclesie
556 4695 816 4784 supradicte,pio
825 4694 962 4781 speciali
975 4703 1009 4759 et
1019 4701 1162 4780 patemo
1175 4681 1562 4778 cornpatientesaffectu,
1572 4693 1634 4777 ipsi
1648 4692 1772 4757 fabrice

405 4811 493 4869 auct.
510 4811 622 4888 apost.
637 4799 819 4884 dignemini
836 4798 1020 4865 concedere
1034 4798 1162 4881 aliquas
1171 4797 1333 4883 speciales
1345 4797 1576 4882 indulgentias,
1588 4795 1771 4862 secundum

404 4907 494 4992 quod
519 4905 631 4971 eidem
660 4904 691 4970 S.
709 4903 748 4970 V.
773 4903 941 4970 videbitur
967 4902 1198 4969 ordinandum.
1226 4943 1269 4951 -
1294 4900 1371 4967 Fiat
1395 4901 1438 4967 de
1466 4923 1533 4968 uno
1549 4922 1638 4966 anno
1654 4908 1689 4965 et
1705 4921 1771 4965 una
1878 4897 1885 4908 ’

404 5009 632 5096 quadragena.
649 5008 690 5074 R.

435 5238 458 5284 l.
471 5230 623 5288 Sanerhml,
637 5229 729 5281 Rheir.
746 5229 813 5290 Uria,
827 5244 851 5279 u.
865 5231 935 5290 1149,
953 5230 1024 5278 rull.
