4650 6059
931 804 1011 875 1144
1042 804 1137 875 roas
1157 805 1244 878 svor.
1659 830 1661 833 Δ
1710 810 1768 880 uo
1868 875 1870 877 ,
1956 829 1963 862 ÷

454 952 566 1039 713.
1456 991 1551 1056 1344,
1567 992 1610 1038 20
1626 974 1725 1039 avril.

446 1068 551 1158 Supp.
568 1067 741 1135 Henricus
763 1066 946 1135 Sudernmn
959 1078 982 1151 ¹,
996 1068 1088 1137 doct.
1103 1070 1413 1156 regumcolonien.
1428 1072 1527 1157 dioc,
1541 1083 1633 1161 quat.
1648 1075 1711 1143 sibi
1725 1067 1779 1144 de

408 1192 480 1239 mn.
494 1180 533 1239 et
544 1174 641 1260 preb.
656 1191 698 1238 ac
722 1170 896 1239 scomma
920 1173 1003 1239 eccl.
1018 1172 1052 1239 S.
1077 1172 1214 1240 Andree
1233 1172 1442 1244 Colonien'...
1456 1176 1638 1264 dignemini
1658 1179 1769 1266 prori-

409 1276 487 1343 dere
499 1298 510 1358 3
523 1278 696 1343 nonobst.
708 1274 800 1362 quod
810 1273 920 1343 dictus
929 1274 1291 1364 Henricussupracan.
1301 1286 1337 1346 et
1345 1281 1437 1366 preb.-
1447 1300 1487 1347 ac
1496 1279 1769 1374 archidiaconatu

363 1434 365 1463 ,
413 1381 626 1448 custoeocl.
641 1378 838 1446 Leodiensis
850 1379 1002 1446 noscitur
1015 1379 1157 1467 litigare.
1171 1420 1214 1432 -
1230 1380 1308 1448 Fiat
1323 1382 1364 1449 R.

363 1467 367 1680 (
451 1483 648 1552 nauum.
669 1481 1166 1570 12kn.maiia02⁰.(s,312).
1439 1472 1441 1475 ’

363 1684 364 1688 ¹
458 1619 568 1702 714.
818 1631 821 1636 ’
1217 1643 1221 1648 ’
1457 1650 1553 1722 1344,
1569 1656 1612 1702 ao
1627 1637 1724 1705 avril.

450 1738 552 1826 Supp.
580 1735 744 1805 Nicolaus
769 1736 879 1804 dictus
903 1736 947 1804 de
970 1734 1123 1822 Muchet,
1139 1739 1217 1806 cler.
1233 1737 1405 1821 Leodien.,
1421 1746 1512 1824 quat.
1528 1737 1696 1808 eidem'de
1710 1741 1768 1809 off.

398 1840 583 1960 'scriptoris
607 1861 668 1908 seu
690 1838 876 1907 notariatus
901 1848 1013 1908 vestre
1041 1842 1277 1930 penitentiarie
1307 1841 1489 1929 dignemini
1513 1842 1699 1931 providere.
1725 1884 1769 1897 —

417 1942 653 2115 ΡῗιὲΑνὶιι.
679 2067 717 2113 12
740 2044 808 2115 kal.
829 2046 909 2114 maii
931 2055 966 2115 a⁰
982 2056 1025 2115 2⁰.
1040 2049 1094 2135 (4,
1111 2050 1216 2136 338‘).

456 2184 565 2276 715.
1364 2207 1366 2213 “
1458 2203 1725 2287 1344,13αυν1’1.

450 2302 553 2392 Supp.
580 2301 750 2369 Robertus
771 2300 913 2371 Infantis
927 2309 947 2385 ⁰,
962 2303 1017 2371 lic.
1039 2302 1074 2369 in
1096 2303 1172 2391 leg„
1190 2302 1294 2393 judex
1315 2302 1425 2393 regius
1445 2302 1599 2373 Usetioci
1625 2311 1661 2372 et
1674 2306 1770 2372 Ales·

416 2407 521 2491 tensis,
545 2414 638 2495 quat.
662 2403 725 2474 sibi
735 2405 790 2473 -de
812 2427 887 2500 can.
909 2415 946 2474 et
965 2407 1059 2496 preb.
1075 2408 1158 2476 eccl.
1173 2405 1389 2491 Nivellensis‚
1403 2406 1565 2475 leodien.
1580 2407 1679 2491 dioc,
1693 2393 1768 2477 vac.

416 2532 466 2598 per
490 2513 547 2579 ob.
574 2508 746 2599 quondam
768 2510 859 2578 dom.
881 2505 1078 2580 Albrandini
1099 2511 1143 2580 de
1158 2509 1305 2599 Basquio
1319 2520 1340 2594 ³,
1355 2519 1463 2600 nuper
1476 2519 1571 2579 extra
1585 2510 1685 2579 Rom.
1701 2531 1769 2579 cur.

416 2612 603 2683 decedentis
617 2637 627 2697 ;
652 2632 715 2705 pro
737 2635 780 2681 eo
802 2612 893 2700 quod
907 2613 978 2701 ejus
991 2613 1157 2681 beneficia
1171 2622 1251 2681 ante
1266 2613 1368 2701 ipsius
1382 2617 1437 2682 ob.
1453 2610 1663 2700 dispositioni
1678 2610 1769 2682 dicte

416 2718 493 2787 sedis
513 2726 687 2786 reservata
707 2717 850 2800 fuerunt,
873 2715 1055 2804 dignemini
1084 2716 1283 2804 providere3
1300 2737 1370 2784 non
1385 2716 1472 2784 obst.
1487 2716 1578 2803 quod
1592 2716 1627 2783 in
1640 2715 1770 2786 Toma-

417 2841 481 2890 oen.
494 2823 560 2890 sub
584 2841 662 2910 erp.
687 2823 792 2909 preb.,
807 2829 843 2888 et
858 2820 892 2887 in
907 2820 940 2887 8.
956 2817 1097 2888 Martini
1111 2820 1155 2888 de
1171 2819 1335 2889 Pinconio
1349 2820 1500 2889 ecclesiis
1515 2840 1588 2888 oen.
1603 2829 1640 2888 et
1664 2824 1768 2908 preb„

414 2946 447 2994 ac
460 2926 500 2993 irr
510 2924 709 3016 capellisde
735 2922 912 2991 Montibus
925 2933 961 2991 et
975 2923 1018 2991 de
1034 2924 1196 3011 Erignies,
1210 2923 1411 3008 Ambianen.
1426 2916 1525 3007 dioc',
1539 2944 1633 3012 perp.
1649 2926 1768 3014 capell.

414 3050 436 3097 s.
449 3051 479 3099 c
491 3029 650 3097 noodmr
655 3019 823 3096 obtinere.
837 3068 882 3079 -
896 3025 973 3093 Fiat
989 3026 1030 3094 R.

450 3133 532 3201 Dat.
548 3132 648 3198 Avin.
665 3153 683 3213 9
699 3131 766 3197 kal.
781 3130 860 3196 maii
876 3138 910 3196 a⁰
927 3137 968 3195 2⁰.
986 3131 1038 3215 (4,
1056 3131 1161 3215 306⁰).

458 3270 568 3351 716.
1456 3300 1551 3365 1344,
1569 3302 1609 3365 14
1626 3283 1723 3347 avril.

447 3387 552 3473 Supp.
567 3384 748 3471 Wynnarus
763 3384 805 3450 de
821 3382 972 3469 Gymnik
981 3394 1002 3465 ⁴,
1014 3383 1111 3448 miles
1124 3390 1158 3448 et
1171 3384 1370 3449 camerarius
1385 3384 1587 3451 marchionis
1603 3383 1767 3467 Moravie,

408 3502 497 3576 quat.
528 3490 616 3577 [filio
641 3509 702 3555 suo
725 3487 887 3568 Amoldo,
914 3488 992 3553 cler.
1019 3486 1217 3574 Treveren.]
1246 3487 1344 3566 dioc,
1371 3487 1413 3553 de
1440 3508 1513 3553 can.
1540 3490 1623 3554 eccl.
1651 3488 1689 3555 B.
1718 3488 1767 3556 M.

407 3594 583 3680 Aquensis,
600 3592 760 3659 Leodicn.
783 3591 881 3671 dioc..
907 3590 983 3677 [sub
1007 3611 1082 3675 exp.
1098 3589 1209 3677 preb.]
1232 3590 1414 3675 dignemini
1430 3591 1615 3676 providere.
1632 3633 1675 3642 —
1691 3592 1767 3658 Fiat
1795 3667 1797 3670 .

407 3699 447 3766 R.
461 3739 508 3749 -
524 3697 613 3763 Item
628 3698 700 3763 sine
715 3696 879 3761 examine.
895 3736 938 3745 -
955 3694 1031 3760 Fiat
1047 3694 1087 3760 R.

449 3803 532 3868 Dat.
547 3800 648 3866 Avin.
665 3802 683 3865 8
699 3798 766 3865 kal.
782 3799 861 3864 maii
877 3806 909 3865 a⁰
927 3806 968 3865 2⁰.
985 3799 1038 3885 (4,
1056 3799 1162 3884 306').

457 3939 568 4021 717.
1459 3970 1554 4034 1344,
1571 3970 1611 4032 24
1628 3950 1725 4013 avril.

448 4057 553 4142 Supp.
569 4053 688 4119 Petrus
703 4052 746 4118 de
760 4051 919 4117 Verberia
933 4059 954 4134 ⁵,
970 4052 1056 4138 regis
1080 4051 1221 4118 Francie
1241 4052 1446 4134 secretarius,
1463 4061 1554 4137 quat.
1571 4052 1603 4115 in
1620 4051 1770 4135 quolibet

404 4157 687 4226 monasteriorum
703 4156 735 4221 8.
759 4155 910 4240 Quintini
933 4154 1111 4221 Belvacen.
1128 4163 1163 4220 et
1179 4149 1218 4220 B.
1235 4153 1285 4220 M.
1301 4155 1343 4220 de
1359 4153 1501 4220 Boionia
1517 4175 1557 4220 ac
1573 4154 1604 4219 8.
1621 4154 1769 4239 Riquerii

404 4265 437 4329 in
448 4259 652 4341 Pontivo,O.
665 4259 697 4325 S.
710 4257 759 4339 Β,
772 4258 938 4325 Morinen.
951 4267 986 4324 et
997 4260 1197 4324 Ambianen.
1207 4259 1304 4340 dioc,
1316 4259 1419 4345 recipi
1431 4258 1540 4325 facere
1551 4258 1657 4345 possit
1666 4279 1769 4324 unum

404 4367 577 4434 clericum.
593 4404 637 4413 -
653 4362 730 4429 Fiat
746 4362 786 4428 R.

449 4472 532 4536 Dat.
547 4468 649 4534 Avin.
666 4470 685 4533 8
702 4465 768 4532 kal.
783 4466 863 4532 maii
879 4473 913 4531 a⁰
930 4473 972 4532 2⁰.
989 4467 1041 4552 (4,
1059 4466 1165 4551 307⁰).

457 4605 567 4687 718.
1458 4635 1553 4698 1344,
1570 4636 1610 4698 24
1628 4617 1724 4680 avril.

447 4724 552 4811 Supp.
580 4718 779 4786 Godefridus
804 4717 846 4783 de
870 4716 1011 4798 Baralla,
1027 4717 1223 4783 secretarius
1238 4716 1412 4799 Ludovici,
1428 4716 1561 4783 comitis
1577 4716 1732 4783 Flandrie
1748 4720 1768 4798 ⁶,

436 4951 460 4997 1.
473 4947 555 4995 lieuri
576 4944 717 4993 Snderrnsn
737 4941 769 4991 de
791 4942 943 5001 Dortmund
962 4942 1095 4991 secrdtuire
1114 4941 1244 4991 del'srclr.
1264 4942 1389 4991 Waltrum
1400 4942 1433 4991 de
1453 4941 1570 5003 Oologne,
1591 4939 1769 4989 intonando

404 5020 483 5082 laege
502 5017 667 5081 (fisnerlsnd,
680 5032 705 5066 n.
717 5017 780 5064 2347
793 5032 799 5072 ς
812 5015 895 5074 Vidnl,
917 5031 942 5065 n,
959 5017 1043 5076 5606),
1056 5021 1083 5064 et
1099 5015 1257 5064 archidiocre
1267 5016 1300 5065 de
1312 5016 1442 5064 Famenue
1454 5031 1460 5074 ;
1471 5015 1506 5065 ci.
1516 5015 1549 5063 de
1560 5014 1656 5072 Theux,
1671 5014 1705 5072 ΙΙ,
1718 5015 1768 5072 93;

403 5094 509 5150 Kirsch.
530 5091 606 5149 Kale.
628 5093 682 5149 352,
704 5092 758 5148 353,
781 5090 837 5137 420.
848 5117 880 5124 -
896 5091 919 5137 2.
933 5089 1032 5146 Kirsch,
1045 5088 1120 5148 Koll.
1133 5092 1163 5137 27
1166 5092 1181 5137 2
1193 5105 1199 5147 ς
1211 5091 1267 5137 voir
1277 5104 1303 5138 n.
1315 5090 1354 5137 46.
1365 5117 1398 5124 -
1409 5090 1432 5138 3.
1443 5088 1506 5137 Voir
1517 5102 1543 5137 n.
1554 5088 1610 5136 696.
1622 5115 1653 5122 -
1665 5088 1687 5135 4.
1701 5087 1768 5137 Mon.

408 5169 464 5215 (αἱ.
482 5166 557 5225 Bor.
577 5165 597 5223 Ι,
615 5179 641 5213 n.
658 5166 713 5213 342.
726 5191 758 5198 -
777 5167 800 5211 6.
812 5162 875 5210 Voir
885 5165 1021 5211 11692.-
1040 5164 1063 5213 6.
1084 5163 1236 5221 Huutcoenr‚
1251 5161 1370 5220 Dorum,
1388 5164 1453 5221 2523
1477 5160 1632 5220 01114414.,ΙΙ,
1647 5162 1699 5219 766,
1713 5163 1767 5220 767,

403 5241 523 5290 rrum.
