4650 6059
498 799 516 861 2
1048 792 1135 867 1342,
1159 793 1193 858 21
1217 794 1285 858 mai.

490 966 550 1031 per
561 928 805 1010 assecutionem
818 942 987 1029 prebende
1001 942 1331 1026 Ebroiceusis,quan1
1343 942 1446 1009 habet
1457 947 1657 1012 auctoritate
1669 949 1853 1033 apostolica

490 1049 647 1133 magister
662 1048 860 1113 Guillehnus
875 1048 917 1113 de
935 1046 1096 1112 Meduno.
1113 1088 1155 1097 —
1173 1046 1248 1112 Fiat
1264 1046 1306 1111 de
1323 1050 1523 1116 canonicatu
1539 1053 1599 1116 sub
1618 1053 1853 1137 expectatione

491 1156 659 1239 prebende
681 1156 716 1219 in
733 1154 873 1219 ecclesia
890 1152 1113 1218 Laudunensi.
1127 1153 1168 1219 R.

439 1348 442 1356 1
535 1260 662 1324 Datum
686 1266 722 1323 ut
746 1278 853 1343 supra.
879 1256 921 1339 (l,
940 1264 1000 1340 al).

535 1403 568 1463 5.
583 1395 669 1460 Item
686 1395 850 1480 supplicat
868 1394 1003 1478 Egidius
1013 1393 1150 1478 Vaguel,
1160 1394 1322 1479 presbiter
1333 1394 1534 1476 Parisiensis,
1545 1394 1686 1460 servitor
1701 1395 1855 1480 capelle²

490 1508 610 1579 vestre,
626 1498 782 1582 quatinus
797 1498 857 1563 sibi
874 1497 916 1562 de
932 1498 1133 1563 canonicatu
1149 1506 1184 1561 et
1197 1498 1365 1584 prebenda
1381 1499 1522 1564 ecclesie
1535 1498 1647 1564 Sancti
1659 1498 1855 1579 Audomari,

494 1601 696 1666 Morinensis
711 1601 861 1680 diocesis,
885 1601 1082 1665 vacantibus
1097 1601 1131 1664 in
1147 1601 1237 1666 curia
1253 1622 1312 1687 per
1328 1602 1457 1667 obitum
1473 1601 1600 1667 domini
1625 1599 1856 1686 Neapoleonis

491 1705 660 1789 quondam
687 1704 870 1783 cardinalis,
904 1724 974 1767 non
1012 1706 1168 1769 obstante
1191 1705 1281 1788 quod
1304 1705 1471 1789 quandam
1495 1704 1713 1791 capellaniam
1738 1725 1856 1790 perpe-

490 1820 582 1875 tuam
605 1809 640 1873 in
663 1808 803 1874 ecclesia
816 1808 1023 1872 hlorinensi¹
1040 1809 1188 1873 noscitur
1210 1809 1372 1889 obtinere,
1388 1808 1570 1893 dignemini
1591 1807 1777 1894 providere.
1794 1807 1856 1874 Vel

490 1914 532 1978 de
555 1913 757 1978 canonicatu
780 1914 840 1976 sub
856 1912 1091 1997 expectatione
1107 1912 1276 1997 prebende
1292 1913 1326 1975 in
1342 1913 1483 1978 ecclesia
1500 1911 1697 1990 Morinensi,
1713 1920 1751 1977 et
1766 1912 1857 1997 quod

490 2016 640 2094 dimittat
667 2014 889 2099 capellaniam
923 2035 1024 2097 quam
1058 2015 1103 2080 ibi
1131 2013 1237 2094 tenet,
1265 2036 1341 2080 cum
1367 2016 1556 2101 hujusmodi
1583 2015 1727 2099 gratiam
1758 2015 1858 2081 fuerit

491 2125 671 2183 assecutus.
684 2116 817 2181 -Fiat
841 2116 881 2181 R.

536 2222 662 2285 Datum
685 2222 737 2302 [ut
753 2220 876 2304 supral.
895 2217 938 2303 (I,
956 2220 1001 2302 3').

535 2364 566 2423 6.
587 2357 673 2421 Item
698 2356 861 2442 supplicat
884 2355 1057 2421 Colinetus
1078 2354 1229 2435 Martini,
1254 2357 1391 2423 clericus
1415 2359 1544 2444 capelle
1560 2367 1679 2438 vestre,
1698 2361 1856 2443 quatinus

491 2461 551 2525 sibi
564 2459 739 2545 providere
751 2459 933 2543 dignemini
945 2459 987 2523 de
1000 2460 1200 2525 canonicatu
1212 2460 1352 2525 ecclesie
1364 2461 1478 2526 Sancti
1492 2461 1646 2547 Dyonisii
1660 2461 1855 2530 Leodiensis

492 2567 552 2628 sub
567 2563 802 2648 expectatione
818 2562 997 2647 prebende,
1013 2570 1078 2628 etc.
1091 2601 1132 2613 —
1150 2561 1226 2627 Fiat
1243 2561 1283 2628 R.

536 2667 664 2731 Datum
676 2675 713 2732 ut
729 2687 837 2753 supra.

534 2813 568 2871 7.
586 2806 673 2870 Item
696 2805 868 2883 Johannes
885 2803 1022 2883 Martini
1035 2818 1054 2885 ²,
1067 2805 1168 2870 frater
1183 2806 1407 2891 prenominati
1424 2805 1568 2872 Colineti
1587 2805 1737 2888 Martini,
1753 2810 1853 2873 ambo

492 2909 667 2975 Remensis
700 2910 851 2989 diocesis,
878 2909 920 2973 de
947 2908 1147 2974 canonicatu
1174 2918 1208 2973 et
1234 2910 1404 2994 prebenda
1437 2910 1577 2975 ecclesie
1604 2908 1710 2976 Beate
1746 2909 1852 2976 Marie

491 3013 714 3080 Cennaccnsis
724 3015 745 3094 ¹³,
763 3013 957 3079 Leodiensis
973 3013 1124 3093 diocesis,
1142 3013 1339 3079 vacantibus
1350 3034 1409 3100 per
1425 3015 1711 3081 consecrationem
1725 3015 1851 3081 domiui

492 3118 631 3184 Henrici
648 3120 837 3204 patriarche
854 3118 1224 3203 Constantinopolitani
1236 3127 1257 3184 ³.
1274 3157 1310 3169 -
1332 3118 1410 3184 Fiat
1427 3118 1467 3185 R.

534 3222 662 3287 Datum
674 3231 711 3287 ut
727 3242 836 3306 supra.

533 3368 566 3425 8.
586 3359 673 3423 Item
700 3360 865 3444 supplicat
892 3358 1018 3443 Symon
1039 3357 1191 3425 Mauricii
1209 3360 1401 3425 Parisiensis
1416 3361 1572 3443 quatinus
1588 3361 1648 3426 sibi
1675 3360 1851 3447 providere

488 3463 669 3546 dignemini
697 3462 739 3527 de
766 3462 953 3548 capellania
984 3471 1157 3548 perpetua,
1180 3485 1279 3547 quam
1309 3464 1499 3530 Alexander
1524 3463 1621 3530 Fabri
1648 3465 1682 3529 in
1710 3465 1851 3531 ecclesia

488 3565 601 3630 Sancti
619 3566 709 3630 Petri
732 3565 774 3630 de
798 3564 920 3644 Insula,
936 3564 1160 3632 'l'ornacensis
1188 3568 1340 3647 diocesis,
1357 3568 1508 3633 obtinere
1536 3569 1675 3648 solebat,
1704 3577 1851 3634 vacante

487 3667 521 3731 in
545 3669 635 3734 curia
651 3689 712 3753 pro
728 3690 770 3733 eo
785 3668 863 3752 qnia
887 3668 974 3732 idem
995 3669 1186 3734 Alexander
1210 3671 1447 3736 canonicatum
1472 3680 1507 3736 et
1529 3671 1736 3755 prebendam
1760 3671 1850 3737 dicte

487 3772 626 3837 ecclesie
638 3772 680 3837 de
699 3771 811 3837 Insula
828 3771 940 3836 extitit
956 3781 1136 3838 assecutus.
1149 3814 1193 3825 -
1210 3773 1287 3839 Fiat
1305 3774 1344 3840 R.

531 3876 658 3940 Datum
674 3884 711 3941 ut
727 3896 835 3961 supra.
861 3874 903 3959 (I,
918 3884 963 3959 3).

537 4013 583 4094 9.
1553 4046 1649 4111 1342,
1669 4047 1709 4091 21
1728 4028 1805 4093 moi.

531 4131 744 4195 Sanctissime
754 4138 860 4216 pater.
872 4129 1001 4195 Intuitu
1011 4131 1147 4216 pietatis
1156 4132 1289 4217 placeat
1300 4132 1460 4197 memorie
1470 4131 1692 4213 S(anctitatis)
1702 4130 1724 4192 l¹
1734 4132 1851 4213 (estre)

486 4233 643 4298 reducere
666 4233 832 4317 quendam
857 4233 1105 4318 pauperrimum
1132 4234 1289 4299 clericum
1313 4235 1369 4300 hic
1392 4235 1613 4320 personaliter
1635 4233 1849 4314 existentem,

486 4337 540 4420 qui
559 4345 699 4402 vocatur
714 4336 938 4400 Wennondus
954 4336 995 4400 de
1013 4336 1125 4417 Porta,
1141 4337 1184 4403 de
1201 4337 1388 4418 Noriomo,
1408 4339 1464 4422 qui
1488 4347 1639 4423 tempore
1663 4357 1731 4419 quo
1748 4337 1850 4402 eratis

486 4439 769 4523 Rothomagensis
793 4438 1062 4525 archiepiscopus
1077 4453 1097 4521 ⁴,
1113 4442 1266 4526 precibus
1290 4443 1407 4508 vestris
1430 4442 1575 4508 obtinuit
1608 4440 1849 4507 canonicatum

484 4543 733 4609 l'ornacensem
750 4551 784 4607 et
801 4543 1036 4608 canonicatum
1053 4544 1328 4629 Claud(iensem),
1344 4545 1550 4632 prebendam
1582 4564 1663 4609 vero
1692 4564 1765 4608 non
1788 4543 1850 4608 suit

484 4647 634 4732 adeptus,
651 4647 745 4731 cujus
761 4647 895 4730 quidem
918 4649 1026 4713 bullas
1049 4670 1153 4734 penes
1168 4672 1229 4715 ros
1257 4652 1395 4717 habetis.
1420 4652 1532 4735 Quare
1549 4648 1716 4734 supplicat
1739 4648 1850 4714 dictus

482 4749 706 4814 Wemrondus
731 4761 841 4815 vester
868 4753 1001 4817 humilis
1025 4763 1059 4818 et
1082 4753 1224 4820 devotus
1248 4756 1405 4839 quatinus
1421 4756 1529 4820 eidem
1545 4754 1587 4819 de
1610 4759 1722 4818 restra
1738 4754 1848 4837 gratia

513 4920 541 4980 a)
558 4919 614 4968 L'od.
628 4921 772 4982 thpcllauc.
785 4950 816 4956 —
829 4923 856 4983 b)
872 4923 929 4973 (hd.
943 4924 1109 4973 Ccmotcusis.

515 5083 535 5129 l.
547 5080 629 5137 Vidul,
647 5095 672 5129 u.
689 5082 761 5129 6791.
778 5108 810 5116 —
830 5085 852 5131 2.
873 5083 972 5142 Klrsch,
994 5083 1069 5143 Koll,
1089 5085 1107 5143 l,
1126 5086 1181 5133 2116.
1194 5113 1226 5121 -
1245 5088 1267 5136 3.
1286 5087 1365 5135 llcrui
1384 5087 1417 5135 de
1433 5087 1488 5145 Ast,
1502 5098 1603 5147 pourru
1620 5084 1644 5131 le
1660 5084 1692 5130 26
1708 5081 1768 5144 juia
1786 5082 1848 5131 1335

479 5153 574 5212 (videl,
588 5168 612 5202 n.
625 5154 684 5211 363)
701 5169 706 5208 ;
727 5154 829 5202 ηοιηιηό
841 5157 987 5217 patriarche
1004 5158 1027 5205 lc
1047 5159 1077 5205 al
1099 5160 1238 5208 novembre
1260 5162 1320 5208 1333
1342 5160 1443 5221 (Ilubel,
1458 5161 1478 5217 l,
1492 5159 1538 5205 214
1555 5174 1560 5206 :
1581 5155 1662 5213 l'idnl
1682 5169 1708 5205 n.
1720 5157 1805 5217 uodo).
1817 5181 1849 5191 -·

480 5227 502 5274 1.
517 5228 601 5276 l’icrrc
618 5228 707 5289 llogcr,
721 5226 779 5290 plus
797 5228 855 5276 tonl
873 5229 990 5279 clunem
1008 5231 1053 5291 vl,
1070 5232 1230 5294 archcrbquc
1247 5233 1279 5281 de
1297 5234 1385 5282 Roucu
1402 5234 1435 5281 de
1455 5233 1517 5280 1330
1534 5233 1548 5280 a
1569 5230 1639 5278 1338.
