4650 6059
886 483 995 555 ·1348.
1019 483 1037 546 8
1060 487 1227 551 novembre
1687 488 1749 552 887

363 616 591 702 monasterio
606 617 804 717 Stabulensi,
821 636 863 703 Ο.
879 637 912 702 S.
930 635 979 718 B,
995 636 1085 702 dicte
1112 637 1210 719 dioc,
1226 638 1329 725 recipi
1345 639 1470 705 saciant
1485 640 1520 704 in
1544 640 1750 705 monachum

383 749 420 805 et
434 740 467 803 in
486 740 658 804 statrem...
675 746 750 820 etc,
767 747 804 805 ut
819 741 853 804 in
870 741 1040 806 forma—
1055 739 1133 806 Fiat
1151 741 1191 807 R.
1226 747 1229 756 '

429 843 517 909 Item
533 863 631 928 supp.
648 849 738 926 quat.
759 843 880 908 eodem
907 843 1010 909 modo
1038 841 1250 909 Leonardum
1275 844 1443 911 Advocati
1471 845 1513 911 de
1541 845 1749 930 Lovegnees,

383 948 549 1012 scolarem
567 944 728 1012 Leodien.
743 945 841 1026 dioc,
857 947 1016 1012 mandare
1042 946 1225 1031 dignemini
1252 948 1353 1034 recipi
1379 949 1417 1013 in
1438 949 1644 1014 monasterio
1660 947 1749 1014 Mal·

385 1050 622 1130 mondariensi,
646 1048 689 1114 Ο.
712 1048 744 1115 S.
760 1048 810 1130 B,
827 1048 1002 1116 Colonien.
1018 1049 1115 1131 dioc,
1140 1058 1216 1131 etc,
1234 1059 1271 1116 ut
1287 1072 1394 1136 supra.
1411 1092 1453 1101 -
1470 1051 1546 1117 Fiat
1558 1051 1598 1117 R.

433 1195 537 1254 1447.
556 1186 645 1252 Item
668 1207 763 1273 supp.
779 1194 870 1272 quat.
897 1187 1090 1272 Raynardo,
1118 1188 1290 1272 quondam
1319 1188 1459 1254 Henrici
1485 1189 1528 1255 de
1556 1189 1653 1275 Rupe
1668 1189 1748 1267 filio,

388 1292 508 1357 clerico
536 1290 696 1357 Leodien.
720 1290 819 1371 dioc,
835 1291 877 1357 de
893 1310 986 1377 perp.
1011 1291 1198 1378 capellania
1223 1292 1337 1357 altaris
1361 1291 1399 1357 B.
1428 1289 1478 1358 M.
1502 1292 1557 1358 siti
1581 1293 1615 1356 in
1641 1295 1749 1379 cripta

390 1393 529 1460 ecclesie
544 1390 577 1458 S.
594 1393 683 1458 Petri
701 1392 905 1473 Leodiensis,
925 1413 998 1460 vac.
1014 1394 1049 1457 in
1076 1393 1168 1459 curia
1184 1414 1244 1479 per
1258 1397 1313 1459 ob.
1336 1394 1507 1479 quondam
1524 1394 1690 1460 Florencii
1707 1396 1749 1461 de

394 1495 515 1562 Palude
532 1507 551 1576 ¹,
568 1495 671 1582 ipsius
694 1496 808 1561 altaris
823 1497 1002 1582 capellani,
1018 1496 1074 1581 qui
1096 1496 1132 1560 in
1153 1498 1245 1562 curia
1268 1518 1367 1562 suum
1392 1498 1482 1568 diem
1510 1498 1627 1564 clausit
1643 1508 1750 1564 extre-

393 1621 492 1680 mum,
509 1600 603 1685 cujus
618 1600 743 1664 fructus
765 1609 801 1665 et
826 1599 975 1666 redditus
1000 1600 1151 1665 valorem
1168 1621 1316 1666 annuum
1345 1621 1361 1686 5
1379 1601 1588 1667 marcharum
1611 1602 1750 1685 argenti,

396 1705 575 1771 secundum
590 1704 797 1769 solucionem
813 1704 944 1770 decime
959 1725 1027 1769 non
1055 1704 1233 1786 excedunt,
1258 1705 1442 1790 dignemini
1468 1706 1685 1791 providere...
1714 1715 1752 1771 ut

398 1828 499 1895 supra.
514 1848 558 1858 —
575 1807 653 1873 Fiat
670 1807 710 1873 R.
1008 1804 1011 1808 ’

440 1911 525 1978 Item
551 1911 719 1996 supplicat
742 1920 833 1995 quat.
857 1911 899 1976 de
914 1912 1026 1996 gracia
1042 1912 1177 1997 speciali
1193 1911 1376 1997 dignemini
1393 1913 1473 1998 ipsis
1492 1913 1625 1979 clericis
1640 1914 1753 1978 remit-

363 2037 365 2104 }
402 2023 464 2081 tere
475 2036 629 2081 examen.
645 2013 708 2079 Vel
723 2014 805 2080 illud
820 2015 1034 2081 committere
1048 2015 1092 2080 ad
1107 2024 1229 2101 partes.
1244 2056 1288 2065 —
1305 2014 1381 2081 Fiat
1395 2016 1435 2082 R.
1453 2101 1472 2107 ..

443 2118 516 2184 Dat.
532 2119 633 2183 Avin.
651 2136 669 2202 7
685 2118 729 2185 id.
745 2140 824 2186 nov.
840 2126 874 2184 a⁰
891 2127 934 2203 7⁰.
944 2120 1022 2203 (15,
1040 2121 1130 2204 304).

452 2257 594 2339 1448.
1200 2307 1202 2311 >
1300 2306 1304 2311 Δ
1379 2272 1475 2355 1548,
1492 2273 1713 2338 8novembre.

446 2374 541 2441 Motu
557 2376 694 2461 proprio
708 2394 915 2440 reservamus
926 2394 1000 2439 can.
1016 2381 1051 2438 et
1066 2377 1158 2460 preb.
1175 2375 1316 2440 ecclesie
1332 2375 1363 2439 S.
1381 2374 1470 2439 Petri
1486 2375 1529 2440 de
1545 2376 1634 2456 Aria,
1654 2375 1758 2441 Mori-

409 2496 474 2545 nen.
503 2480 603 2560 dioc,
629 2478 849 2545 conferendos
874 2475 1060 2543 Laurencio
1086 2477 1128 2543 de
1159 2478 1390 2558 Abbatisvilla,
1421 2479 1599 2563 capellano
1626 2481 1756 2564 capelle

410 2593 520 2663 nostre,
526 2603 605 2648 cum
617 2602 676 2668 per
689 2581 937 2647 assecucionem
947 2580 1123 2665 pacificam
1134 2601 1208 2645 can.
1225 2588 1259 2645 et
1271 2583 1362 2666 preb.
1375 2581 1516 2646 ecclesie
1530 2572 1757 2660 Massiliensis

409 2684 575 2774 dequibus
590 2685 805 2771 providemus
820 2682 967 2749 Alodino
981 2682 1008 2747 F
1010 2683 1109 2767 alqui,
1126 2682 1182 2766 qui
1210 2703 1282 2748 can.
1299 2690 1334 2747 et
1348 2686 1440 2769 preb.
1467 2682 1657 2769 hujusmodi
1673 2685 1757 2750 obti-

408 2800 466 2870 net,
481 2790 537 2855 vel
553 2790 637 2855 alias
652 2797 864 2875 preterquam
879 2807 939 2873 per
954 2787 1055 2872 ipsius
1079 2786 1216 2852 Alodini
1238 2786 1367 2851 obitum
1392 2788 1596 2853 vacaverint.
1624 2828 1667 2838 -
1684 2787 1758 2854 Fiat

412 2904 493 2959 motu
508 2893 646 2979 proprio
662 2893 703 2959 R.
1609 2876 1613 2884 ⁸

446 2996 523 3062 Dat.
539 2996 639 3061 Avin.
658 3001 675 3061 6
699 2996 837 3062 iduor.
854 3002 888 3059 a⁰
906 3001 947 3078 7⁰.
961 2996 1031 3079 (16,
1046 2995 1092 3077 2).

363 3125 369 3152 ¹
455 3134 599 3216 1449.
829 3231 831 3235 .
1383 3146 1716 3226 1348,8novembre.

363 3237 364 3254 ³
448 3253 567 3338 Supp...
584 3249 786 3330 Anthonius,
802 3248 1016 3327 miles,natus
1028 3246 1156 3331 Aytoni
1174 3246 1215 3311 de
1229 3247 1330 3310 Auria
1346 3247 1471 3327 militis,
1489 3259 1579 3330 quat.
1596 3251 1759 3333 [Aytono

413 3355 521 3421 clerico
538 3353 706 3419 Morinen.
723 3352 820 3433 dioc,
845 3352 940 3434 nato]
967 3350 1114 3434 magistri
1144 3349 1281 3413 Roberti
1313 3349 1355 3413 de
1372 3349 1403 3413 S.
1421 3350 1521 3414 Petro
1547 3353 1589 3415 de
1617 3351 1758 3417 Bolonia

414 3477 496 3543 supra
511 3479 616 3537 mare,
633 3458 688 3541 qui
715 3456 880 3522 Robertus
900 3455 990 3519 dom.
1016 3453 1183 3539 Philippo,
1210 3453 1277 3535 regi
1305 3452 1454 3533 Francie,
1482 3455 1583 3538 longo
1606 3464 1757 3540 tempore

415 3564 579 3642 semivia...
596 3561 638 3627 de
655 3581 729 3626 can.
746 3563 804 3624 sub
821 3581 896 3644 exp.
913 3560 1026 3643 preb...
1045 3557 1076 3620 in
1095 3558 1177 3622 eccl.
1194 3558 1225 3620 S.
1249 3556 1444 3636 Audomari,
1463 3556 1631 3622 Morinen.
1658 3560 1755 3632 dioc..

415 3683 470 3731 tac.
485 3667 540 3730 vel
558 3673 679 3743 vacat,
696 3662 894 3749 preferendo
910 3684 986 3725 eum
1014 3660 1168 3724 omnibus
1185 3680 1395 3743 quacumque
1423 3670 1512 3725 auct.
1529 3661 1632 3724 etiam
1648 3672 1757 3726 vestra

415 3766 439 3831 in
451 3770 539 3835 dicta
551 3770 634 3834 eccl.
650 3769 838 3853 prebendas
850 3765 1117 3851 expectantibus
1134 3763 1316 3847 dignemini
1334 3763 1574 3849 providere.—
1592 3764 1667 3830 Fiat
1685 3765 1724 3829 R.

448 3872 530 3938 Item
558 3881 649 3956 quat.
680 3872 740 3936 sibi
766 3879 800 3935 et
827 3870 998 3945 Andriole,
1030 3866 1122 3931 uxori
1155 3867 1225 3950 ejus
1252 3875 1286 3930 et
1314 3866 1469 3950 Agnesie,
1489 3868 1582 3932 uxori
1610 3869 1756 3952 magistri

419 3970 538 4041 Roberti
565 3975 715 4060 predicti,
735 3973 819 4060 [ind.
836 3974 868 4036 in
896 3980 956 4036 art.
972 3969 1104 4054 mortis]
1169 4011 1212 4019 -
1229 3969 1303 4033 Fiat
1325 3970 1364 4035 R.

449 4082 523 4149 Dat.
540 4083 641 4147 Asin.
660 4086 677 4143 6
695 4079 737 4144 id.
754 4100 831 4143 nov.
848 4087 880 4141 a⁰
898 4085 939 4159 7⁰.
958 4079 1027 4158 (16,
1047 4086 1092 4157 5).

362 4206 367 4242 Γ
458 4219 601 4302 1450.
1308 4310 1313 4314 ἡ
1385 4228 1717 4309 1348,8uovembrc.

363 4324 372 4332 ’
452 4337 568 4423 Supp...
584 4335 780 4411 Anibaldus,
797 4332 897 4417 episc.
914 4331 1132 4407 Tusculanus,
1149 4337 1238 4412 quat.
1261 4327 1477 4393 Thomasello
1502 4330 1543 4394 de
1567 4330 1723 4396 Ceecano
1738 4337 1760 4404 ²⁸,

427 4434 624 4506 ilioBerardi
650 4439 691 4504 de
715 4436 871 4502 Ceccano
887 4434 909 4516 ¹³,
938 4433 1072 4520 nepotis
1099 4433 1158 4513 sui,
1189 4431 1438 4498 Ferentinaten.
1461 4433 1558 4512 dioc,
1586 4434 1760 4519 providere

451 4627 473 4684 a)
486 4629 522 4677 (ln
533 4630 603 4677 avait
615 4626 722 4676 d'abonl
733 4624 797 4674 ecrit
810 4626 929 4684 Coctano,
942 4623 1019 4685 qu'on
1031 4637 1047 4671 a
1059 4620 1121 4669 brut
1138 4626 1163 4668 et
1181 4621 1229 4668 fnit
1247 4622 1331 4668 suirrc
1348 4620 1383 4668 du
1396 4618 1521 4668 viritablo
1538 4636 1607 4668 nom.
1616 4648 1648 4655 —
1661 4621 1689 4680 b)
1706 4619 1763 4667 (bd.

363 4696 367 4702 '
434 4692 529 4752 Coctano.

370 4841 372 4844 .
437 4824 655 4847 N...-

462 4915 478 4963 l·
492 4919 544 4970 Voir
560 4938 584 4972 n.
604 4924 673 4971 1201.
