4650 6059
425 821 487 885 380
624 903 626 907 .
933 823 1022 897 1348,
1044 824 1116 886 1⁰¹4
1137 824 1267 887 octobre.

425 969 548 1035 laniam
563 970 687 1037 modici
703 971 827 1037 valoris
841 972 876 1035 in
893 970 974 1036 eccl.
991 972 1128 1056 paroch.
1155 972 1199 1037 de
1225 973 1372 1055 Clastris,
1400 975 1488 1042 dioc.
1516 975 1714 1046 Noviomeu.
1735 1017 1761 1030 -

429 1073 504 1139 Fiat
521 1074 561 1140 R.
1778 1077 1780 1082 ’

471 1220 571 1280 1426.
599 1212 687 1278 Item
713 1212 862 1291 Johanni
890 1211 1032 1292 Baillivi,
1061 1213 1182 1279 clerico
1208 1213 1424 1298 Noviomen,
1460 1217 1616 1284 familiari
1643 1241 1706 1302 suo,
1735 1220 1763 1287 de

427 1318 611 1402 capellania
625 1317 667 1381 de
685 1316 917 1401 Huquelieres,
936 1314 1104 1382 Morinen.
1119 1317 1218 1398 dioc.,
1235 1339 1295 1405 per
1310 1321 1365 1386 ob.
1380 1319 1503 1407 prefati
1519 1320 1632 1408 Egidii
1647 1333 1763 1391 vacante

427 1462 470 1469 —
486 1419 563 1485 Fiat
580 1420 620 1486 R.

471 1556 878 1625 1427.1temGuillelm0
900 1558 943 1622 de
966 1557 997 1623 S.
1024 1557 1132 1639 Justo,
1158 1559 1290 1640 clerico,
1317 1558 1436 1645 nepoti
1463 1562 1639 1627 camerarii
1662 1562 1716 1642 sui,
1736 1562 1764 1628 de

426 1684 500 1728 can.
516 1670 551 1727 et
565 1662 726 1748 porcione
742 1662 824 1728 eccl.
842 1662 1019 1746 collegiate
1035 1661 1067 1727 S.
1083 1661 1170 1739 Justi
1183 1661 1390 1747 Lugdunen.,
1401 1663 1512 1747 inqua
1529 1665 1609 1731 licet
1625 1666 1667 1731 sit
1681 1674 1765 1733 certus

426 1766 665 1831 canonicorum
695 1786 862 1846 numerus,
893 1785 962 1831 non
990 1774 1040 1830 est
1071 1774 1186 1830 tamen
1223 1766 1396 1833 distinctio
1430 1769 1687 1855 prebendarum,
1712 1790 1764 1836 rar.

426 1891 485 1955 per
516 1872 570 1935 ob.
594 1869 766 1952 quondam
784 1868 964 1934 Humberti
982 1869 1023 1934 de
1049 1868 1266 1951 Castellione,
1292 1869 1430 1935 sacriste
1456 1877 1491 1934 et
1515 1872 1672 1938 canonici
1699 1870 1765 1938 dicte

426 1973 578 2053 ecclesie,
594 1980 629 2037 et
645 1981 724 2038 ante
739 1972 842 2059 ipsius
857 1975 912 2038 ob.
937 1972 1110 2038 collationi
1135 1981 1245 2058 apost.
1268 1979 1446 2053 reservate,
1470 1973 1658 2059 dignemini
1680 1974 1764 2062 prori-

427 2077 547 2142 dere...
565 2117 609 2125 —
625 2075 703 2141 Fiat
720 2075 761 2142 R.

472 2180 549 2244 Dat.
566 2179 666 2244 Avin.
682 2178 751 2245 kal.
766 2187 833 2245 oct.
850 2186 885 2244 a⁰
901 2186 943 2264 7⁰.
961 2181 1032 2263 (15,
1044 2181 1134 2264 247)-

481 2316 622 2398 1428.
1437 2331 1537 2414 1338,
1552 2337 1596 2396 ι“
1611 2334 1738 2398 octobre.

471 2435 581 2519 Sign...
597 2431 794 2513 Galliardus,
811 2432 842 2498 S.
859 2432 963 2498 Lucie
986 2434 1021 2498 in
1037 2434 1128 2500 silice
1160 2435 1247 2501 diac.
1264 2435 1367 2515 card,
1392 2435 1484 2520 quod
1505 2438 1678 2521 quondam
1699 2454 1764 2519 mag.

428 2539 625 2603 Guillelmus
640 2536 831 2621 Ayrimerii,
848 2537 1042 2623 capellanus
1058 2546 1092 2602 et
1107 2537 1126 2615 J
1130 2541 1255 2604 acobus
1277 2538 1469 2623 Ayrimerii,
1486 2540 1558 2625 ejus
1574 2542 1682 2623 frater,
1697 2537 1766 2606 cleri·

428 2663 496 2722 cuS,
513 2641 690 2706 familiares
706 2646 740 2703 et
756 2640 1002 2705 commensales
1018 2640 1196 2706 cardinalis
1208 2641 1367 2726 ejusdem,
1378 2642 1463 2707 citra
1474 2643 1649 2710 modicum
1659 2653 1766 2729 tempus

429 2752 524 2808 extra
541 2742 639 2808 Rom.
656 2742 784 2808 curiam
799 2743 889 2807 diem
906 2743 1085 2808 clauserint
1101 2752 1322 2810 extremum...
1346 2743 1433 2809 Cum
1449 2753 1599 2813 autern...
1616 2746 1767 2814 canonio·

428 2857 482 2913 tus
498 2856 533 2913 et
548 2847 717 2935 prebende
746 2847 996 2931 collegiatarum
1024 2847 1055 2914 S.
1072 2847 1166 2913 Pauli
1182 2869 1222 2915 ac
1238 2847 1277 2914 B.
1295 2846 1344 2915 M.
1367 2848 1411 2914 de
1439 2847 1557 2936 Hoyo,
1585 2852 1726 2918 civitatis
1743 2853 1767 2912 et

428 2951 515 3018 dioc.
553 2951 724 3033 Leodien,
752 2951 979 3032 ecclesiarum,
1010 2959 1046 3016 et
1078 2953 1217 3038 paroch.
1256 2952 1399 3018 ecclesia
1425 2952 1470 3018 de
1503 2952 1681 3042 Hunreyo,
1706 2954 1768 3021 Leo

430 3056 518 3122 dien.
535 3055 632 3135 dioc.,
649 3075 733 3138 quos
749 3053 947 3120 Guillelmus
963 3055 1132 3140 predictus
1151 3054 1397 3143 [obtinebat]...
1420 3076 1546 3124 vacare
1567 3067 1767 3132 naseuntur..

430 3182 525 3245 supp.
544 3168 635 3243 quat.
653 3159 845 3225 conferendi
861 3160 925 3224 hac
952 3160 1026 3225 vice
1042 3169 1132 3226 auct.
1160 3162 1378 3246 apostolica...
1405 3162 1559 3247 ydoneis,
1577 3184 1662 3247 quos
1686 3162 1780 3236 dictus:

430 3264 605 3329 cardinalis
621 3262 742 3327 adhoc
758 3262 889 3327 duxerit
905 3263 1118 3347 eligendos...
1135 3265 1320 3329 concedere
1337 3265 1520 3350 dignemini
1533 3261 1780 3333 facultatem.-¹

433 3366 509 3431 Fiat
527 3367 588 3431 R...

477 3470 554 3535 Dat.
571 3472 671 3535 Avin.
688 3469 755 3536 kal.
772 3479 839 3536 oct.
855 3479 887 3536 a⁰
905 3479 946 3555 7⁰.
964 3472 977 3554 <
984 3478 1034 3552 15,
1054 3492 1070 3534 2
1076 3472 1143 3554 52).

486 3608 627 3692 1429.
1444 3626 1540 3708 1338,
1559 3631 1602 3688 Ῑ“
1616 3624 1742 3689 octobre.

477 3726 577 3793 Pater
592 3726 657 3790 8⁰¹⁰.
672 3726 727 3791 Ad
743 3727 872 3811 suppl...
888 3726 1130 3791 Alrlebraudini
1151 3725 1193 3790 de
1220 3724 1345 3790 Baslrio
1362 3736 1380 3803 ¹,
1406 3726 1562 3792 canonici
1588 3730 1771 3796 Atrebaten,

432 3831 474 3895 de
491 3852 583 3916 perp.
600 3830 788 3915 capellania
805 3830 838 3893 in
855 3831 937 3895 eccl.
954 3829 985 3894 S.
1002 3829 1117 3894 Amati
1135 3828 1331 3909 DuacensiS,
1342 3830 1651 3913 Atrebatendioc,
1667 3849 1721 3916 per
1733 3827 1771 3890 ob.

431 3934 597 4012 Jolrannis
627 3934 670 3998 de
697 3933 871 4012 Carenchi,
897 3932 1065 3997 familiaris
1092 3933 1152 4013 sui,
1180 3939 1336 4012 vacante,
1364 3931 1575 3998 Lamberto²
1602 3932 1772 4019 presbitero,

431 4041 607 4124 capellano
623 4060 692 4118 suo,
709 4036 910 4123 providistis,
928 4037 982 4120 qui
999 4046 1136 4121 propter
1152 4036 1242 4101 dicte
1259 4035 1447 4121 capellanie
1469 4037 1672 4102 tenuitatem
1686 4029 1773 4100 reddi·

431 4152 524 4205 tuum
541 4142 684 4224 gratiam
695 4141 801 4225 ipsam
815 4149 990 4225 acceptare
1002 4160 1070 4205 non
1088 4160 1216 4219 curam,
1239 4138 1377 4204 tandem
1394 4138 1484 4225 apud
1500 4140 1657 4206 eamdem
1680 4136 1773 4204 sedern

432 4266 536 4328 nuper
551 4244 705 4323 decessit,
722 4264 823 4326 quare
839 4263 934 4329 supp.
952 4253 1074 4327 quat...
1091 4241 1110 4319 J
1114 4243 1239 4308 ohanni
1263 4242 1304 4308 de
1329 4242 1474 4321 Sauzoit‚
1498 4242 1623 4309 clerico
1638 4242 1772 4309 Camera-

432 4369 515 4426 cen,
534 4348 685 4412 familiari
702 4367 772 4426 suo,
789 4346 937 4412 dedicta
955 4347 1140 4432 capellania
1155 4347 1337 4431 dignemini
1354 4346 1543 4432 providere.
1557 4387 1602 4396 -
1619 4346 1693 4412 Fiat
1707 4344 1740 4410 R

478 4451 557 4515 Dat.
573 4451 672 4514 Avin.
689 4449 756 4514 kal.
773 4460 839 4515 oct.
857 4459 890 4515 a⁰
911 4459 952 4534 7⁰.
970 4455 1039 4533 (15,
1059 4471 1096 4534 25
1102 4457 1147 4534 3).

484 4611 774 4697 1430·l431.
1464 4628 1559 4710 1348,
1577 4650 1597 4710 ,r
1614 4628 1740 4692 octobre.

476 4730 530 4795 De
541 4730 850 4817 permutatr'onibrm.

476 4886 559 4900 ........
577 4834 662 4898 Cum
690 4854 827 4918 nuper...
860 4831 1050 4897 Ludoricus
1075 4831 1189 4913 Isardi,
1217 4832 1249 4896 in
1276 4831 1321 4898 U.
1337 4831 1368 4910 J.
1384 4832 1448 4913 lic,
1467 4832 1572 4898 Rei-'¹³¹
1600 4834 1633 4898 in
1661 4829 1770 4897 Christo

431 4941 535 5026 patris
552 4949 585 5004 et
602 4939 729 5005 domini
746 4938 924 5004 cardinalis
948 4938 1158 5003 Bolouiensis
1173 4948 1184 4981 ³
1200 4938 1411 5017 camerarius,
1436 4957 1511 5003 can.
1529 4946 1564 5003 et
1580 4940 1670 5024 preb.
1685 4932 1767 5000 eccle·

438 5099 695 5108 ——-..-

464 5185 485 5228 l.
499 5181 559 5228 l'oir·
571 5195 596 5228 n.
611 5183 679 5232 1296.
695 5182 765 5227 1327.
777 5206 809 5213 —
829 5182 851 5227 2.
865 5179 986 5227 Larnbcrt
1002 5180 1096 5228 l'iseric
1118 5178 1194 5240 (ila).
1207 5206 1238 5213 —
1259 5180 1281 5227 3.
1294 5179 1352 5242 Guy
1365 5179 1397 5228 cle
1410 5178 1550 5241 Boulogne,
1569 5180 1639 5230 card.
1650 5179 1680 5228 de
1690 5174 1772 5224 Salui&

431 5254 522 5301 Cecile.
