4650 6059
480 759 540 823 608
1013 760 1098 831 1352,
1123 759 1157 823 15
1176 760 1302 840 J'anvier.

480 908 576 986 dere;
594 928 670 973 curn
682 907 774 974 dicto
786 908 806 986 J
809 910 943 974 ohanne
960 908 1192 995 dispensantes
1203 919 1240 975 ut
1253 910 1382 976 dictum
1393 910 1612 990 decanatum,
1627 931 1695 994 qne
1707 909 1825 994 dignita

480 1033 504 1076 s.
522 1033 549 1077 c.
566 1013 689 1093 existit,
706 1034 772 1078 una
796 1034 872 1078 cunr
895 1014 1041 1097 quadarn
1057 1021 1173 1079 curata
1188 1014 1329 1079 ecclesia
1346 1036 1447 1099 quarn
1464 1015 1607 1095 obtinet,
1627 1015 1723 1080 licite
1739 1016 1824 1079 valeat

480 1116 632 1196 retinere,
648 1117 812 1201 generalis
835 1117 977 1198 concilii,
995 1128 1070 1198 etc,
1087 1117 1189 1182 etiam
1206 1118 1231 1183 si
1249 1118 1371 1183 fuerint
1387 1118 1559 1199 reservati,
1577 1126 1646 1184 etc.
1664 1160 1709 1168 —
1725 1117 1823 1185 Fiatir

481 1219 587 1284 fornia
605 1219 644 1285 R.
1869 1222 1872 1226 ’

524 1324 602 1389 Dat.
619 1325 717 1391 Acin.
736 1328 771 1391 18
788 1324 853 1392 kal.
870 1326 949 1392 febr.
966 1334 998 1392 a⁰
1019 1335 1079 1392 10⁰.
1097 1328 1169 1410 (21,
1186 1325 1223 1391 P.
1241 1326 1286 1408 II,
1305 1338 1385 1412 3²*‘)·

531 1464 844 1549 2347-2349.
1488 1494 1584 1562 135²,
1603 1498 1648 1561 15
1657 1477 1796 1562 jcrnvnr.

522 1578 667 1645 Rotulus
683 1583 971 1668 corfirmalionum
988 1582 1185 1647 alectoritate
1200 1587 1300 1668 apost.

522 1683 622 1749 Pater
638 1685 703 1751 Sm‘.
720 1682 955 1769 Dignemini...
975 1686 1215 1751 confirmare...
1870 1760 1872 1764 .

525 1787 637 1854 Primo
663 1790 933 1876 acceptationem
949 1797 984 1854 et
1006 1788 1232 1876 provisionem
1254 1788 1360 1855 factas
1376 1808 1435 1875 per
1458 1785 1657 1866 Johannem
1673 1799 1786 1858 natum
1798 1788 1825 1857 de
1870 1794 1872 1871 J

481 1890 608 1976 Neysel
636 1893 678 1958 de
702 1892 906 1960 Buscoducis
924 1905 942 1974 ¹,
967 1892 1186 1979 presbiterum
1213 1892 1383 1973 leodien,
1400 1889 1442 1958 de
1466 1892 1603 1979 paroch.
1631 1896 1780 1961 ecclesiis
1798 1893 1826 1960 de
1870 1898 1872 1978 j

481 1995 636 2061 Waderle
664 2005 697 2061 et
724 1996 920 2062 deWedert
944 1994 1156 2064 adinvicem
1183 1991 1450 2081 dependentibus
1477 2015 1535 2062 seu
1560 1996 1676 2078 unitis,
1700 1995 1827 2085 ejusden

482 2098 642 2166 Leodien.
659 2100 746 2167 dioc.

527 2202 613 2268 Item
641 2203 942 2290 acceptationem...
969 2204 1093 2270 factam
1109 2226 1169 2290 per
1186 2204 1378 2270 Emundum
1394 2204 1435 2270 de
1452 2204 1628 2289 Ghemert,
1646 2207 1755 2275 filium
1768 2227 1830 2274 con-

483 2310 560 2374 dam
589 2309 754 2386 Johannis
781 2309 868 2394 Elye
894 2309 936 2375 de
961 2307 1175 2389 Buscoducis,
1203 2307 1363 2374 Leodien.
1386 2308 1483 2389 dioc,
1511 2308 1553 2375 de
1584 2330 1665 2377 can.
1695 2321 1732 2379 et
1757 2314 1831 2398 preb.

483 2414 622 2479 ecclesie
647 2412 685 2479 B.
703 2412 751 2479 M.
767 2414 944 2499 Aquensis,
974 2411 1168 2499 [Leodien.]
1185 2412 1283 2493 dioc,
1300 2433 1372 2478 vac.
1388 2432 1448 2499 per
1463 2421 1609 2479 mortem
1626 2412 1647 2492 J
1651 2415 1792 2481 ohannis
1801 2413 1831 2480 de

483 2516 709 2602 Rodenburgh
721 2528 741 2582 ².

526 2662 634 2724 2348.
653 2655 739 2722 Item
756 2658 1029 2743 acceptationem
1044 2657 1169 2723 factam
1185 2674 1245 2742 per
1260 2655 1279 2733 J
1282 2657 1452 2722 ohannem
1468 2658 1598 2723 dictum
1615 2656 1787 2726 Hanacon
1801 2657 1832 2724 de

480 2759 500 2839 J
504 2762 638 2847 uprelle,
654 2759 696 2827 de
712 2782 785 2828 can.
802 2771 836 2827 et
852 2764 943 2848 preb.
959 2761 1100 2827 ecclesie
1116 2760 1155 2826 B.
1173 2759 1222 2826 M.
1240 2760 1440 2847 Dyonensis,
1468 2759 1630 2829 Leodien.
1658 2763 1758 2845 dioc,
1772 2783 1832 2829 rac.

480 2887 540 2951 per
555 2869 608 2931 ob.
625 2866 643 2944 J
647 2866 743 2932 acobi
760 2866 839 2932 dicti
857 2867 1001 2932 Strabor.

524 2969 611 3035 Item
638 2971 907 3057 acceptationem
932 2970 1057 3036 factam
1083 2990 1143 3057 per
1170 2969 1362 3057 Philippum
1378 2968 1419 3036 de
1436 2966 1662 3054 Borgnevaul,
1686 2972 1832 3037 clericum

481 3071 640 3138 Leodien.
656 3073 754 3154 dioc,
771 3073 813 3138 de
830 3094 903 3139 can.
921 3085 955 3139 et
971 3078 1062 3160 preb.
1079 3074 1218 3140 ecclesie
1236 3073 1273 3138 B.
1292 3072 1340 3139 M.
1357 3072 1611 3158 Antverpiensis
1627 3084 1649 3139 ³.

526 3178 611 3243 Itern
639 3178 908 3263 acceptationem
934 3179 1058 3243 factam
1086 3200 1145 3265 per
1168 3180 1351 3263 Syrnonem
1367 3178 1410 3242 de
1427 3176 1562 3256 Castris,
1579 3178 1743 3243 clericum
1760 3178 1830 3243 Leo

480 3281 566 3348 dien.
583 3282 681 3361 dioc,
705 3299 793 3365 mag.
810 3283 843 3345 in
860 3293 932 3363 art,
950 3283 1080 3348 decan.
1097 3292 1131 3347 et
1147 3286 1238 3369 preb.
1262 3282 1466 3368 presbiterali
1484 3280 1522 3346 B.
1540 3281 1631 3346 Petri
1656 3281 1831 3348 Lovanien·

480 3386 533 3464 sis,
549 3385 638 3449 dicte
655 3384 752 3467 dioc,
770 3407 842 3451 vac.
856 3407 914 3472 per·
929 3398 1072 3453 mortem
1091 3387 1229 3453 Henrici
1246 3388 1288 3451 de
1305 3386 1518 3466 Watermale,
1531 3386 1586 3469 qui
1603 3396 1702 3453 extra
1719 3388 1831 3454 curiam

480 3487 634 3554 decessit.

525 3591 612 3657 Item
627 3594 896 3679 acceptationem
920 3596 1042 3661 iactam
1066 3616 1124 3681 per
1147 3595 1314 3673 Jacobunr
1331 3595 1463 3681 Copkin
1480 3595 1522 3660 de
1538 3598 1679 3681 paroch.
1703 3596 1831 3663 ecclesia

481 3695 522 3761 de
541 3696 710 3778 Merwele,
728 3698 888 3764 Leodien.
905 3699 990 3766 dioc.
1007 3701 1077 3782 (21,
1095 3700 1131 3764 P.
1149 3699 1194 3778 ll,
1213 3702 1269 3783 38¹)

524 3840 632 3903 2349.
644 3836 731 3901 ltern
748 3838 1015 3922 acceptationem
1034 3838 1155 3902 factam
1173 3858 1232 3923 per
1247 3836 1438 3913 Johannem
1456 3837 1605 3923 Copinee
1618 3838 1662 3903 de
1681 3838 1832 3924 HarineS,

481 3942 636 4004 clericum
660 3941 890 4016 Leodiensenr,
916 3943 957 4006 de
984 3942 1120 4026 paroch.
1145 3943 1225 4006 eccl.
1254 3942 1296 4006 de
1321 3941 1499 4020 Konrehes,
1527 3942 1617 4007 dicte
1646 3942 1745 4018 dioc..
1772 3962 1831 4007 non

480 4048 564 4109 obst.
578 4045 711 4111 delectu
727 4047 826 4112 etatis
842 4069 940 4131 quem
958 4048 1083 4131 patitur
1098 4048 1130 4111 in
1150 4062 1208 4131 240
1224 4068 1312 4111 anno
1329 4047 1540 4111 constitutus.
1555 4050 1627 4129 (21,
1646 4046 1683 4111 P.
1702 4046 1749 4121 ΙΙ,
1762 4049 1832 4131 311).

524 4149 611 4214 ltem
628 4154 898 4236 acceptationem
926 4152 1049 4216 iactam
1066 4172 1125 4236 per
1141 4153 1316 4231 ottonem,
1343 4151 1484 4215 condam
1512 4150 1613 4235 Sigeri
1639 4151 1682 4216 de
1706 4151 1832 4229 Gratia,

480 4255 521 4319 de
537 4258 671 4340 paroch.
689 4257 770 4321 eccl.
787 4256 828 4320 de
847 4256 991 4341 Reduyt,
1010 4255 1168 4321 Leodien.
1185 4257 1281 4335 dioc,
1299 4277 1372 4320 vac.
1389 4275 1447 4340 per
1463 4256 1516 4320 ob.
1535 4254 1643 4339 Egidii
1661 4256 1704 4321 de
1722 4256 1805 4321 Eura
1815 4266 1832 4318 ⁴.

525 4357 611 4423 ltern
639 4361 909 4445 acceptationem
937 4360 1061 4425 iactam
1088 4381 1146 4446 per
1171 4362 1306 4426 Petrum
1322 4360 1364 4424 de
1381 4359 1532 4425 Achiaco
1548 4359 1590 4424 de
1606 4378 1682 4427 can.
1699 4370 1735 4426 et
1752 4362 1831 4447 preb.

480 4464 511 4529 S.
529 4463 703 4549 Gangerici
721 4466 938 4530 Carneracen.
956 4466 1026 4544 (21,
1045 4465 1080 4530 P.
1099 4464 1143 4543 ΙΙ,
1162 4467 1230 4548 391.

525 4569 611 4634 ltenr
638 4570 904 4655 acceptationem
929 4569 1052 4634 iactam
1080 4591 1138 4655 per
1155 4571 1288 4635 Petrum
1307 4569 1450 4636 condam
1466 4567 1623 4634 Willelmi
1650 4567 1830 4655 Majolitrle

480 4672 644 4738 Geldonia
660 4675 702 4738 de
718 4695 792 4739 can.
809 4683 843 4737 et
859 4677 950 4758 preb.
968 4676 1107 4739 ecclesie
1124 4677 1280 4741 secularis
1298 4676 1334 4740 B.
1350 4675 1397 4740 M.
1413 4673 1663 4754 Namurcensis,
1681 4673 1830 4742 Leodien.

479 4778 574 4853 dioc..
592 4800 663 4844 vac,
679 4800 738 4864 per
754 4788 897 4844 mortem
916 4779 1033 4862 Epidii.
1051 4821 1091 4827 —
1110 4779 1184 4844 Fiat
1204 4780 1242 4845 R.

525 4883 602 4946 Dat.
619 4884 717 4947 rivin.
740 4886 775 4946 18
793 4883 858 4947 hal.
877 4884 955 4948 iebr.
973 4894 1005 4947 a⁰
1026 4894 1085 4948 10⁰.
1104 4887 1175 4968 (21,
1193 4884 1228 4948 P.
1247 4883 1291 4962 ΙΙ,
1311 4891 1393 4967 kapit.

515 5058 533 5102 1.
550 5056 608 5100 loir·
627 5072 649 5103 n.
669 5059 740 5102 2313.
759 5084 788 5089 --
807 5062 828 5104 2.
847 5058 905 5104 l'oir·
925 5075 946 5107 n.
969 5061 1038 5105 2311.
1057 5085 1087 5092 -
1106 5062 1126 5106 3.
1148 5058 1169 5105 li
1186 5058 1269 5106 desint
1295 5058 1351 5120 pius
1368 5057 1426 5105 turri
1445 5057 1519 5105 chan.
1537 5057 1569 5104 ‹ic
1589 5057 1715 5111 louvain.
1734 5055 1792 5107 curi
1805 5055 1831 5102 rh*

483 5128 581 5176 Lneken
592 5130 697 5188 ((1111,
712 5139 728 5177 r.
743 5132 778 5177 12.
793 5146 816 5191 p.
830 5133 885 5187 42⁸)
898 5141 924 5178 et
935 5133 1060 5180 charmine
1072 5136 1088 5180 ir
1099 5135 1198 5181 Anvers
1210 5132 1263 5193 (ih,
1278 5134 1342 5195 illj:
1356 5133 1388 5180 ci.
1403 5131 1528 5186 Molanus,
1545 5130 1603 5178 lior.
1620 5130 1726 5190 Lucan„
1743 5134 1831 5187 iss).-

482 5205 504 5248 i.
518 5202 577 5249 h'uir
594 5218 618 5250 11.
631 5206 700 5251 2228.
