4650 6059
1028 771 1116 848 rara,
1138 772 1217 838 ιι-ιι
1239 773 1312 840 ιιι
1500 803 1502 807 J
1690 800 1693 808 ν
1809 734 1897 847 aa

468 953 470 955 ·
560 917 648 1001 143.
1047 916 1050 922 ’
1542 956 1638 1022 1342,
1654 958 1696 1005 ιι
1717 946 1807 1009 eoru
1899 912 1901 915 ¹
1973 944 1976 955 '

468 1052 470 1055 ·
552 1032 631 1121 Sapp.
653 1033 840 1122 Philippus,
853 1055 913 1101 rex
938 1034 1090 1117 Francie,
1106 1043 1211 1122 quat.
1223 1035 1361 1115 Jaoobo
1382 1036 1477 1105 dioto
1502 1037 1644 1123 Storem,
1664 1025 1849 1113 Tornaeen
1916 1081 1918 1084 ·

464 1179 466 1186 ι
521 1134 580 1203 dioc
600 1139 684 1219 cler,
707 1138 745 1204 in
769 1146 831 1205 art.
857 1137 1002 1206 Pansins
1025 1139 1094 1221 lic,
1104 1138 1151 1206 de
1176 1160 1250 1207 cara
1275 1142 1336 1207 sub
1359 1161 1434 1228 exp
1457 1145 1551 1229 preb.
1560 1144 1646 1211 eccl
1660 1144 1850 1217 Tornacen.
1867 1186 1870 1191 ·
1948 1134 1950 1137 ⁵

517 1237 922 1328 digamriniprovidere.-
936 1240 1067 1310 FiatR.

461 1434 463 1438 ι
485 1342 677 1432 Datap.
693 1343 946 1413 villamnovam
970 1346 1245 1433 3ida'ug.a⁰⁰.1
1259 1345 1303 1432 (I,
1323 1350 1423 1434 ηδ’)

546 1488 646 1571 144.
1547 1528 1643 1594 1342,
1658 1532 1700 1578 11
1716 1459 1806 1581 nont.

535 1609 628 1698 supp·
644 1606 862 1694 Reginaiaus,
877 1608 964 1675 filius
978 1608 1149 1695 quondam
1160 1608 1275 1698 Helye
1286 1608 1331 1676 de
1346 1609 1375 1676 S.
1390 1609 1526 1677 Asterio
1540 1612 1666 1697 militis,
1683 1626 1772 1702 quat,
1788 1618 1849 1685 sffij
1895 1608 1896 1611 ’
1972 1619 1975 1623 ⁴

444 1701 445 1704 ¹
497 1714 731 1801 preposituram
754 1710 798 1779 de
813 1712 843 1778 S.
859 1712 1008 1801 Espano‚
1024 1734 1097 1782 can.
1113 1722 1149 1780 et
1159 1716 1252 1802 preb.
1268 1713 1303 1779 in
1327 1714 1408 1781 eccl.
1423 1712 1603 1799 Toronen,
1627 1738 1692 1803 que
1713 1721 1860 1806 quidem

494 1838 607 1885 vamre
619 1827 799 1905 sperantur
812 1836 873 1905 per
883 1817 1173 1885 consecrationem
1188 1816 1279 1885 dom.
1297 1813 1446 1885 Nicolini
1455 1819 1499 1886 de
1510 1818 1639 1905 Canali,
1655 1821 1757 1891 electi
1771 1820 1849 1892 Per·
1886 1869 1890 1873 »

486 1921 696 2008 ειιιιιιιιίεῐ,
720 1920 871 1987 conferre
894 1921 1087 2008 dignemini,
1110 1941 1180 1988 non
1203 1923 1287 1988 obst
1312 1920 1439 2007 quod
1429 1943 1462 1988 ιιι
1487 1872 1646 1992 Leodieri.
1669 1927 1751 1995 eccl
1774 1950 1848 1997 can.
1900 1956 1902 1960 ·

484 2023 710 2112 prebendatus
724 2024 848 2091 existat
862 2032 898 2091 et
908 2024 1259 2111 archipresbiteratum
1271 2024 1315 2092 de
1327 2023 1349 2104 J
1351 2025 1518 2111 arnhraco
1529 2025 1741 2098 Xanctonen
1751 2031 1847 2116 dioc,

481 2128 652 2213 [obtinere
672 2126 905 2213 noscitur.-]
919 2127 998 2194 Fiat
1013 2126 1053 2193 R

525 2232 608 2301 Dat
622 2253 677 2320 ap.
692 2231 944 2300 villamnovam
968 2232 1048 2319 3id
1064 2241 1189 2319 aug.⁰a
1215 2241 1254 2300 1⁰.
1267 2232 1309 2319 (1,
1330 2235 1412 2321 124)

537 2379 778 2468 145-146.
1545 2417 1641 2483 1342,
1657 2418 1700 2464 12
1714 2405 1803 2465 aaut.

525 2500 629 2587 Snpp.
644 2519 761 2567 comes
776 2497 942 2565 Blesensis
956 2508 1047 2585 quat
1067 2501 1142 2584 [suo
1166 2500 1346 2567 secretario
1370 2499 1552 2568 Guiilelmo
1566 2501 1609 2567 de
1628 2500 1848 2590 Wadringhe-

481 2605 552 2670 hen
572 2604 628 2672 lic.
648 2603 684 2669 in
698 2611 774 2685 art,
789 2604 882 2687 cler]
902 2602 1090 2670 Tomacen.
1112 2602 1211 2685 dioc,
1226 2594 1372 2691 gratiam
1387 2625 1407 2671 a
1423 2605 1512 2672 dom
1528 2604 1758 2693 B(enedicto),
1772 2627 1847 2695 pre-

479 2708 661 2776 deoemore
669 2707 953 2793 vestro,[factarn]
963 2706 1008 2774 de
1018 2728 1091 2774 can
1104 2708 1186 2775 eccl.
1194 2707 1237 2776 de
1248 2707 1390 2776 Vastino
1401 2712 1462 2776 sub
1473 2730 1547 2797 exp.
1556 2712 1659 2798 preb,
1667 2708 1847 2778 Bituricen.
1906 2779 1909 2787 ,

481 2812 582 2894 dioc,
594 2832 702 2899 qaum
718 2810 802 2878 eccl
816 2808 899 2877 dicti
914 2810 1049 2878 comitis
1060 2812 1291 2899 progenitores
1305 2811 1539 2894 fundaverunt,
1554 2812 1737 2900 dignemini
1751 2836 1847 2882 reno

481 2935 574 2984 vare.
594 2917 639 2969 --¹
655 2912 736 2982 Fiat
750 2912 791 2981 R

527 3068 608 3129 146.
633 3059 724 3127 Item
738 3078 831 3145 supp.
848 3060 938 3126 idem
962 3081 1076 3128 comes
1099 3068 1193 3145 quat.
1217 3062 1304 3147 [cap.
1320 3082 1382 3128 suo
1397 3061 1579 3128 Guillelmo
1594 3062 1724 3149 Ligerii,
1742 3064 1847 3132 Mori-

482 3186 557 3229 nen.
572 3166 672 3244 dioc,
687 3169 808 3251 presb,
833 3186 903 3230 can.
928 3165 1135 3251 prebendato
1150 3165 1185 3229 in
1202 3166 1274 3230 coll.
1303 3167 1384 3231 eccl.
1407 3165 1442 3230 B.
1469 3165 1601 3232 Mathei
1619 3166 1844 3249 Folliacensis,

483 3272 683 3335 ‚lmbianen
708 3269 806 3351 dioc,
833 3269 875 3334 de
905 3291 976 3335 can.
1003 3278 1038 3334 et
1064 3273 1153 3356 preb.
1186 3291 1257 3335 vac.
1283 3271 1337 3335 vel
1364 3280 1474 3337 vacat.
1505 3272 1538 3335 in
1563 3272 1645 3337 eccl.
1678 3270 1843 3338 Morinen.

482 3374 663 3457 dignemini
688 3374 873 3459 providere,
900 3394 968 3440 non
999 3377 1082 3439 obst.
1113 3374 1204 3458 quod
1227 3374 1336 3440 dictos
1363 3395 1435 3440 can.
1466 3383 1501 3440 et
1530 3379 1619 3461 preb.
1651 3375 1688 3442 Β.
1720 3375 1842 3443 Mattei

484 3478 630 3542 noscitur
641 3477 801 3542 obtinere,
813 3477 943 3542 -Fiat
955 3480 989 3542 in
1001 3479 1081 3542 eccl.
1095 3477 1126 3542 S.
1134 3477 1319 3543 Oudomari
1331 3479 1374 3544 de
1386 3478 1524 3558 LileriiS,
1534 3478 1696 3545 Morinen.
1704 3480 1790 3546 dioc.
1804 3481 1843 3546 R.

526 3580 604 3645 Dat.
621 3601 674 3665 ap.
692 3580 939 3647 l'illamnovam
958 3603 974 3645 2
992 3581 1034 3645 id.
1052 3602 1124 3665 aug.
1141 3589 1175 3646 a⁰
1195 3590 1231 3647 1⁰.
1249 3581 1290 3663 (I,
1312 3587 1393 3667 125).

535 3727 642 3807 147.
1543 3764 1638 3825 1542,
1655 3766 1695 3808 12
1713 3750 1799 3809 nodi.

523 3845 613 3928 Sign.
631 3843 743 3909 Guido
758 3843 801 3908 de
818 3842 1030 3924 Castellione,
1048 3866 1162 3909 comes
1178 3845 1345 3909 Blesensis
1372 3845 1592 3929 dominusque
1616 3847 1738 3929 Guisie,
1756 3847 1845 3932 quod

485 3947 571 4028 olim,
588 3947 669 4012 dum
686 3948 787 4012 eratis
802 3946 990 4027 cardinalis,
1014 3948 1125 4027 vobiS,
1138 3947 1181 4012 ad
1197 3969 1313 4034 preces
1329 3949 1440 4034 ipsius,
1457 3950 1741 4034 dispensationem
1768 3953 1845 4017 cler.

485 4051 530 4115 sui
546 4050 717 4116 secretarii
743 4049 912 4115 Gnillelmi
928 4050 970 4116 de
986 4050 1280 4135 Wadringhehem,
1307 4054 1340 4116 in
1366 4061 1427 4118 art.
1452 4053 1516 4134 lic,
1540 4052 1726 4120 Tornacen.
1747 4055 1845 4133 dioc,

484 4154 572 4238 quod
586 4174 657 4219 non
675 4157 761 4220 obst.
777 4154 940 4219 natalium
963 4153 1106 4233 defectu,
1129 4176 1229 4238 quern
1253 4156 1380 4241 patitur
1402 4157 1445 4221 de
1459 4159 1568 4242 presb.
1584 4176 1658 4239 gen.
1675 4163 1709 4219 et
1725 4156 1844 4233 soluta,

487 4267 598 4343 posset
615 4258 660 4323 ad
676 4278 789 4323 sacros
806 4257 938 4322 ordines
964 4258 1152 4342 promoveri
1169 4267 1204 4322 et
1226 4262 1302 4323 ben.
1319 4261 1411 4338 eccl,
1429 4259 1560 4323 etiamsi
1576 4279 1690 4324 curam
1705 4258 1845 4324 haberet

483 4363 681 4441 animarum,
698 4361 882 4426 obtinere...
899 4362 1027 4446 placuit
1044 4361 1233 4446 impetrare.
1246 4361 1331 4426 Cum
1349 4370 1462 4427 autem
1479 4362 1588 4428 dictus
1604 4362 1742 4428 clericus
1758 4364 1844 4428 adeo

484 4467 513 4531 in
528 4465 672 4531 scientia
689 4473 724 4529 et
739 4464 895 4543 moribus
903 4464 1016 4528 divina
1033 4464 1168 4528 favente
1184 4466 1301 4549 gratia,
1315 4466 1492 4550 profecerit
1508 4466 1598 4550 quod
1613 4466 1727 4532 favore
1742 4468 1843 4531 virtu·

483 4579 552 4634 tum
567 4590 637 4634 non
654 4570 767 4634 solum
782 4567 924 4632 redemit
940 4567 1030 4649 quod
1046 4568 1180 4651 originis
1195 4568 1302 4653 pudor
1319 4569 1455 4650 ademit,
1477 4570 1536 4635 sed
1552 4570 1655 4635 etiam
1675 4592 1710 4634 se
1726 4572 1843 4654 majori

482 4683 515 4738 et
529 4673 645 4759 ampla
662 4670 774 4756 gratia
789 4670 926 4755 dignum
942 4670 1106 4749 reddidit;
1124 4681 1158 4737 et
1171 4671 1261 4737 dicte
1288 4672 1555 4758 dispensationis,
1572 4694 1633 4759 pro
1656 4676 1728 4740 solo
1743 4678 1843 4739 bene-

484 4776 566 4857 ficio,
583 4783 897 4859 quantumcumque
923 4774 1018 4859 parvi
1034 4773 1120 4839 foret
1134 4775 1266 4855 valoris,
1283 4776 1308 4840 si
1326 4776 1416 4859 quod
1434 4776 1563 4842 dictum
1582 4778 1738 4842 clericum
1765 4799 1843 4844 con-

484 4879 624 4965 tingeret
640 4886 833 4963 acceptare,
849 4879 943 4962 vigor
959 4878 1126 4964 expiraret
1141 4902 1150 4958 ;
1168 4900 1228 4965 pro
1247 4900 1313 4963 qua
1341 4880 1476 4963 quidem
1492 4881 1740 4966 dispensatione
1757 4883 1843 4947 obti-

485 4984 590 5049 nenda
606 4991 642 5048 et
658 4982 708 5047 sui
723 4983 912 5069 provisione
928 4983 1141 5067 reportanda,
1152 4984 1276 5069 septies
1285 4984 1439 5049 veniendi
1454 4985 1497 5050 ad
1513 4985 1637 5051 curiam
1651 4986 1842 5051 Romanam

516 5197 536 5245 1.
549 5197 614 5246 Toir
624 5204 653 5245 n⁰
662 5197 703 5246 88.
