4650 6059
479 741 541 806 340
985 738 1071 812 1347,
1095 738 1183 803 12-18
1205 737 1331 803 octobre.

482 888 661 969 Flandria¹‚
672 887 774 973 ipsius
786 885 955 951 Guillelmi
972 884 1081 952 fratris
1096 888 1245 973 germani
1257 908 1363 973 nuper
1378 888 1411 952 in
1429 888 1518 954 curia
1533 887 1811 970 decedentisvac...

480 992 661 1079 dignemini
678 990 864 1077 providere.
883 1030 926 1039 -
943 989 1020 1055 Fiat
1037 990 1077 1057 R.

526 1097 603 1161 Dat.
619 1095 718 1159 Avin.
733 1096 751 1159 8
769 1094 812 1159 id.
828 1101 896 1159 oct.
913 1100 947 1158 a⁰
964 1098 1006 1160 6⁰.
1023 1098 1095 1179 (14,
1117 1101 1203 1181 141).

537 1232 676 1315 1285.
1488 1266 1583 1331 1347,
1601 1269 1642 1313 12
1659 1249 1787 1313 octobre.

525 1352 649 1437 Supp...
665 1349 786 1429 Guido,
797 1349 848 1415 tit.
866 1350 896 1416 S.
909 1349 1034 1415 Cecilie
1049 1352 1158 1436 presb.
1170 1351 1269 1429 card„
1280 1360 1372 1436 quat.
1388 1351 1567 1436 capellano
1583 1359 1619 1415 et
1634 1348 1817 1437 procuratori

482 1477 542 1521 suo
556 1453 699 1520 Matheo
711 1452 754 1519 de
767 1453 938 1520 Feukeriis
950 1466 970 1535 ¹,
982 1475 1123 1541 persone
1138 1464 1336 1541 personatus
1345 1454 1388 1521 de
1399 1454 1550 1537 Flechin,
1564 1453 1732 1521 Morinen.
1742 1454 1819 1529 dioc,

483 1559 525 1625 de
548 1577 641 1644 perp.
658 1558 844 1643 capellania
873 1558 915 1623 de
947 1556 1118 1639 Inchiac0,
1145 1557 1362 1624 Cameracen.
1392 1559 1490 1638 dioc„
1512 1559 1605 1643 cujus
1628 1567 1820 1645 proventus...

485 1684 525 1728 20
540 1663 618 1727 lib...
635 1662 859 1728 communiter
880 1682 949 1726 non
976 1660 1152 1743 excedunt,
1169 1683 1244 1729 vac.
1261 1664 1350 1748 apud
1366 1663 1479 1727 sedem
1496 1671 1605 1749 apost.
1621 1683 1682 1748 per
1704 1664 1821 1728 liberam

483 1766 749 1851 resignacionem
773 1764 862 1831 Petri
893 1767 935 1831 de
959 1764 1167 1832 Collemedio
1192 1787 1252 1852 per
1275 1767 1365 1832 dom.
1391 1766 1671 1832 Bartholomeum
1696 1767 1739 1833 de
1759 1764 1823 1831 Bos·

483 1871 573 1936 cario
585 1881 604 1950 ³,
621 1870 723 1955 ipsius
737 1870 962 1954 procuratoris
978 1870 1235 1951 substitutum,a
1251 1871 1341 1936 dom.
1355 1870 1510 1936 Guidone
1526 1869 1568 1935 de
1584 1869 1789 1935 Collemedio
1801 1874 1825 1932 et

483 1975 626 2040 Girardo
641 1974 683 2039 de
700 1972 858 2038 Picalotis
873 1973 915 2038 de
932 1972 1085 2039 Palliano
1108 1975 1153 2040 ad
1175 1974 1241 2040 hoc
1267 1975 1412 2060 speciale
1427 1973 1627 2040 mandatum
1642 1973 1825 2039 habentibus

485 2079 610 2144 factam
626 2078 660 2142 in
676 2077 829 2141 manibus
844 2077 934 2142 dom.
958 2077 1130 2162 Stephani,
1147 2078 1249 2162 episc.
1267 2078 1298 2142 S.
1315 2077 1432 2143 Poncii
1447 2076 1717 2157 Thomeriarum‚
1733 2095 1826 2142 came-

484 2182 559 2246 rarii
575 2180 719 2259 vestri...
736 2180 918 2265 dignemini
933 2181 1142 2267 providere...
1156 2204 1164 2261 ;
1181 2203 1249 2248 non
1266 2185 1352 2247 obst.
1369 2181 1459 2266 quod
1484 2181 1613 2247 dictum
1629 2188 1828 2265 personatum

485 2305 526 2349 ac
542 2284 712 2367 quandam
728 2284 950 2368 capellaniam
966 2305 1058 2370 perp.
1075 2286 1108 2350 in
1125 2284 1293 2350 Morinen.
1310 2286 1392 2351 0001.
1408 2285 1551 2350 obtinet.
1567 2325 1611 2333 —
1628 2283 1705 2349 Fiat
1723 2283 1762 2349 R.

531 2388 608 2452 Dat.
624 2387 724 2452 Avin.
740 2410 760 2470 4
776 2386 820 2452 id.
836 2395 903 2453 001.
919 2396 952 2453 a⁰
969 2393 1007 2453 6⁰.
1026 2391 1098 2473 (14,
1119 2391 1221 2473 136l).

541 2522 679 2604 1286.
1494 2557 1588 2621 1317,
1605 2559 1646 2622 1,(
1664 2540 1799 2603 octobre.

531 2642 653 2728 Supp...
671 2639 826 2725 G(uido),
839 2640 891 2705 tit.
908 2640 939 2705 S.
957 2639 1082 2706 Cecilie
1098 2644 1205 2727 presb.
1222 2641 1321 2724 card,
1338 2650 1430 2728 quat.
1448 2642 1624 2728 capellano
1640 2649 1676 2707 et
1692 2638 1832 2708 familiari

489 2744 707 2811 commensali
719 2743 856 2810 domine
871 2744 987 2809 matris
1002 2765 1060 2809 sue
1076 2743 1221 2812 Guidoni
1235 2744 1414 2825 Gueroudi,
1430 2745 1616 2831 presbitero
1631 2746 1675 2811 de
1693 2746 1834 2822 Remino,

489 2848 668 2914 Belvacen.
678 2846 775 2928 (1100,
786 2847 828 2914 (10
838 2855 954 2913 canet
967 2850 1058 2933 preb.
1070 2847 1103 2911 in
1114 2848 1232 2913 ecclS.
1240 2847 1394 2933 Dyonisii
1406 2847 1835 2934 Leodien.colleg.‚vac.per

486 2953 626 3017 liberam
638 2951 903 3036 resignacionem
927 2950 1029 3035 ipsius
1049 2950 1224 3016 cardinalis
1239 2950 1273 3014 in
1289 2951 1442 3016 manibus
1464 2951 1614 3036 predicte
1630 2951 1662 3017 S.
1680 2950 1720 3017 V.
1743 2969 1832 3037 nuper

486 3056 621 3135 factam,
634 3054 815 3139 dignemini
830 3054 1006 3139 providere
1021 3076 1030 3133 ;
1050 3074 1118 3119 non
1143 3057 1229 3119 obst.
1245 3054 1336 3138 quod
1358 3055 1509 3140 parroch.
1531 3056 1613 3120 eccl.
1629 3055 1673 3120 de
1697 3054 1836 3132 Pitiellis,

487 3160 695 3224 Suessionen.
713 3145 813 3239 dioc,
824 3166 859 3222 et
868 3157 1028 3222 vicariam
1043 3177 1136 3242 perp.
1150 3158 1184 3221 in
1197 3165 1306 3223 castro
1326 3157 1368 3222 de
1386 3157 1541 3239 Remino,
1554 3157 1733 3223 Belvacen.
1750 3158 1835 3233 dioc..

488 3263 635 3327 noscitur
652 3261 812 3326 obtinere.
828 3302 871 3308 —
888 3259 965 3324 Fiat
983 3258 1023 3324 R.

533 3364 619 3428 Item
635 3382 730 3448 supp.
747 3373 837 3446 quat.
861 3363 983 3428 clerico
999 3384 1059 3428 suo
1074 3362 1221 3441 Johanni
1240 3362 1415 3450 Malecape
1431 3364 1473 3429 de
1491 3363 1645 3445 Remino,
1665 3364 1836 3429 Belvacen.

488 3468 585 3548 dioc,
601 3468 643 3532 de
667 3487 741 3532 can.
758 3476 792 3530 01
808 3469 899 3552 preb.
916 3466 948 3529 in
966 3468 1048 3532 0001.
1065 3466 1096 3532 S.
1113 3465 1279 3544 Johannis
1296 3467 1455 3534 Leodien.
1479 3469 1607 3552 colleg,
1626 3488 1701 3534 vac.
1717 3488 1777 3554 per
1791 3468 1838 3532 lib.

489 3572 752 3655 resignacionem
770 3570 871 3655 ipsius
887 3570 1074 3651 cardinalis
1090 3570 1274 3655 dignemini
1290 3573 1527 3657 providere—
1540 3571 1616 3636 Fiat
1633 3571 1674 3637 R.

535 3677 612 3742 Dat.
627 3675 728 3740 Avin.
746 3696 763 3739 2
780 3675 824 3740 id.
841 3683 907 3741 oct.
923 3683 956 3739 a⁰
974 3680 1015 3740 6⁰.
1029 3675 1101 3758 (14,
1123 3677 1225 3759 1501).

547 3811 842 3894 1287·1288.
1497 3844 1591 3911 1317,
1609 3828 1651 3890 18
1666 3828 1805 3891 octobre.

533 3932 643 4016 Sign...
660 3931 853 4015 capellanus
865 3937 977 3995 vester
994 3928 1167 4003 Henricus
1178 3929 1287 3995 dictus
1297 3929 1422 4010 Coeke,
1435 3931 1582 3996 decanus
1592 3929 1674 3996 eccl.
1686 3930 1718 3995 S.
1728 3929 1842 3996 Gudile

491 4034 723 4115 Bmxellensis,
740 4033 956 4099 Cameracen.
972 4030 1081 4114 dioc.⁴,
1098 4032 1189 4118 quod
1204 4032 1330 4099 dudum
1349 4035 1419 4119 ipse
1435 4035 1479 4100 ad
1494 4034 1620 4099 dictum
1644 4032 1841 4100 decanatum

491 4148 571 4204 1000
588 4148 766 4203 vacantem
783 4136 943 4203 canonice
960 4138 1086 4202 electus
1098 4138 1131 4201 in
1142 4136 1308 4202 decanum
1319 4137 1420 4222 ipsius
1430 4136 1570 4202 ecclesie
1583 4146 1672 4203 auct.
1683 4135 1843 4203 ordinaria

492 4243 662 4306 institutus
682 4261 741 4305 seu
763 4241 980 4306 confirmatus
1007 4241 1137 4308 suerit...
1155 4241 1241 4306 Cum
1268 4250 1381 4306 autem
1407 4242 1526 4306 timeat
1551 4240 1642 4326 quod
1665 4241 1844 4307 decanatus

492 4346 562 4430 ipse
577 4343 675 4408 fuerit
702 4354 854 4428 tempore
879 4344 1053 4409 electionis
1069 4355 1103 4411 01
1120 4346 1371 4411 institutionis...
1387 4353 1617 4426 reservatus...
1634 4366 1731 4432 supp.
1758 4352 1843 4429 quat.

491 4448 692 4512 electionem
709 4454 742 4511 et
759 4446 1222 4533 institutionem...dignemini
1240 4459 1336 4513 motu
1346 4449 1481 4534 proprio
1491 4449 1671 4514 decernere
1683 4469 1724 4515 ac
1740 4448 1843 4514 decla-

490 4572 564 4616 rare
579 4550 721 4638 proinde
731 4552 928 4617 'valere...—
944 4551 1204 4619 Providemus...
1220 4592 1263 4601 —-
1280 4551 1320 4617 R.

536 4689 637 4749 1288.
651 4686 762 4772 Sign...
786 4690 980 4773 capellanus
995 4698 1106 4755 vester
1129 4688 1297 4755 Henricus
1319 4690 1429 4755 dictus
1451 4688 1577 4771 Coeke,
1593 4688 1743 4756 decanus
1766 4688 1842 4755 eccl.

491 4790 522 4855 S.
539 4789 660 4856 Gudile
684 4790 915 4873 Bruxellensis,
940 4792 1157 4859 Cameracen.
1174 4794 1271 4873 dioc,
1288 4793 1378 4876 quod
1401 4814 1460 4879 per
1482 4794 1735 4860 assecucionem
1762 4792 1843 4880 paci·

492 4896 590 4962 ticam
617 4896 801 4963 decanatus
816 4896 965 4981 ejusdem
982 4896 1052 4961 eccl
1056 4947 1106 4976 .....
1123 4897 1307 4962 decanatus
1323 4898 1405 4961 eccl.
1427 4896 1465 4962 B.
1483 4895 1532 4963 M.
1547 4895 1841 4970 Tenremondenis,

489 4998 579 5065 dicte
593 4999 692 5081 dioc„
708 5020 808 5084 quem
824 4999 894 5085 ipse
910 5006 992 5064 tunc
1017 5000 1178 5085 temporis
1205 4999 1388 5080 obtinebat,
1405 5000 1542 5065 vacavit
1558 5008 1593 5065 et
1608 5010 1720 5066 vacat.
1736 5000 1841 5083 Quare

524 5176 544 5220 1.
557 5173 618 5219 Voir
630 5188 655 5220 n.
668 5174 722 5220 7⁴8.
735 5200 766 5206 —
778 5175 800 5220 2.
812 5171 874 5217 Voir
886 5185 910 5218 n.
923 5171 978 5219 448.
991 5198 1022 5205 -
1034 5173 1056 5219 3.
1070 5171 1132 5218 Voir
1143 5170 1202 5234 plus
1214 5170 1278 5219 haut
1292 5173 1360 5230 1261,
1375 5171 1444 5219 1268.
1457 5197 1488 5206 —
1506 5171 1528 5218 l.
1541 5169 1603 5217 Volr
1619 5184 1645 5218 n.
1657 5171 1712 5229 206,
1726 5170 1780 5228 ort,
1792 5168 1841 5216 ost.
