4650 6059
1024 801 1111 877 1344,
1134 802 1170 867 24
1192 801 1310 868 ie'vrier.
1794 808 1852 873 155

505 947 773 1036 [permutationes
794 951 948 1040 valeant]
965 975 974 1033 ;
996 973 1065 1019 non
1083 955 1169 1020 obst.
1185 953 1277 1039 quod
1300 953 1410 1020 dictus
1426 951 1594 1022 Gerardus
1618 977 1693 1023 can.
1710 966 1745 1024 et
1759 961 1851 1046 preb.

503 1053 526 1117 in
538 1056 615 1120 eccl.
631 1053 811 1138 Leodien,
828 1053 868 1122 Β.
883 1053 934 1122 Μ.
948 1056 1125 1142 Aquensis,
1142 1057 1175 1123 S.
1191 1054 1347 1143 Gengulfi
1371 1056 1674 1146 Heynsbergensis,
1690 1061 1851 1130 Leodien.

500 1156 580 1238 dioc,
604 1158 638 1224 S.
664 1158 819 1224 Severini
840 1158 1017 1227 Colonien.
1042 1180 1177 1228 necnon
1192 1180 1267 1226 can.
1288 1168 1323 1226 et
1344 1163 1438 1247 preb.
1454 1183 1532 1228 cum
1557 1167 1793 1252 supplemento
1817 1175 1852 1233 et

498 1262 696 1327 scolastriam
721 1262 755 1328 S.
770 1262 955 1330 Salvatoris
969 1262 1161 1349 Trajecten.
1176 1264 1326 1330 noscitur
1340 1264 1502 1330 obtinere.
1512 1305 1555 1316 -
1572 1264 1649 1333 Fiat
1666 1267 1706 1334 R.

530 1365 605 1432 Dat.
620 1386 678 1454 ap.
695 1365 944 1434 villamnovam
961 1387 979 1448 9
995 1366 1061 1434 kal.
1077 1375 1176 1434 mart.
1190 1374 1224 1434 a⁰
1240 1374 1283 1434 2⁰.
1299 1368 1352 1452 (4,
1370 1369 1460 1452 211).

437 1577 438 1582 κ
532 1525 647 1611 667.
1503 1546 1807 1635 1344,21fe⁵vrier.

437 4825 439 4866 l

523 1644 579 1710 8²¹²
594 1643 712 1712 Pater.
730 1643 858 1732 Nuper,
874 1645 916 1713 ad
943 1647 1083 1734 supplic.
1101 1647 1257 1734 Hugonis
1283 1648 1326 1714 de
1343 1646 1527 1736 Maupiliis,
1550 1650 1741 1716 cancellarii
1768 1648 1852 1716 Tor·

486 1769 608 1830 uacen,
625 1769 668 1816 ac
695 1749 830 1836 nepotis
844 1769 910 1816 rec.
925 1771 1027 1817 mem.
1053 1751 1144 1819 dom.
1171 1752 1317 1834 Andree,
1332 1752 1386 1818 tit.
1413 1752 1445 1818 S.
1461 1753 1610 1820 Susanne
1625 1754 1734 1840 presb.
1750 1752 1850 1833 card,

483 1850 634 1930 Johanni
650 1851 695 1919 de
710 1851 886 1920 Galican'is
900 1853 943 1921 de
959 1853 1144 1937 Florentia,
1159 1876 1248 1942 mag.
1273 1856 1307 1921 in
1325 1865 1398 1938 art,
1425 1864 1460 1922 et
1487 1857 1606 1923 scolari
1631 1856 1665 1922 in
1677 1857 1752 1942 jure
1775 1856 1850 1936 civ,

485 1956 599 2043 nepoti
625 1947 730 2044 ipsius
746 1954 906 2042 Hugonis
922 1966 942 2039 ¹,
958 1958 990 2024 S.
1008 1956 1047 2023 V.
1071 1958 1220 2045 providit
1244 1959 1287 2025 de
1311 1959 1497 2046 plebanatu
1522 1961 1630 2046 plebis
1645 1959 1677 2025 S.
1694 1958 1782 2037 Julie
1809 1958 1851 2025 de

486 2057 645 2142 liomna,
662 2059 818 2127 Pisanen.
832 2060 930 2145 dioc,
946 2082 1021 2128 vac.
1037 2082 1097 2149 per
1122 2065 1177 2130 ob.
1193 2062 1297 2150 ipsius
1311 2061 1402 2129 dom.
1419 2063 1529 2130 card...
1545 2086 1554 2144 ;
1570 2084 1635 2148 que
1650 2064 1766 2150 plebes
1781 2083 1850 2129 non

486 2164 588 2230 solvit
602 2159 668 2251 pro
683 2163 815 2232 decima
830 2165 917 2231 ultra
933 2185 950 2231 2
955 2185 972 2252 5
989 2165 1061 2233 flor.
1075 2189 1084 2248 3
1108 2186 1179 2232 non
1203 2168 1290 2234 obst.
1306 2167 1397 2252 quod
1412 2167 1502 2234 idem
1528 2166 1548 2245 J
1550 2168 1704 2235 ohannes
1718 2167 1754 2231 in
1767 2165 1851 2232 Tor·

483 2287 602 2335 necen.
619 2287 698 2335 can.
712 2275 749 2334 et
762 2270 866 2356 preb.,
881 2268 966 2335 etin
983 2267 1153 2337 Morinen.
1170 2291 1244 2338 can.
1260 2272 1321 2337 sub
1336 2291 1413 2358 exp.
1425 2273 1517 2358 preb.
1529 2270 1679 2337 noscitur
1687 2270 1850 2337 obtinere.

482 2369 620 2454 Verum,
645 2371 838 2438 beatissime
869 2380 977 2459 pater,
1002 2393 1079 2440 cum
1105 2374 1202 2440 stilus
1225 2382 1336 2441 vestre
1360 2373 1569 2456 cancellarie,
1594 2381 1631 2439 ut
1660 2373 1791 2454 dicitur,
1815 2371 1849 2436 in

481 2495 575 2543 more
590 2495 652 2541 seu
667 2495 729 2542 usu
753 2496 823 2543 nou
847 2476 975 2544 habeat
989 2498 1115 2565 ponere
1139 2479 1290 2545 valorem
1315 2477 1557 2545 beneficiorum
1575 2479 1636 2545 sub
1652 2477 1761 2545 sonna
1776 2496 1850 2562 pre·

479 2579 598 2660 dieta;
625 2581 735 2668 suppl.
759 2580 949 2647 clementie·
965 2589 1076 2648 vestre
1100 2580 1192 2648 idem
1215 2580 1399 2664 Johannes,
1423 2590 1515 2667 quat.
1542 2582 1576 2648 in
1602 2580 1849 2668 supplicatione

481 2683 583 2771 priori
600 2681 787 2770 dignemini
813 2683 974 2750 mandare
997 2683 1122 2771 apponi
1149 2691 1185 2750 et
1200 2683 1289 2765 addi,
1316 2684 1407 2769 quod
1430 2684 1539 2771 plebis
1563 2683 1665 2769 ipsius
1680 2683 1849 2764 fructus...,

481 2788 579 2873 juxta
594 2795 668 2855 tax.
682 2788 822 2873 antique
845 2787 985 2870 decime,
1012 2808 1030 2853 2
1035 2809 1075 2873 50
1090 2787 1162 2855 flor.
1178 2789 1329 2855 valorem
1353 2808 1502 2855 annuum
1525 2807 1596 2853 non
1612 2786 1790 2868 excedunt,
1809 2806 1850 2851 ac

482 2891 590 2958 etiam
606 2891 740 2978 quodsi
756 2891 933 2977 collegiata
948 2891 1020 2978 ipsa
1045 2894 1171 2978 plebes,
1186 2899 1222 2957 et
1246 2911 1332 2979 pers.
1359 2911 1417 2958 seu
1432 2891 1522 2977 dign.
1547 2890 1681 2970 existat,
1707 2896 1742 2954 et
1767 2889 1851 2955 alius

483 2995 587 3060 etiam
624 2993 728 3082 ipsius
764 2993 967 3082 possessioni
993 2994 1167 3062 incumbat
1190 2995 1271 3061 licet
1298 2995 1429 3081 injuste,
1468 2993 1689 3081 expediantur
1738 2991 1850 3058 littere

483 3097 591 3183 gratie
607 3097 821 3185 supradicte;
838 3118 906 3164 non
923 3100 1010 3164 obst.
1026 3098 1117 3183 quod
1143 3119 1243 3185 super
1269 3099 1341 3185 ipsa
1365 3100 1463 3185 plebe
1479 3106 1513 3163 et
1537 3097 1643 3183 gratia
1659 3095 1797 3183 prefata,
1814 3103 1849 3161 et

485 3223 600 3267 eorum
618 3201 808 3283 occasione,
825 3202 912 3267 inter
927 3201 1057 3287 Lapum
1075 3201 1242 3282 Falconis,
1259 3203 1314 3286 qui
1331 3223 1366 3267 se
1382 3202 1463 3268 dicit
1479 3210 1644 3266 rectorem
1662 3200 1763 3285 ipsius
1779 3200 1848 3284 ple-

485 3307 542 3384 bis,
558 3327 602 3371 ex
619 3325 690 3370 una
705 3313 811 3392 parte,
828 3314 863 3370 et
878 3306 1006 3371 dictum
1030 3305 1049 3384 J
1053 3307 1225 3372 ohannem
1251 3328 1293 3371 ex
1321 3309 1437 3386 altera,
1454 3325 1552 3391 super
1578 3306 1676 3391 plebe
1692 3313 1727 3368 et
1742 3303 1850 3388 grava

487 3408 633 3494 prefatis,
651 3408 692 3474 lis
719 3417 753 3473 et
779 3408 911 3492 questio
935 3410 1076 3475 vertitur
1101 3419 1135 3475 et
1159 3410 1306 3494 agitatur
1331 3431 1443 3476 corum
1468 3409 1606 3474 domino
1632 3407 1785 3472 Olivario
1808 3406 1850 3471 de

488 3511 629 3591 Serzet0,
648 3511 682 3576 in
699 3520 812 3578 vestro
827 3533 922 3579 sacro
943 3513 1070 3598 palatio
1086 3514 1247 3595 auditore,
1265 3535 1378 3580 coram
1395 3534 1462 3597 quo
1478 3513 1521 3578 ad
1536 3511 1716 3578 dicendum
1733 3519 1850 3576 contra

489 3614 760 3681 commissionem
776 3636 837 3701 pro
852 3626 947 3702 parte
973 3617 1074 3703 ipsius
1101 3616 1187 3703 Lapi
1203 3618 1428 3703 impetratam,
1456 3626 1492 3682 et
1507 3617 1549 3682 ad
1565 3615 1799 3701 excipiendum
1816 3623 1850 3678 et

489 3719 717 3805 replicandum
732 3719 812 3785 hinc
829 3719 917 3800 inde,
934 3730 967 3785 et
994 3720 1265 3805 respondendum
1289 3720 1553 3805 interrogatoriis
1577 3720 1678 3805 ipsius
1704 3718 1799 3803 Lapi,
1816 3728 1850 3782 et

491 3824 528 3889 ad
538 3824 725 3890 nonnullos
740 3823 824 3888 alios
839 3831 944 3904 actus
961 3833 995 3888 et
1011 3826 1251 3907 subsequenter
1263 3824 1306 3889 ad
1318 3823 1466 3888 dandum
1479 3831 1514 3887 et
1526 3821 1753 3907 recipiendum
1769 3821 1849 3886 hinc

492 3927 561 3993 inde
570 3928 724 3993 libellum
740 3926 773 3991 in
796 3946 898 3992 causa
914 3926 985 4012 ipsa
1003 3928 1089 3992 inter
1107 3928 1277 4014 predictos
1292 3948 1483 4013 processum
1500 3926 1611 3991 extitit
1628 3947 1741 3991 coram
1758 3925 1848 3990 audi·

492 4040 556 4098 tore
571 4031 707 4118 prefato
718 4054 728 4111 ;
744 4051 814 4098 non
839 4034 925 4097 obst.
941 4032 1043 4097 etiam
1060 4033 1151 4117 quod
1175 4033 1300 4119 patitur
1327 4033 1361 4096 in
1386 4040 1478 4097 etate
1502 4030 1682 4109 delectum,
1710 4050 1786 4094 cum
1814 4030 1848 4093 in

494 4145 539 4198 22¹¹
550 4156 609 4201 sue
626 4134 729 4201 etatis
745 4155 837 4201 anno
861 4135 992 4216 existat,
1010 4156 1108 4221 super
1134 4158 1202 4221 quo
1228 4136 1293 4202 del.
1310 4157 1424 4202 secum
1449 4134 1631 4220 dignemini
1648 4133 1848 4219 dispensare,

495 4249 580 4305 uteo
595 4260 666 4306 non
682 4240 769 4305 obst.
785 4240 891 4324 possit
906 4240 1094 4325 hujusmodi
1110 4241 1310 4306 beneficium
1327 4241 1429 4305 libere
1445 4238 1592 4322 recipere
1616 4245 1651 4301 et
1666 4236 1757 4302 licite
1773 4237 1849 4301 reti·

497 4360 577 4424 nere,
593 4345 656 4410 sub
671 4342 752 4409 data
768 4343 802 4408 in
819 4344 1063 4430 supplicatione
1074 4352 1245 4411 contenta.
1261 4386 1304 4394 -
1321 4344 1397 4410 Fiat
1413 4351 1448 4409 et
1463 4343 1705 4427 dispensamus.
1723 4340 1763 4408 R.

532 4446 609 4513 Dat
624 4467 679 4534 ap.
696 4445 944 4513 Villamnovam
961 4469 979 4529 9
996 4448 1061 4514 kal.
1078 4458 1175 4515 mart.
1191 4456 1224 4513 a⁰
1241 4457 1282 4514 2⁰.
1300 4449 1352 4532 (4,
1370 4448 1474 4530 212⁸).

540 4609 656 4694 668.
1507 4644 1598 4708 1544,
1615 4624 1804 4710 21sav1'er.

534 4727 631 4814 Supp.
648 4727 880 4815 Raymundus,
897 4728 999 4815 episc.
1024 4725 1204 4808 Morinen.,
1231 4737 1323 4812 quat.
1339 4727 1448 4793 eidem
1465 4727 1650 4793 concedere
1666 4727 1847 4811 dignemini

500 4839 529 4894 ut
542 4831 622 4898 duos
636 4833 838 4899 tabelliones
852 4853 911 4899 seu
927 4833 1077 4899 notarios
1093 4852 1207 4898 creare
1223 4832 1338 4918 possit.
1354 4873 1397 4881 -
1414 4830 1491 4898 Fiat
1512 4831 1551 4897 R.

437 5019 440 5036 .
537 4934 610 5003 Dat.
626 4957 680 5024 ap.
697 4936 947 5004 Villamnovam
965 4936 1063 5019 9kal.
1079 4946 1177 5002 mart.
1194 4945 1227 5002 a⁰
1245 4943 1286 5001 2⁰.
1304 4939 1356 5021 (4,
1374 4937 1479 5021 215l').

437 5197 440 5242 l

437 5261 441 5298 l

503 5113 737 5132 *—

533 5228 552 5277 l.
562 5228 617 5281 loir
632 5248 657 5283 n.
670 5235 726 5284 404.
