4650 6059
1031 761 1119 835 1345,
1141 759 1191 825 8-9
1213 764 1292 826 abit.
1780 767 1835 831 221

484 916 664 998 juramento
680 912 807 978 vallata
832 912 977 997 partium
1001 910 1236 999 predictarum,
1259 913 1396 998 ipseque
1423 921 1534 1000 partes
1561 936 1659 1002 super
1683 920 1836 983 observa·

484 1018 565 1082 tione
580 1017 673 1082 dicte
689 1015 975 1102 pronunciationis
991 1036 1026 1081 se
1049 1016 1273 1082 submiserunt
1288 1026 1409 1103 sponte
1433 1027 1467 1084 et
1493 1020 1595 1085 libere
1615 1021 1835 1105 jurisdictioni

483 1123 702 1206 cujuscunque
716 1128 788 1185 tam
812 1120 1037 1186 ecclesiastice
1053 1140 1153 1203 quam
1169 1120 1308 1185 seculari
1324 1143 1332 1200 ;
1349 1121 1503 1206 dignetur
1519 1122 1558 1189 V.
1575 1124 1605 1189 S.
1622 1124 1747 1190 dictam
1763 1146 1837 1212 pro·

482 1226 738 1304 nunciationem‚
754 1232 855 1310 prout
880 1225 914 1289 in
935 1224 1055 1290 litteris
1078 1223 1168 1289 dicte
1183 1225 1471 1309 pronunciationis
1490 1227 1598 1312 sigillo
1624 1229 1725 1313 ipsius
1747 1230 1837 1297 dom.

480 1330 558 1413 regis
575 1327 719 1394 Francie
734 1327 885 1412 sigillatis
900 1328 1030 1414 plenius
1045 1328 1246 1409 continetur,
1264 1329 1297 1393 in
1322 1339 1485 1414 quantum
1508 1332 1617 1417 tangit
1633 1333 1837 1420 episcopum,

480 1434 655 1501 ecclesiam
680 1431 839 1499 Leodien.
856 1440 890 1499 et
916 1433 1038 1501 ducem
1061 1432 1280 1519 supradictos,
1297 1442 1433 1521 propter
1459 1439 1585 1523 bonum
1600 1438 1692 1523 pacis
1707 1446 1742 1504 et
1758 1459 1838 1504 con·

481 1539 599 1619 cordie,
617 1546 653 1603 et
669 1546 707 1604 ut
722 1538 869 1623 pericula
893 1538 1133 1605 discordiarum
1159 1536 1320 1625 deinceps
1339 1538 1496 1621 vitentur,
1525 1540 1638 1624 quein
1656 1542 1720 1607 illis
1735 1544 1839 1628 parti·

481 1648 546 1725 bus,
556 1643 646 1711 sicut
658 1641 864 1728 experientia
877 1642 1039 1708 continua
1051 1641 1167 1708 docuit
1179 1650 1214 1707 et
1225 1642 1336 1723 docet,
1346 1650 1423 1708 sunt
1439 1645 1718 1730 quamplurimum
1731 1647 1839 1712 detes·

482 1749 608 1829 tabiles,
625 1766 766 1813 onerose
782 1752 816 1812 et
832 1746 1069 1834 importabiles,
1090 1754 1125 1811 et
1145 1745 1320 1833 presertim
1345 1747 1494 1813 ecclesiis
1517 1756 1552 1814 et
1568 1750 1719 1834 personis
1734 1752 1840 1817 eccle·

484 1851 629 1934 siasticis,
646 1858 736 1918 auct.
752 1858 859 1938 apost.
872 1851 1080 1933 confirmare,
1098 1858 1349 1918 conservatores
1364 1872 1461 1938 super
1476 1851 1542 1919 hoc
1558 1855 1785 1923 concedendo.
1798 1896 1840 1908 -

486 1956 641 2024 Videatur
655 1954 689 2022 in
700 1955 899 2023 cancellaria
912 1955 1157 2043 pronunciatio
1171 1963 1206 2021 et
1218 1954 1456 2023 confirmentur
1467 1957 1595 2024 articuli
1612 1979 1711 2046 super
1722 1961 1840 2047 quibus

488 2071 532 2129 est
547 2060 662 2128 debite
677 2060 947 2148 pronunciatum,
964 2069 999 2127 et
1024 2060 1079 2149 qui
1105 2060 1281 2128 continent
1307 2059 1552 2146 certitudinem,
1576 2072 1610 2132 et
1626 2064 1746 2131 dentur
1762 2086 1841 2133 con·

490 2176 681 2234 servatores
699 2165 739 2233 R.

528 2271 604 2338 Dat.
620 2270 722 2338 Avin.
740 2288 757 2336 2
774 2291 853 2338 non.
869 2291 944 2358 aug.
960 2278 994 2338 a⁰
1005 2278 1048 2358 4⁰.
1062 2271 1110 2357 (9,
1132 2291 1168 2337 12
1173 2270 1234 2357 ς’).
1273 2314 1278 2322 -

538 2408 642 2492 891·
1564 2442 1658 2507 1345,
1676 2425 1697 2489 8
1711 2430 1799 2491 norit.

532 2528 628 2595 Motu
644 2526 780 2615 proprio
795 2527 1009 2613 providemus
1034 2526 1206 2593 Bernardo
1232 2526 1274 2592 de
1291 2525 1495 2608 Ventodom,
1513 2549 1585 2594 can.
1614 2527 1843 2615 Burdegalen,

494 2634 611 2701 decan.
634 2639 671 2697 et
695 2633 788 2718 preb.
804 2634 886 2699 ecc-l.
908 2633 1136 2713 Cameracen,
1153 2651 1227 2698 vac.
1252 2652 1311 2718 per
1338 2634 1391 2698 ob.
1420 2631 1565 2699 Richerii
1581 2631 1623 2697 de
1650 2632 1763 2715 Stella,
1789 2635 1844 2718 qui

495 2748 579 2805 extra
596 2735 695 2803 Rom.
724 2755 791 2803 cur.
817 2736 907 2804 diem
931 2737 1050 2806 clausit
1074 2744 1272 2818 extremum,
1289 2735 1350 2801 nisi
1379 2735 1411 2801 in
1428 2736 1507 2824 ipsis
1533 2758 1608 2805 can.
1636 2746 1670 2805 et
1686 2740 1778 2826 preb.
1791 2738 1844 2823 jus

495 2840 581 2910 fuerit
596 2840 693 2908 alteri
709 2839 887 2927 quesitum.
910 2883 953 2891 -
969 2841 1046 2908 Fiat
1062 2848 1157 2907 motu
1173 2838 1308 2930 proprio
1325 2839 1365 2907 R.

530 2947 606 3016 Dat.
619 2943 719 3012 Avin.
737 2950 755 3010 6
772 2944 815 3013 id.
832 2967 905 3033 aug.
921 2954 954 3014 a⁰
970 2954 1013 3034 4⁰.
1030 2947 1079 3031 (9,
1100 2946 1203 3031 145⁷).

537 3088 646 3175 892·
1163 3141 1171 3159 ·
1566 3116 1660 3181 1343,
1677 3118 1697 3182 9
1713 3103 1800 3165 aoat.

528 3210 628 3297 Supp.
641 3209 762 3290 Guido,
776 3207 989 3273 Cameracen.
1003 3204 1126 3289 episc.¹,
1137 3201 1227 3285 quod
1245 3223 1320 3266 cum
1336 3202 1407 3287 ipse
1423 3201 1597 3267 civitatem
1614 3212 1647 3267 et
1663 3203 1843 3268 dioecesim

490 3312 698 3381 Cameracen.
716 3314 849 3379 visitare
864 3318 1042 3397 proponat,
1059 3308 1093 3372 in
1109 3307 1227 3390 quibus
1244 3307 1320 3371 talis
1340 3315 1374 3371 et
1391 3314 1484 3372 tanta
1501 3316 1550 3372 est
1567 3308 1699 3373 caristia
1715 3309 1843 3374 victua-

490 3418 574 3499 lium,
591 3421 683 3505 quod
697 3421 793 3506 juxta
810 3425 917 3482 status
932 3414 980 3479 sui
997 3411 1189 3479 decentiam
1216 3410 1385 3476 visitando
1401 3412 1579 3477 sustentari
1595 3412 1711 3496 nequit
1727 3413 1759 3477 in
1775 3414 1844 3479 vic·

489 3526 629 3590 tualibus
651 3534 686 3589 et
703 3524 775 3590 aliis
798 3521 858 3587 sibi
885 3517 1080 3585 necessariis
1106 3515 1147 3580 de
1172 3535 1302 3580 summa
1329 3515 1408 3580 olim
1437 3523 1552 3581 taxata
1577 3526 1611 3582 et
1627 3518 1769 3583 limitata
1785 3539 1844 3603 per

489 3627 740 3713 Blssenedictum)
756 3647 879 3714 paparo
896 3622 964 3688 Xll
981 3621 1193 3688 visitantibus
1220 3619 1392 3684 civitatem
1409 3629 1442 3684 et
1458 3620 1638 3685 dioecesim
1655 3642 1738 3702 suaS,
1758 3622 1795 3688 E.
1813 3623 1844 3688 S.

487 3734 620 3818 placeat
647 3733 709 3819 ipsi
736 3729 937 3817 supplicanti
959 3726 1144 3793 concedere
1172 3731 1207 3789 ut
1233 3745 1252 3788 a
1280 3725 1430 3809 personis
1446 3733 1480 3789 et
1496 3725 1587 3806 locis,
1605 3746 1686 3809 quas
1702 3735 1736 3791 et
1763 3748 1846 3811 quos

486 3838 592 3923 ipsum
606 3838 740 3902 visitare
753 3836 935 3919 continget,
949 3832 1078 3914 exigere
1091 3831 1196 3916 possit
1208 3838 1242 3894 et
1253 3830 1365 3895 valeat
1381 3831 1651 3916 procurationem
1665 3853 1845 3916 congruam

487 3954 518 4006 et
533 3943 695 4022 debitam,
712 3949 811 4027 prout
827 3947 927 4003 antea
945 3935 1128 4001 secundum
1141 3935 1195 4019 jus
1212 3956 1390 4000 commune
1408 3935 1456 3999 sui
1473 3935 1721 4021 predecessores
1738 3939 1846 4022 exige·

488 4047 566 4112 bant
583 4056 619 4112 et
636 4052 881 4113 consueverunt
897 4042 1043 4127 recipere
1070 4050 1104 4104 ct
1129 4041 1277 4120 liabere3
1306 4061 1373 4105 non
1401 4043 1486 4106 obst.
1504 4040 1742 4108 constitutione
1766 4041 1846 4108 dicti

491 4147 661 4217 Benedicti
678 4170 776 4236 snper
791 4149 856 4214 hoc
873 4146 974 4212 edita.
992 4185 1032 4196 -
1051 4144 1126 4209 Fiat
1144 4143 1183 4210 R.

530 4256 610 4322 Dat.
627 4255 726 4322 Avin.
746 4275 762 4340 5
780 4253 823 4320 id.
841 4272 914 4337 aug.
932 4259 964 4316 a⁰
981 4260 1023 4336 4⁰.
1041 4251 1089 4337 (9,
1112 4251 1198 4333 129).

537 4393 651 4482 893'·
1562 4421 1692 4487 13439
1717 4410 1804 4471 nortl.

533 4515 634 4601 Supp.
650 4532 739 4596 mag.
755 4508 929 4589 Jolrannes
955 4507 997 4573 de
1025 4507 1139 4586 Roest,
1164 4506 1244 4570 olim
1272 4505 1303 4571 S.
1331 4504 1361 4583 J.
1387 4504 1425 4570 B.
1453 4505 1495 4570 de
1524 4505 1728 4574 lllolenbeke
1752 4511 1848 4595 juxta

498 4615 679 4684 Bruxellam
690 4625 725 4682 et
734 4614 923 4700 Stephanus
933 4612 1041 4677 dictus
1053 4609 1280 4695 Walschpape
1293 4619 1313 4689 ²,
1331 4610 1410 4674 olim
1424 4610 1462 4674 B.
1478 4610 1526 4676 M.
1539 4612 1581 4677 de
1594 4612 1826 4698 Busenglreem
1838 4625 1848 4658 ³

498 4725 639 4806 parroch.
655 4722 870 4790 ecclesiarum
887 4727 1042 4797 rectores,
1059 4716 1275 4780 Cameracen.
1293 4714 1389 4794 dioc,
1407 4725 1498 4798 quat.
1516 4737 1591 4781 cum
1605 4717 1666 4803 ipsi
1677 4717 1849 4796 Johannes

499 4845 549 4909 per
562 4838 811 4915 procuratorem
828 4849 923 4893 sunm
940 4826 1125 4910 legitimum
1154 4827 1189 4883 et
1214 4819 1403 4903 Stephanus
1428 4840 1486 4905 per
1510 4840 1544 4884 se
1569 4820 1677 4886 dictas
1692 4822 1850 4887 ecclesias

502 4952 534 4996 ex
549 4955 647 5000 causa
660 4934 915 5020 pemmtationis
932 4931 974 4996 ad
991 4929 1135 4994 invicem
1152 4924 1304 4989 faciende
1321 4923 1353 4987 in
1370 4924 1523 4989 manibus
1541 4924 1579 4989 R.
1599 4925 1634 4991 P.
1651 4926 1740 4991 dom.
1760 4926 1849 5011 Ray·

533 5173 661 5221 iltnnlcr.
676 5175 814 5221 iuml„-
848 5174 869 5218 2.
893 5168 1112 5217 lirivnrroll'alselr
1133 5177 1169 5215 est
1192 5166 1242 5214 cib}
1262 5180 1359 5213 ‹mnnnc
1376 5168 1436 5212 νυνί·
1453 5164 1484 5212 ‹la
1499 5163 1771 5213 liniunt-atloanni
1789 5166 1848 5213 lala

511 5246 632 5306 utillimis,
648 5234 721 5294 Eride
733 5247 870 5307 irnperio.
886 5247 903 5296 l.
917 5246 1028 5306 1111).-
1046 5247 1067 5292 3.
1081 5246 1155 5291 t'cttc
1168 5243 1276 5305 paroisse
1289 5239 1408 5302 s'nppellc
1419 5237 1581 5300 nujounl'lrui
1598 5240 1734 5299 lidi-ghent.
