4650 6059
478 781 541 845 206
1039 778 1127 855 1345,
1152 778 1187 841 19
1209 774 1277 840 mai.

479 955 545 999 una
562 941 666 1018 parte,
683 939 718 995 et
734 930 918 1015 capitulum
944 930 1046 1015 ipsius
1074 929 1156 995 eccl.
1183 928 1378 995 Laudunen.
1395 952 1437 994 ex
1458 932 1573 1010 altera,
1591 950 1632 995 ac
1648 939 1840 995 executores

477 1036 628 1102 defuncti
645 1054 732 1118 mag.
748 1032 885 1099 Gerardi
902 1033 944 1099 de
961 1031 1194 1113 Monteacuto,
1220 1033 1401 1117 aliquando
1427 1033 1470 1098 de
1486 1034 1553 1099 suis
1576 1034 1728 1119 pecuniis
1743 1034 1839 1118 ipsius

480 1139 627 1225 magistri
644 1137 898 1203 necessitatibus
913 1140 1138 1202 subvenerunt
1154 1159 1162 1215 ;
1180 1146 1283 1221 quat,
1300 1136 1482 1222 indigentie
1494 1146 1530 1203 et
1540 1136 1724 1203 calamitati
1741 1137 1835 1222 ipsius

480 1252 622 1330 patemo
638 1240 885 1326 compatientes
909 1240 1043 1321 affectu,
1059 1239 1310 1306 considerantes
1335 1241 1471 1326 longam
1498 1241 1775 1325 expectationem
1798 1243 1835 1305 ob

478 1348 607 1414 dictam
624 1365 758 1410 causam
774 1343 835 1409 sibi
851 1343 965 1427 quoad
979 1344 1049 1428 ejus
1064 1351 1191 1409 statum
1218 1343 1464 1410 intolerabilem
1479 1352 1514 1409 et
1529 1345 1636 1408 multa
1651 1344 1723 1430 ejus
1745 1343 1838 1408 infor·

476 1450 583 1529 tunia,
601 1469 665 1532 que
681 1467 816 1513 narrare
830 1455 969 1532 propter
984 1447 1212 1532 prolixitatem
1228 1447 1365 1529 omittit,
1382 1448 1491 1513 eidem
1507 1447 1550 1513 de
1564 1450 1642 1512 ben.
1659 1448 1743 1513 eccl.
1768 1467 1797 1512 c.
1813 1468 1838 1511 c.

480 1556 535 1619 vel
551 1573 576 1619 s.
587 1574 626 1632 c.,
644 1551 736 1636 cujus
752 1550 928 1631 fructus....,
945 1549 971 1615 si
988 1571 1017 1616 c.
1033 1571 1062 1616 c.
1083 1570 1152 1629 100,
1170 1550 1196 1615 si
1220 1571 1302 1616 vero
1317 1572 1342 1617 s.
1359 1572 1388 1617 c.
1399 1550 1497 1617 fuerit
1515 1556 1555 1617 60
1571 1552 1627 1616 lib.
1643 1550 1723 1617 Tur.
1738 1572 1841 1637 parv,

480 1678 546 1723 sec.
563 1664 632 1721 tax.
648 1654 789 1734 decime,
805 1655 957 1719 valorem
981 1675 1128 1719 annuum
1144 1674 1214 1719 non
1239 1654 1414 1736 excedant,
1430 1662 1604 1740 spectante
1621 1656 1842 1721 communiter

481 1762 535 1824 vel
551 1758 685 1824 divisim
701 1758 744 1823 ad
759 1758 998 1842 cujuscumque
1024 1778 1082 1822 seu
1106 1776 1382 1842 quorumcunque
1399 1759 1507 1823 coll...
1523 1758 1713 1842 ubicunque
1729 1759 1764 1823 in
1781 1759 1844 1824 civ.

480 1864 535 1929 vel
550 1863 637 1928 dioc.
661 1861 818 1927 Parisien.
838 1861 1021 1946 dignemini
1036 1861 1235 1946 providere;
1263 1881 1397 1927 necnon
1422 1861 1465 1926 de
1489 1862 1651 1946 regimine
1676 1862 1844 1927 scolarum

478 1968 679 2046 Tomacen.,
696 1986 773 2031 cum
789 1964 945 2030 omnibus
957 1964 1084 2049 juribus
1099 1972 1134 2029 et
1156 1964 1394 2029 emolumentis
1410 1963 1557 2049 ipsarum
1573 1964 1796 2030 tenendarum
1811 1976 1847 2031 et

482 2069 768 2156 possidendarum,
784 2068 894 2133 donec
908 2068 1033 2133 virtute
1047 2075 1159 2132 vestre
1185 2067 1350 2153 presentis
1372 2068 1477 2153 gratie
1493 2070 1571 2134 ben.
1596 2068 1732 2153 aliquod
1756 2071 1847 2156 paci-

483 2175 545 2240 fice
562 2174 659 2238 fuerit
676 2180 869 2252 assecutus3
887 2179 922 2236 et
948 2171 1039 2256 quod
1062 2171 1189 2236 eisdem
1211 2170 1311 2237 scolis
1332 2172 1439 2257 possit
1465 2192 1525 2257 per
1549 2172 1652 2238 alium
1674 2166 1848 2254 deserviri,

482 2277 618 2343 statutis
634 2284 669 2341 et
681 2276 978 2341 consuetudinibus
994 2276 1028 2339 in
1044 2275 1250 2340 contrarium
1266 2274 1365 2341 editis
1378 2295 1448 2341 non
1464 2278 1551 2342 obst.
1566 2276 1822 2361 quibuscunque
1839 2301 1847 2358 ;

482 2402 552 2447 non
577 2384 663 2445 obst.
677 2380 768 2464 quod
784 2399 860 2445 can.
875 2379 958 2445 eccl.
974 2377 1170 2444 Laudunen.
1186 2381 1247 2443 sub
1264 2398 1339 2464 exp.
1351 2382 1454 2465 preb,
1465 2400 1567 2464 quam
1581 2387 1719 2465 propter
1734 2382 1850 2466 plures

483 2492 702 2570 expectantes
718 2484 826 2570 ipsum
842 2483 876 2547 in
901 2482 983 2548 data
1007 2480 1237 2567 precedentes,
1264 2480 1349 2548 infra
1374 2484 1477 2547 breve
1492 2503 1562 2548 non
1577 2490 1690 2568 sperat
1703 2484 1848 2569 assequi,

483 2597 641 2654 noscatur
657 2586 820 2653 obtinere.

527 2690 589 2755 Vel
604 2691 745 2776 gratiam
760 2690 947 2776 predictam
969 2690 1012 2755 de
1028 2710 1101 2755 can.
1117 2691 1178 2754 sub
1203 2709 1280 2774 exp.
1306 2692 1399 2775 preb.
1424 2690 1527 2774 ipsius
1549 2691 1632 2755 eccl.
1648 2689 1848 2759 Laudunen.

477 2794 665 2880 dignemini
680 2795 852 2881 ampliare,
864 2794 908 2860 ad
922 2793 1012 2878 dign.
1028 2793 1252 2873 extendendo,
1263 2793 1365 2859 etiam
1380 2794 1407 2858 si
1423 2814 1483 2880 per
1498 2793 1700 2860 electionem
1712 2794 1756 2860 ad
1772 2816 1848 2861 eam

484 2899 697 2965 consueverit
712 2898 786 2984 quis
800 2896 934 2964 assumi.
949 2938 993 2946 -
1009 2896 1085 2963 Fiat
1100 2897 1204 2962 etiam
1220 2896 1246 2962 si
1263 2917 1323 2983 per
1338 2897 1551 2978 electionem,
1566 2918 1636 2963 non
1652 2900 1739 2964 obst.
1757 2899 1848 2982 quod

483 3023 588 3088 nuper
600 3012 696 3068 motu
711 3001 846 3088 proprio
861 3001 924 3067 sibi
939 3000 1146 3086 providimus
1157 3000 1200 3066 de
1217 3008 1342 3067 canet
1364 3003 1456 3087 preb.
1473 2999 1679 3066 Noviomen.
1696 2999 1737 3067 R.

527 3179 612 3239 830.
629 3171 759 3250 Jacobo
775 3172 891 3238 Loude
910 3172 952 3238 de
968 3171 1075 3258 Ypris,
1092 3192 1179 3256 mag.
1198 3171 1234 3236 in
1250 3179 1322 3252 art,
1340 3169 1508 3237 Morinen.
1524 3171 1621 3252 dioc,
1628 3171 1710 3237 alias
1724 3174 1847 3238 rectori

484 3276 709 3341 universitatis
725 3275 882 3341 Parisien.
900 3285 918 3356 ¹,
934 3295 1025 3340 nunc
1036 3274 1079 3340 ad
1088 3273 1192 3360 pedes
1204 3273 1244 3340 V.
1258 3273 1289 3339 S.
1301 3274 1426 3340 nuncio
1437 3274 1615 3355 destinate,
1632 3275 1689 3359 qui
1700 3276 1846 3358 regendo

484 3380 644 3446 continue
668 3379 703 3444 in
729 3379 943 3459 naturalibus
971 3377 1304 3464 methaphisicalibus
1329 3387 1363 3443 et
1390 3378 1570 3443 moralibus
1586 3385 1665 3443 octo
1681 3379 1779 3444 annis
1792 3380 1845 3443 vel

485 3483 633 3570 pluribus
648 3482 683 3546 in
699 3482 810 3548 studio
827 3481 985 3547 Parisien.
1011 3482 1185 3562 laboravit,
1201 3502 1261 3567 per
1287 3481 1397 3565 aliqua
1421 3490 1576 3567 tempora
1596 3481 1629 3546 in
1654 3482 1847 3567 theologica

485 3588 612 3653 studuit
627 3586 809 3666 facultate;
826 3586 1009 3651 nechabet
1033 3585 1122 3650 unde
1142 3585 1186 3651 ad
1200 3584 1339 3670 gradum
1363 3584 1500 3651 honoris
1521 3584 1554 3649 in
1579 3584 1670 3650 dicta
1685 3584 1846 3651 facultate

485 3692 598 3756 valeat
614 3690 815 3776 promoveri,
832 3710 908 3756 cum
923 3692 1013 3754 bona
1037 3710 1101 3773 que
1125 3688 1243 3754 habuit
1258 3688 1300 3754 de
1323 3688 1529 3774 patrimonio
1551 3709 1611 3775 per
1627 3687 1848 3754 Flandrenses

488 3796 622 3881 penitus
652 3795 784 3860 fuerunt
814 3794 1019 3874 devastata,
1047 3801 1139 3877 quat.
1165 3792 1227 3858 sibi
1253 3793 1296 3858 de
1321 3792 1378 3858 off.
1402 3814 1461 3858 seu
1490 3793 1651 3878 regimine
1681 3794 1847 3859 scolarum

488 3898 698 3984 Yprensium,
716 3897 884 3963 Morinen.
900 3897 998 3979 dioc,
1013 3906 1188 3983 spectante
1215 3896 1259 3963 ad
1284 3898 1360 3962 coll.
1376 3898 1536 3983 prepositi
1561 3906 1596 3964 et
1611 3906 1802 3964 conventus
1818 3898 1849 3963 S.

488 4000 627 4066 Martini
644 4000 813 4086 Yprensis,
829 4003 919 4068 dicte
934 4001 1032 4082 dioc„
1044 4022 1121 4067 cum
1137 4001 1283 4086 ipsarum
1295 4001 1432 4085 juribus,
1444 4002 1655 4087 pertinentiis
1670 4009 1706 4066 et
1721 4004 1849 4067 emolu·

485 4107 607 4170 mentis
645 4106 816 4185 universis,
855 4126 914 4191 per
948 4127 983 4171 se
1022 4107 1076 4169 vel
1115 4105 1218 4170 alium
1249 4104 1477 4189 regendarum,
1520 4104 1678 4170 idoneum
1721 4112 1848 4185 tamen,

485 4209 631 4272 maxime
649 4229 725 4273 cum
741 4218 879 4294 propter
891 4210 1038 4294 pericula
1053 4208 1295 4274 sententiarum
1311 4207 1669 4275 excommunicationis
1684 4215 1720 4272 et
1746 4208 1848 4272 inter-

485 4311 566 4375 dicti
584 4314 618 4374 in
635 4312 761 4376 eisdem
778 4314 995 4397 personaliter
1010 4333 1077 4377 non
1101 4313 1239 4379 auderet
1266 4313 1410 4379 residere
1426 4336 1434 4392 ;
1459 4333 1527 4378 non
1544 4315 1630 4379 obst.
1646 4312 1848 4396 quibuscun-

486 4434 551 4497 que
567 4416 700 4479 statutis
717 4427 751 4480 et
767 4416 1062 4482 consuetudinibus
1077 4417 1111 4480 in
1128 4417 1333 4481 contrarium
1354 4416 1450 4482 factis
1471 4437 1530 4481 seu
1555 4415 1658 4481 etiam
1677 4414 1847 4495 faciendis,

487 4516 605 4599 quibus
622 4517 714 4582 dicta
725 4517 830 4601 gratia
846 4519 973 4585 valeret
988 4520 1151 4606 impediri,
1168 4522 1305 4587 excluso
1321 4522 1412 4587 omni
1430 4521 1506 4601 alio,
1529 4527 1743 4606 preterquam
1760 4528 1848 4585 auct.

485 4619 572 4683 sedis
588 4629 706 4705 apost,
720 4641 909 4706 possessore
924 4646 933 4702 ;
950 4644 1018 4689 non
1034 4628 1120 4690 obst.
1136 4624 1227 4708 quod
1243 4645 1318 4690 can.
1330 4629 1390 4690 sub
1407 4645 1482 4710 exp.
1495 4626 1588 4709 preb.
1604 4622 1687 4689 eccl.
1702 4622 1735 4687 S.
1757 4621 1847 4688 Petri

488 4721 677 4803 Insulensis,
695 4723 880 4791 Tomacen.
896 4726 994 4808 dioc,
1010 4748 1110 4811 quam
1129 4727 1303 4814 [gratiam]
1322 4729 1384 4793 sibi
1400 4728 1498 4793 timet
1512 4727 1647 4813 penitus
1662 4724 1733 4791 fore
1749 4725 1848 4790 inuti·

486 4827 553 4889 lem
569 4837 706 4911 propter
722 4830 846 4893 multos
862 4830 918 4913 qui
935 4831 1043 4915 ipsum
1059 4830 1092 4895 in
1116 4831 1209 4896 dicta
1232 4832 1338 4916 gratia
1356 4832 1570 4910 antecedunt,
1586 4829 1736 4895 noscitur
1763 4830 1847 4896 obti-

487 4950 576 4995 nere.
593 4971 637 4979 -
655 4931 732 4996 Fiat
747 4933 790 4997 de
806 4953 879 4999 can.
892 4938 951 4999 sub
969 4955 1044 5019 exp.
1056 4937 1148 5019 preb.
1166 4937 1248 5000 eccl.
1268 4934 1446 5015 Morinen.,
1457 4936 1490 4999 in
1508 4934 1616 5001 forma
1633 4932 1673 5000 R.

523 5200 543 5246 l.
558 5198 661 5257 Denifle,
680 5198 802 5258 tlrarrul,
814 5200 847 5258 11,
861 5203 974 5249 stt-oea.
