4650 6059
935 742 1023 817 1349,
1045 742 1137 806 23-24
1158 744 1331 823 septembre.
1751 750 1813 815 469

462 900 538 963 lien.
555 897 653 973 dioc,
669 895 711 960 de
727 897 804 958 ben.
821 894 902 958 eccl.
918 892 961 958 ad
988 894 1063 958 coll.
1089 894 1226 979 capituli
1251 894 1282 961 S.
1307 893 1474 972 Johannis
1502 897 1630 983 Evang.
1650 898 1810 966 Leodien.

467 1022 544 1067 vac.
560 1000 614 1063 vel
631 995 759 1082 vacat]
778 995 959 1080 dignemini
976 995 1162 1081 providere.
1179 996 1317 1062 —Fiat
1341 997 1381 1063 R.

493 1105 573 1169 Dat.
591 1123 645 1186 ap.
662 1099 908 1165 Villamnovam
926 1120 943 1180 9
959 1098 1027 1165 kal.
1044 1108 1111 1166 oct.
1127 1106 1160 1165 a⁰
1177 1102 1219 1165 8⁰.
1237 1101 1308 1185 (18,
1326 1103 1410 1187 20').

504 1241 651 1326 1803.
1405 1274 1500 1338 1549,
1517 1274 1557 1338 23
1578 1260 1768 1342 septembre.

494 1360 627 1444 Supp...
647 1356 802 1442 Philippa
815 1355 857 1419 de
870 1354 1006 1434 Baucio,
1022 1355 1159 1420 domina
1174 1354 1217 1419 de
1231 1355 1411 1441 Apcheri0,
1428 1366 1520 1441 quat.
1535 1358 1728 1445 [capellano
1753 1382 1811 1427 suo

462 1462 638 1528 lomestico
653 1459 801 1536 Johanni
818 1460 987 1542 quondam
997 1458 1137 1524 Gilberti
1155 1458 1203 1525 Le
1215 1460 1349 1542 Tieson,
1356 1462 1397 1527 de
1414 1462 1598 1543 Dionanto,
1614 1464 1812 1548 presbitero]

462 1566 612 1631 ,eodien
628 1564 725 1643 dioc,
741 1563 784 1627 de
797 1563 910 1646 aliquo
925 1566 1001 1628 ben.
1018 1564 1130 1629 eccl...
1148 1563 1191 1630 ad
1208 1566 1283 1630 coll.
1300 1566 1459 1652 episcopi,
1476 1566 1645 1652 prepositi,
1662 1567 1811 1633 decani...

462 1679 484 1733 :t
500 1669 706 1751 singulorum
722 1665 1032 1731 archidiaconorum
1049 1674 1082 1731 et
1092 1669 1252 1733 abbatum
1265 1669 1461 1734 secularium
1472 1677 1506 1733 et
1517 1669 1756 1734 canonicorum
1769 1691 1810 1735 ac

462 1774 588 1859 :apituli
614 1771 754 1836 ecclesie
782 1768 941 1836 Leodien.
966 1770 1148 1854 dignemini
1174 1772 1350 1858 providere
1363 1796 1371 1852 ;
1397 1793 1467 1838 non
1495 1775 1580 1838 obst.
1607 1774 1697 1857 quod
1722 1774 1811 1839 idem

462 1876 625 1942 lohannes
641 1872 809 1958 quoddam
834 1875 941 1938 altare
968 1874 1001 1937 in
1026 1875 1108 1939 eccl.
1135 1874 1298 1941 Dionensi
1325 1875 1474 1942 noscitur
1489 1876 1652 1941 obtinere.
1668 1917 1711 1926 -
1736 1876 1811 1942 Fiat

463 1981 492 2045 t.
508 1979 669 2045 adunam
685 1978 899 2062 collegiatam
915 1998 1015 2061 quam
1031 1978 1179 2062 elegerit.

494 2082 574 2147 Dat.
591 2103 643 2167 ap.
660 2080 911 2146 Villamnovam
929 2100 946 2159 9
961 2078 1028 2144 kal.
1042 2088 1108 2145 oct.
1124 2087 1157 2145 a⁰
1174 2083 1216 2146 8⁰.
1234 2080 1305 2165 (18,
1320 2082 1388 2166 23).

503 2218 653 2300 1804.
1408 2250 1503 2316 1349,
1521 2252 1561 2315 ²4
1578 2235 1767 2319 septembre.

495 2337 716 2403 Providemus
731 2344 826 2400 motu
842 2335 977 2420 proprio
994 2334 1144 2400 Henrico
1159 2335 1202 2400 de
1219 2333 1329 2400 Lenis
1345 2352 1366 2416 ¹,
1383 2335 1543 2403 Leodien.
1559 2336 1657 2417 dioc,
1673 2357 1759 2420 mag.
1776 2336 1809 2399 in

461 2441 542 2506 licta
561 2440 612 2526 [in
628 2437 816 2523 theologie]
836 2437 1008 2518 facultate,
1024 2438 1066 2503 de
1083 2459 1155 2503 can.
1173 2448 1208 2503 et
1223 2437 1483 2523 preumelden,
1500 2459 1574 2507 vac.
1590 2459 1650 2526 per
1665 2442 1718 2505 ob.
1736 2438 1811 2504 Fla·

462 2544 555 2628 ningi
571 2543 614 2607 de
627 2541 752 2608 Lauda.
768 2582 811 2590 —
828 2540 903 2606 Fiat
919 2549 1014 2607 motu
1029 2542 1176 2628 proprio.
1193 2540 1234 2607 R.

494 2647 558 2712 Vel
574 2648 608 2711 in
624 2666 705 2712 casu
720 2666 787 2728 quo
809 2644 993 2711 nominatis
1008 2666 1068 2731 per
1083 2646 1211 2730 regales
1223 2645 1266 2712 de
1282 2645 1408 2711 eisdem
1423 2646 1597 2732 provisum
1612 2647 1710 2712 fuerit
1722 2647 1812 2731 quod

463 2752 657 2818 ›rebendam
673 2749 894 2815 Leodiensem
909 2749 952 2814 ad
964 2770 1064 2833 quam
1075 2757 1245 2834 expectat,
1251 2749 1513 2833 quibuscumque
1527 2751 1811 2816 reservacionibus

462 2857 548 2921 actis
564 2855 617 2919 vel
644 2852 804 2919 faciendis
829 2872 896 2916 non
922 2853 1018 2930 obst,
1042 2849 1204 2915 canonice
1224 2858 1417 2935 acceptatas
1442 2852 1497 2916 vel
1512 2852 1738 2938 acceptandas
1754 2872 1812 2936 per

465 2981 561 3045 psum
576 2959 631 3022 vel
647 2965 899 3043 procuratorem
915 2975 1011 3019 suurn
1026 2954 1140 3019 valeat
1157 2954 1318 3020 obtinere.
1331 2954 1462 3021 -Fiat
1477 2955 1519 3020 de
1535 2955 1812 3021 reservationibus

462 3063 654 3149 specialibus
669 3082 728 3146 per
743 3080 805 3126 nos
822 3059 929 3124 sactis.
943 3058 983 3125 R.

496 3168 576 3232 Dat.
593 3188 646 3252 ap.
663 3166 692 3227 V
695 3167 911 3230 illamnovam
929 3166 947 3227 8
964 3162 1031 3228 kal.
1049 3172 1115 3228 oct.
1132 3170 1164 3228 a⁰
1182 3165 1224 3229 8⁰.
1241 3165 1312 3246 (18,
1334 3165 1379 3247 5).

507 3304 652 3386 1805.
1412 3335 1506 3398 1349,
1524 3336 1562 3398 24
1580 3316 1769 3400 septembre.

497 3424 600 3508 Supp.
618 3422 744 3499 Petrus,
762 3421 888 3483 electus
915 3417 1170 3497 Tornacensisfi,
1198 3425 1287 3500 quat.
1312 3416 1421 3482 eidem
1445 3417 1613 3503 indulgere
1629 3418 1810 3500 dignemini

462 3528 544 3612 puod
559 3527 602 3590 de
617 3526 714 3589 bonis
741 3525 842 3609 ipsius
869 3523 1083 3607 episcopatus
1107 3522 1212 3606 possit
1236 3523 1350 3585 testari
1368 3531 1402 3586 et
1426 3524 1517 3601 alias,
1535 3524 1619 3587 utin
1636 3522 1753 3588 forma.
1771 3563 1812 3571 -

462 3631 530 3697 Fiat
557 3631 596 3695 R.

496 3734 595 3811 Item,
613 3733 722 3798 eidem
738 3733 842 3796 altare
858 3729 1021 3814 portabile
1039 3726 1223 3793 concedere
1246 3727 1439 3811 dignemini,
1456 3737 1490 3793 et
1505 3730 1595 3812 quod
1622 3738 1699 3793 ante
1723 3729 1811 3793 diem

462 3849 488 3903 et
504 3840 573 3903 alta
589 3858 674 3902 voce
698 3835 803 3922 possit
829 3834 937 3899 facere
965 3832 1134 3910 celebrari,
1160 3831 1263 3896 etiarn
1278 3851 1337 3915 per
1353 3832 1534 3916 religiosos,
1558 3841 1592 3897 et
1616 3833 1708 3910 alias,
1725 3833 1810 3897 utin

462 3941 570 4007 l'orrna.
587 3981 630 3990 -
647 3939 722 4004 Fiat
739 3938 779 4005 R.

498 4045 596 4122 Item,
613 4044 703 4127 quod
715 4063 774 4127 per
787 4041 1004 4127 presbiterum
1015 4039 1185 4124 ydoneum
1196 4039 1353 4104 ecclesias
1368 4047 1403 4103 et
1414 4039 1576 4104 cimiteria
1588 4060 1719 4104 suarum
1732 4040 1810 4103 civi-

462 4149 532 4214 tatis
548 4158 584 4213 et
598 4147 741 4212 diocesis
767 4145 873 4230 possit
900 4144 1007 4208 lacere
1034 4143 1251 4222 reconciliari,
1267 4151 1301 4207 et
1317 4142 1407 4224 alias,
1424 4152 1461 4207 nt
1483 4142 1518 4207 in
1543 4143 1658 4208 forma.
1676 4141 1811 4207 —Fiat

462 4253 497 4317 ad
510 4252 692 4318 triennium
709 4250 749 4315 R.

498 4356 596 4435 Item,
625 4354 715 4440 quod
739 4354 843 4439 possit
871 4372 983 4418 creare
1010 4373 1068 4416 sex
1094 4353 1243 4418 notarios
1270 4352 1471 4419 auctoritate
1498 4352 1693 4437 apostolica,
1717 4353 1810 4417 utin

465 4458 567 4525 lorma.
586 4500 628 4509 —
645 4458 722 4524 Fiat
737 4459 779 4523 de
795 4457 900 4522 tribus
918 4457 959 4521 R.
1343 4465 1344 4468 ’

500 4563 597 4642 Item,
625 4563 715 4647 quod
742 4563 776 4626 in
800 4561 935 4644 singulis
962 4559 1171 4624 monasteriis
1197 4560 1344 4625 virorum
1368 4579 1640 4642 quorumcunque
1657 4559 1810 4623 ordinum

467 4684 586 4732 suarum
597 4666 745 4732 civitatis
755 4674 789 4729 et
801 4665 942 4730 diocesis
953 4666 1057 4749 possit
1069 4686 1195 4750 ponere
1206 4685 1308 4729 unum
1318 4664 1520 4728 monachum
1534 4684 1592 4728 seu
1602 4665 1809 4743 canonicum,

469 4780 495 4832 et
509 4773 586 4836 alias
602 4780 639 4835 ut
654 4771 687 4833 in
706 4770 821 4834 forma.
837 4808 873 4819 -
897 4767 974 4833 Fiat
991 4768 1031 4834 R.

505 4870 598 4954 Item,
615 4883 649 4938 et
665 4874 698 4938 in
715 4872 850 4956 singulis
865 4873 1076 4937 monasteriis
1091 4872 1266 4937 mulierum
1281 4872 1445 4937 dictarum
1462 4870 1606 4936 civitatis
1622 4880 1655 4934 et
1671 4870 1811 4935 diocesis

473 4992 558 5041 unam
575 4979 719 5063 puellam
736 4977 930 5056 litteratam,
947 4986 981 5041 et
998 4977 1077 5042 alias
1092 4985 1129 5041 ut
1146 4976 1179 5039 in
1195 4975 1312 5041 forma.
1328 5016 1371 5025 -
1388 4974 1462 5038 Fiat
1481 4973 1519 5038 R.

476 5112 709 5131 *—

501 5183 519 5231 l.
528 5184 585 5234 l'oIr
596 5203 621 5235 n.
636 5187 705 5234 1580.
717 5214 749 5220 —
761 5189 782 5234 2.
797 5187 880 5234 Plerre
892 5186 923 5234 dc
934 5186 1044 5244 Forcsta,
1059 5187 1112 5234 voir
1125 5200 1149 5233 n.
1163 5186 1233 5232 1763.
