4650 6059
549 770 610 834 '160
1107 766 1194 837 1844.
1219 766 1254 830 18
1276 782 1366 832 mars

553 919 709 984 fructus...
739 938 755 981 2
761 938 777 1001 5
795 917 851 982 lib.
865 915 943 982 Tur.
960 936 1064 1001 parv,
1081 935 1146 980 sec.
1163 923 1232 980 tax.
1249 913 1390 995 decime,
1405 916 1556 980 valorem
1572 934 1721 981 annuum
1737 935 1806 981 non
1823 936 1919 981 exoe-

547 1021 636 1086 dunt
652 1045 659 1101 ;
680 1041 782 1104 quam
798 1020 932 1104 quidem
948 1018 1030 1084 eccl.
1048 1018 1137 1083 idem
1153 1017 1231 1083 cler.
1247 1037 1315 1082 non
1331 1018 1480 1103 possidet
1496 1038 1559 1083 nec
1585 1018 1745 1104 possedit,
1761 1021 1918 1086 obstante

552 1125 612 1188 sibi
629 1123 719 1189 dom.
742 1122 942 1206 Bald(uin)0
957 1122 999 1186 de
1017 1120 1162 1206 Layens,
1185 1120 1334 1205 eJusdem
1357 1122 1440 1187 eccl.
1464 1141 1654 1207 possessore
1677 1144 1719 1188 ex
1736 1123 1918 1192 collatione

553 1229 613 1293 sibi
643 1228 741 1307 facta,
763 1237 800 1292 ut
823 1227 952 1305 dicitnr,
978 1245 1037 1311 per
1065 1225 1109 1288 R¹¹
1110 1231 1155 1258 ¹¹¹¹¹
1183 1224 1219 1289 P.
1247 1223 1337 1289 dom.
1365 1225 1467 1310 episc.
1492 1224 1683 1307 Tusculan,
1707 1227 1796 1293 sedis
1812 1239 1917 1313 apost.

553 1343 634 1397 tnnc
650 1332 796 1415 legatum
814 1349 834 1411 ¹,
851 1330 903 1395 cni
920 1328 1060 1395 ecclesie
1077 1337 1110 1393 et
1126 1328 1187 1407 liti,
1200 1348 1264 1412 que
1283 1349 1380 1414 super
1397 1330 1466 1414 ipsa
1482 1329 1618 1415 pendet,
1635 1352 1677 1395 ex
1692 1332 1917 1417 appellatione

554 1436 635 1501 dicti
651 1435 741 1501 dom.
759 1434 947 1518 Baldtninli
965 1442 1083 1499 contra
1101 1433 1210 1517 ipsum
1226 1432 1394 1514 clericum,
1407 1443 1545 1518 paratus
1557 1442 1608 1499 est
1619 1436 1818 1500 renunciare
1831 1435 1916 1501 idern

555 1541 642 1616 cler,
667 1560 742 1604 cum
759 1538 1003 1625 possessionem
1027 1536 1205 1622 pacificam
1228 1535 1366 1620 alicujus
1391 1537 1556 1619 beneficii,
1581 1538 1705 1603 virtute
1730 1540 1917 1625 hujusmodi

553 1645 659 1727 gratie
683 1643 780 1708 fuerit
804 1651 998 1722 assecutus;
1019 1650 1061 1705 'et
1085 1640 1176 1724 quod
1199 1640 1359 1725 premissa
1386 1650 1562 1707 transeant
1584 1651 1622 1707 ut
1644 1650 1808 1729 petuntur
1820 1666 1829 1725 ;
1853 1665 1918 1709 non

556 1751 641 1812 obst.
659 1748 736 1812 stilo
752 1746 959 1825 cancellarie,
977 1767 1044 1830 qno
1062 1752 1075 1778 ¹¹
1098 1753 1236 1810 cavetur
1262 1744 1352 1828 quod
1368 1744 1497 1830 petenti
1521 1746 1663 1829 gratiam
1686 1745 1729 1811 de
1752 1750 1829 1814 ben.
1847 1768 1876 1813 c.
1892 1768 1918 1814 c.

556 1853 609 1917 vel
626 1873 650 1916 s.
667 1871 706 1930 c.,
723 1850 826 1915 etiam
843 1851 869 1914 si
886 1851 928 1916 sit
946 1849 1046 1935 dign,
1064 1850 1117 1914 vel
1141 1869 1237 1935 pers,
1254 1869 1312 1914 seu
1328 1848 1394 1929 on,
1412 1870 1480 1914 non
1498 1850 1595 1915 detur
1609 1870 1670 1937 per
1685 1852 1919 1918 cancellariam

555 1956 701 2039 dignitas
724 1965 799 2034 etc,
823 1954 884 2018 nisi
909 1952 948 2019 V.
972 1954 1003 2018 S.
1028 1954 1178 2019 scribat:
1204 1951 1281 2018 Fiat
1304 1954 1407 2018 etiam
1435 1953 1477 2017 de
1504 1952 1677 2037 dignitate,
1693 1963 1759 2020 etc.
1776 1994 1820 2007 -
1844 1954 1919 2021 Fiat

559 2061 663 2123 etiam
680 2060 706 2124 si
729 2057 883 2142 dignitas
908 2067 973 2123 ete.
999 2057 1039 2123 R.
1105 2096 1107 2099 ·

604 2163 683 2228 Dat.
700 2184 753 2248 ap.
770 2160 1019 2226 Villamnovam
1036 2161 1078 2226 id.
1094 2169 1191 2226 mart.
1208 2167 1242 2226 a⁰
1258 2168 1299 2226 2⁰.
1317 2162 1369 2245 (4,
1387 2163 1476 2246 247).

611 2298 852 2382 681-682.
1604 2332 1698 2396 1344,
1717 2315 1759 2379 18
1775 2336 1880 2380 enarr.

603 2419 703 2504 Snpp.
721 2418 752 2482 S.
769 2417 808 2482 V.
822 2418 962 2482 servitor
977 2416 1133 2499 antiquus
1149 2414 1366 2481 Theobaldus
1377 2415 1419 2481 de
1434 2414 1566 2497 Meldis,
1583 2415 1755 2501 quondam
1766 2419 1809 2483 cl.
1820 2439 1923 2486 mem.

555 2523 649 2587 dom.
662 2522 774 2605 regine
790 2520 976 2586 Clementie
987 2531 997 2554 ²
1009 2520 1216 2600 secretarius,
1230 2539 1304 2585 can.
1321 2518 1550 2601 Cameracen.,
1560 2528 1664 2607 quat,
1681 2520 1745 2586 Dei
1758 2542 1874 2588 amore
1890 2531 1923 2587 et

559 2626 686 2711 prefate
711 2624 847 2690 domine
870 2645 938 2703 sue,
957 2644 1090 2689 necnon
1115 2633 1150 2688 et
1174 2626 1253 2689 bon.
1269 2645 1369 2688 mem.
1385 2623 1476 2689 dom.
1493 2624 1627 2708 P(etri),
1644 2624 1818 2709 quondam
1834 2625 1924 2693 card.

554 2728 850 2807 Antisiorlorensis,
866 2727 922 2811 qni
938 2748 1005 2793 non
1023 2727 1094 2792 sine
1109 2747 1211 2792 causa
1230 2727 1357 2792 sincere
1382 2727 1541 2811 diligebat
1556 2727 1711 2809 eundem,
1727 2750 1768 2795 ac
1783 2729 1924 2798 aliorum

557 2832 769 2897 dominorum
781 2852 915 2896 suornm
931 2851 1015 2915 quos
1030 2830 1192 2896 dilexistis
1211 2830 1509 2916 contemplatione,
1525 2832 1662 2897 eosdem
1678 2851 1753 2898 can.
1769 2842 1805 2898 et
1821 2837 1924 2919 preb,

558 2956 641 3020 quos
664 2936 809 3001 obtinuit
832 2956 891 3021 per
911 2956 947 3019 14
971 2954 1077 2999 annos
1092 2944 1127 2999 et
1143 2934 1287 3020 amplius
1312 2933 1450 3020 pacifice
1467 2942 1501 2999 et
1517 2935 1639 3021 quiete,
1656 2942 1691 3001 et
1705 2955 1767 3022 per
1782 2957 1923 3022 qnorum

557 3040 774 3126 adeptionem
799 3040 924 3106 dimisit
948 3060 1022 3105 can.
1047 3048 1082 3104 et
1106 3041 1198 3123 preb.
1219 3058 1260 3103 ac
1284 3038 1468 3103 sacristiam
1489 3040 1629 3105 ecclesie
1643 3039 1848 3124 Tholonen,
1862 3042 1924 3109 sibi

556 3144 740 3226 dignemini
758 3144 954 3208 continuare
970 3165 977 3220 ;
995 3163 1063 3207 non
1081 3145 1166 3207 obst.
1183 3142 1407 3207 reservatione
1423 3152 1541 3228 apost,
1554 3143 1580 3209 si
1596 3143 1707 3210 forsan
1717 3143 1761 3212 de
1774 3145 1856 3234 ipsis
1870 3148 1924 3211 vel

558 3249 623 3312 alia
639 3247 809 3333 prebenda
826 3247 1042 3311 Cameracen.
1058 3246 1198 3311 ecclesie
1216 3246 1302 3311 facta
1319 3245 1426 3327 inerit,
1443 3247 1534 3330 quod
1548 3248 1728 3333 ignoratur,
1744 3269 1805 3335 per
1821 3271 1923 3335 quam

557 3352 767 3435 contingeret
791 3352 897 3435 ipsum
922 3349 1156 3414 'l'heobaldnm
1173 3371 1192 3413 a
1209 3370 1269 3414 suo
1290 3351 1407 3415 ordine
1430 3351 1609 3432 immutari,
1625 3350 1705 3417 dum
1722 3361 1839 3420 tamen
1856 3375 1924 3421 non

558 3454 600 3517 sit
616 3455 710 3519 alteri
724 3456 777 3538 jus
793 3454 960 3537 quesitum
974 3476 982 3532 ;
1001 3474 1058 3517 seu
1074 3453 1164 3536 quod
1190 3453 1277 3518 idem
1294 3453 1508 3518 Theobaldus
1523 3455 1604 3521 eccl.
1621 3458 1774 3540 parroch.
1791 3458 1834 3523 de
1850 3457 1925 3541 Ore,

557 3578 598 3621 ac
621 3559 740 3642 capell.
758 3557 788 3621 S.
807 3555 992 3621 Katherine
1016 3577 1104 3621 nove
1123 3557 1222 3622 sitam
1239 3557 1271 3621 in
1289 3558 1371 3622 eccl.
1388 3557 1419 3621 S.
1437 3557 1532 3623 Britii
1547 3557 1746 3641 Tomacen,
1764 3560 1925 3627 Camera-

553 3682 632 3726 cen.
648 3661 745 3740 dioc,
763 3661 910 3725 noscitur
925 3661 1087 3725 obtinere.
1103 3702 1146 3709 -
1163 3660 1241 3725 Fiat
1258 3661 1298 3726 R.

601 3802 685 3861 682.
701 3794 787 3861 Item
805 3820 909 3885 supp,
923 3808 1014 3883 quat.
1027 3821 1101 3865 can.
1114 3809 1148 3864 et
1161 3802 1252 3884 preb.
1264 3800 1346 3865 eccl.
1359 3798 1518 3880 Meroen,
1529 3821 1613 3885 quos
1623 3800 1694 3887 ipse
1706 3797 1925 3868 Theobaldus

550 3920 634 3964 cum
651 3900 807 3988 Philippo
824 3903 924 3968 fratre
940 3924 1000 3968 suo
1017 3903 1060 3968 ad
1076 3923 1148 3967 can.
1166 3911 1200 3967 et
1217 3906 1308 3988 preb.
1325 3904 1407 3969 eccl.
1435 3904 1465 3968 S.
1493 3903 1668 3991 Gangerici
1693 3903 1924 3994 Cameracen.,

557 4025 688 4070 necnon
715 4015 748 4071 et
773 4008 909 4073 eosdem
935 4016 1065 4073 canet
1089 4010 1181 4094 preb.
1212 4008 1294 4073 eccl.
1312 4008 1342 4073 S.
1360 4006 1545 4093 Gangerici,
1570 4030 1654 4094 quos
1670 4029 1747 4074 cum
1764 4006 1867 4075 Petro
1882 4008 1925 4075 de

557 4105 691 4188 Meldis,
709 4112 958 4196 consanguineo
968 4132 1037 4192 suo,
1050 4111 1093 4175 ad
1105 4110 1232 4176 dictam
1244 4112 1361 4198 capell.
1375 4111 1406 4176 S.
1420 4111 1603 4177 Katherine
1616 4112 1778 4179 canonice
1792 4132 1926 4197 pemm-

557 4212 652 4290 tavit,
679 4212 803 4278 eisdem
828 4215 984 4300 Philippo
1000 4223 1034 4279 ct
1051 4214 1162 4294 Petro,
1179 4215 1234 4298 qni
1252 4215 1317 4279 alia
1334 4215 1561 4281 ecclesiastica
1577 4219 1654 4282 ben.
1670 4236 1739 4282 non
1756 4216 1923 4296 obtinent,

549 4313 739 4398 «dignemini
767 4320 983 4398 confinnare3
1012 4339 1079 4382 non
1108 4321 1264 4384 obstante
1290 4320 1315 4384 si
1343 4328 1378 4384 et
1402 4320 1492 4403 qnod
1516 4320 1607 4386 dicta
1630 4324 1707 4386 ben.
1728 4320 1784 4384 vel
1807 4341 1924 4385 eorum

551 4418 701 4482 alterum
718 4418 784 4485 sint
800 4423 853 4485 vel
870 4422 992 4486 fuerint
1008 4422 1077 4486 sedi
1094 4431 1203 4507 apost.
1220 4432 1453 4488 reservata-
1471 4423 1548 4489 Fiat
1566 4423 1605 4490 R.

603 4520 692 4586 Item
708 4542 802 4609 supp.
818 4535 909 4608 quat.
926 4525 1006 4590 dare
1022 4525 1205 4609 dignemini
1221 4527 1303 4610 [ind.
1319 4527 1353 4591 in
1369 4537 1430 4593 art.
1447 4528 1563 4615 mort]
1582 4567 1625 4583 -
1641 4527 1717 4594 Fiat
1739 4526 1781 4594 R.

604 4624 684 4688 Dat.
701 4646 754 4711 ap.
772 4626 1020 4694 l'illamnovam
1041 4651 1076 4713 15
1094 4629 1161 4695 kal.
1175 4631 1268 4717 april.
1286 4636 1319 4694 a⁰
1336 4638 1378 4696 2⁰.
1395 4632 1445 4714 (4,
1464 4634 1553 4716 248).

612 4755 726 4842 683.
1611 4803 1707 4871 1344,
1721 4784 1764 4848 18
1776 4804 1889 4850 mars..

603 4875 704 4961 Snpp.
732 4876 853 4960 Guido,
875 4879 926 4946 tit.
951 4882 982 4947 S.
1006 4882 1131 4950 Cecilie
1153 4888 1261 4972 presb.
1284 4886 1383 4968 card,
1407 4897 1499 4972 quat.
1516 4887 1626 4955 eidem
1649 4888 1694 4954 de
1715 4887 1869 4975 prioratu
1882 4887 1926 4956 de

591 5050 620 5111 a)
636 5048 693 5099 (M.
704 5051 786 5106 Quol.

595 5203 617 5249 l.
631 5202 690 5248 l'oir
701 5217 726 5250 n.
740 5205 792 5251 706.
805 5231 835 5237 —
848 5207 871 5253 2.
885 5204 1017 5256 Cldmcncc
1029 5209 1060 5257 dc
1074 5208 1193 5271 [longiis
1207 5209 1300 5273 dponsc
1312 5211 1344 5261 de
1357 5212 1433 5261 Leuis
1443 5212 1475 5273 X,
1486 5214 1523 5261 roi
1532 5212 1564 5261 ile
1575 5211 1680 5273 aanor,
1689 5208 1843 5263 deodddeen
1856 5213 1928 5262 1828.
