4650 6059
482 786 523 849 16
902 783 990 855 1342,
1012 783 1053 847 29
1074 781 1276 863 septembre-2
1299 782 1427 847 octobre.

482 934 614 1011 Albam,
631 932 790 1000 Leodien.
807 944 841 998 et
859 934 1042 1017 Lingonen.
1058 932 1155 1012 dioc„
1172 932 1254 997 ecci.
1271 953 1343 998 can.
1360 940 1396 997 et
1410 935 1513 1018 preb„
1529 942 1564 998 et
1592 943 1791 1019 patronatus
1805 936 1847 1001 de

485 1037 511 1100 F
513 1037 654 1101 averolis
669 1047 703 1102 et
719 1038 760 1103 de
785 1037 884 1116 Sami,
903 1037 1043 1102 Remen.
1059 1036 1156 1118 dioc„
1173 1036 1321 1101 noscitur
1336 1036 1499 1102 obtinere.
1515 1077 1559 1087 -
1576 1036 1653 1103 Fiat
1669 1037 1709 1103 R.

528 1141 605 1205 Dat.
621 1142 720 1206 Avin.
737 1165 756 1226 4
772 1142 838 1207 kal.
855 1151 920 1208 oct.
937 1148 970 1206 a⁰
990 1149 1028 1206 1⁰.
1046 1140 1089 1224 (1,
1105 1142 1194 1224 220).

534 1276 645 1367 220,
1440 1309 1535 1372 1342,
1552 1309 1593 1372 ²9
1609 1289 1804 1376 septembre.

528 1392 627 1457 Motu
643 1392 777 1478 proprio
792 1412 998 1458 reservamus
1013 1412 1086 1457 can.
1102 1400 1136 1456 et
1153 1395 1244 1477 preb.
1262 1391 1452 1472 Camoten.,
1469 1412 1553 1476 quos
1568 1400 1664 1457 tenet
1676 1391 1790 1458 Guido
1806 1393 1849 1459 de

483 1496 712 1577 b'enthodorO,
736 1498 862 1561 electus
889 1496 1103 1561 Cameracen.
1121 1506 1139 1576 ¹,
1168 1495 1387 1561 conferendos
1415 1495 1529 1581 Helye
1555 1496 1597 1562 de
1613 1495 1849 1576 Venthodoro,

482 1622 555 1665 ean.
572 1599 763 1680 Bituricen.,
780 1622 856 1665 curn
873 1602 1071 1665 vacabunt...
1085 1641 1127 1649 —
1144 1598 1220 1664 Fiat
1237 1599 1277 1665 R.

526 1702 626 1768 Motu
642 1704 776 1788 proprio
792 1724 998 1768 reservamus
1013 1724 1086 1768 can.
1103 1713 1137 1768 et
1153 1706 1245 1788 preb.
1263 1702 1506 1785 Cameracen’,
1524 1723 1607 1788 quos
1623 1711 1719 1767 tenet
1734 1702 1850 1771 Guido

481 1807 522 1871 de
539 1806 801 1886 Ventlrodor0...,
819 1806 1038 1871 conferendos
1056 1806 1179 1891 Helye.
1196 1806 1330 1871 —Fiat
1347 1806 1386 1872 R.

526 1909 625 1975 Motu
644 1911 778 1995 proprio
805 1909 1018 1994 providemus
1044 1908 1156 1994 Helye
1183 1909 1225 1973 de
1252 1908 1481 1988 Ventnodoro,
1499 1930 1571 1975 can.
1588 1908 1783 1992 Bituricen.,
1804 1912 1848 1977 de

482 2023 661 2099 personatu
679 2015 721 2078 de
747 2012 944 2092 Warnbeke,
962 2012 1176 2093 Cameracen.
1192 2011 1289 2090 dioc,
1305 2033 1367 2098 pro
1390 2034 1431 2077 eo
1447 2013 1537 2096 quod
1553 2012 1673 2079 Petrus
1689 2014 1846 2095 Romani,

482 2118 536 2199 qui
554 2116 681 2181 dictum
691 2124 906 2202 personatum
917 2117 1101 2197 obtinebat,
1111 2125 1162 2183 est
1172 2119 1264 2202 preb.
1281 2125 1315 2180 et
1326 2115 1633 2182 archidiaconatum
1651 2118 1685 2182 in
1703 2117 1846 2185 Romen.

480 2221 562 2286 eccl.
578 2229 748 2285 assecutus
763 2228 784 2285 ³.
800 2261 842 2269 —
859 2219 934 2285 Fiat
952 2220 991 2285 R.

525 2324 602 2388 Dat.
618 2324 718 2388 Asin.
736 2345 753 2406 3
770 2323 835 2389 kal.
852 2332 918 2390 oct.
935 2332 968 2388 a⁰
988 2333 1027 2390 1⁰.
1044 2324 1087 2408 (1,
1106 2326 1195 2404 222).

532 2460 637 2540 221.
1439 2494 1534 2558 1342,
1552 2494 1593 2558 29
1609 2475 1801 2561 septembre.

525 2579 625 2663 Supp.
638 2577 665 2641 F
666 2578 833 2643 ranciscus
842 2577 951 2643 dictus
967 2599 1002 2643 as
1013 2578 1155 2663 Capeles
1166 2589 1186 2658 ⁴,
1198 2599 1270 2643 can.
1287 2577 1369 2643 eccl.
1382 2577 1413 2644 S.
1424 2577 1599 2662 Gaugerici
1617 2577 1845 2654 Cameracen„

481 2692 571 2764 qum.
591 2681 779 2767 [Stephano
794 2681 836 2746 de
853 2681 1110 2762 Estandemiret,
1126 2685 1245 2767 presb„
1259 2681 1508 2764 consanguineo
1520 2701 1580 2746 suo
1594 2679 1786 2767 germano],
1802 2680 1843 2746 de

481 2806 554 2849 can.
578 2786 660 2849 eccl.
693 2785 725 2850 S.
760 2784 927 2850 Vincentii
959 2784 1001 2849 de
1028 2785 1187 2869 Senogiis,
1214 2785 1428 2850 Cameracen.
1455 2783 1552 2865 dioc,
1583 2787 1643 2849 sub
1659 2805 1736 2870 exp.
1752 2786 1845 2871 preb.

483 2887 571 2974 [vac.
588 2889 641 2952 vel
657 2887 795 2974 vacat.],
812 2888 993 2973 dignemini
1021 2889 1206 2974 providere,
1231 2910 1299 2953 non
1325 2891 1409 2953 obst.
1434 2887 1525 2971 quod
1551 2908 1643 2973 perp.
1675 2887 1793 2973 capell.
1810 2888 1843 2951 in

480 2994 632 3078 parrocb.
648 2993 729 3058 eccl.
746 2993 788 3058 de
813 2993 1040 3073 Honnechies,
1057 2992 1147 3058 dicte
1172 2992 1387 3058 Cameracen.
1403 2993 1500 3073 dioc„
1516 2992 1665 3057 noscitur
1681 2992 1844 3057 obtinere.

480 3139 523 3146 —
547 3097 622 3162 Fiat
640 3097 680 3163 R.

525 3201 602 3264 Dat.
619 3201 717 3263 rbvin.
736 3221 752 3282 3
770 3200 835 3264 kal.
852 3207 918 3263 oct.
935 3206 967 3263 a⁰
987 3207 1025 3263 1⁰.
1043 3198 1086 3280 (XI,
1105 3201 1194 3282 223).

533 3336 642 3415 222.
1440 3367 1534 3430 1342,
1551 3366 1592 3429 29
1609 3347 1800 3432 septembre.
1846 3401 1849 3406 .

526 3452 626 3536 Supp.
654 3451 770 3514 Petrus
796 3450 837 3514 de
864 3450 1025 3534 Kirpercb
1037 3459 1056 3531 ⁵,
1082 3450 1239 3532 subdiac„
1265 3472 1338 3516 can.
1363 3452 1444 3516 eccl.
1470 3449 1640 3530 Leodien„
1665 3458 1757 3534 quat.
1781 3449 1842 3515 sibi

482 3555 524 3619 de
540 3563 720 3639 personatu
735 3553 777 3617 de
794 3553 989 3635 Wambeke,
1007 3554 1220 3620 Carneracen.
1238 3555 1335 3634 dioc„
1351 3576 1424 3620 vac.
1436 3555 1505 3639 jam
1525 3576 1541 3639 5
1558 3555 1641 3619 anni·
1649 3563 1728 3620 sunt
1740 3554 1842 3639 elapsi

481 3659 569 3744 apud
597 3658 710 3722 sedern
737 3666 844 3741 apost.
871 3678 932 3743 pro
956 3679 997 3722 eo
1022 3658 1110 3740 quod
1138 3658 1229 3722 dom.
1257 3657 1375 3722 Petrus
1396 3657 1549 3736 Romani,
1565 3657 1745 3723 archidiac,
1761 3657 1842 3722 eccl.

485 3762 634 3841 Remen,
652 3761 731 3826 oliur
747 3759 874 3825 dictum
890 3770 1105 3846 personatum
1127 3761 1283 3825 obtinens
1297 3761 1317 3841 ⁶,
1334 3770 1384 3825 est
1409 3781 1492 3840 can,
1508 3764 1610 3846 preb,
1627 3770 1663 3825 et
1680 3760 1841 3826 archidia-

483 3876 641 3931 conatum
668 3866 757 3931 dicte
783 3865 922 3929 Remen.
950 3865 1043 3945 eccl„
1060 3873 1147 3930 auct.
1175 3865 1360 3929 litterarum
1387 3864 1440 3929 sel.
1465 3885 1528 3929 ree.
1555 3864 1645 3929 dom.
1668 3862 1840 3930 Benedicti

481 3992 567 4055 pape
583 3969 810 4056 XII,pacifice
825 3979 1004 4048 assecutus
1021 3990 1121 4052 quem
1138 3967 1273 4052 quidem
1289 3976 1504 4054 personatum
1523 3967 1611 4033 idem
1628 3965 1843 4051 predecessor

481 4094 540 4156 per
555 4074 742 4156 hujusmodi
759 4074 1004 4138 assecutionem
1022 4093 1139 4137 vacare
1155 4072 1305 4137 decrevit
1320 4094 1329 4152 ;
1362 4073 1454 4156 cnjus
1474 4071 1642 4137 fructus...
1661 4090 1702 4135 20
1718 4071 1843 4136 march.

481 4195 547 4258 arg.
564 4177 712 4239 veriorem
728 4197 875 4240 annuum
891 4197 958 4241 non
976 4176 1152 4256 excedunt,
1170 4176 1351 4260 dignemini
1368 4185 1462 4241 motu
1487 4178 1623 4261 proprio
1638 4175 1815 4262 providere
1831 4196 1855 4252 ς·

481 4298 549 4341 non
567 4280 650 4341 obst.
667 4277 757 4360 quod
773 4299 845 4343 can.
863 4287 897 4342 et
912 4281 1004 4362 preb.
1021 4279 1103 4342 eccl.
1120 4278 1280 4343 Leodien.
1297 4278 1446 4343 noscitur
1461 4279 1622 4343 obtinere.
1638 4319 1682 4328 —
1710 4277 1786 4342 Fiat
1809 4277 1838 4340 in

481 4379 586 4444 t'ornra
602 4379 643 4443 de
660 4400 733 4446 can.
750 4383 809 4445 sub
827 4401 902 4464 exp.
919 4383 1010 4465 preb.
1028 4381 1060 4443 in
1078 4382 1159 4445 eccl.
1176 4382 1207 4446 S.
1225 4381 1316 4446 Pauli
1335 4381 1494 4447 Leodien.
1516 4383 1553 4446 R.

525 4483 603 4546 Dat.
620 4483 718 4548 Avin.
737 4504 754 4567 3
771 4484 837 4550 kal.
854 4494 920 4549 oct.
937 4493 969 4549 ιτ·
990 4493 1028 4549 1⁴¹.
1046 4484 1089 4567 (pl,
1102 4506 1140 4548 22
1145 4487 1180 4568 3)

533 4618 642 4703 223.
1512 4656 1606 4718 1342,
1624 4656 1642 4697 2
1659 4637 1799 4700 octobre.

524 4738 625 4823 Supp.
644 4736 786 4818 Fortius
803 4737 904 4822 episc.
921 4738 1158 4818 Pietavensis⁷
1175 4746 1264 4820 quat.
1279 4738 1381 4823 [mag.
1392 4738 1573 4804 (inillehno
1588 4738 1630 4803 de
1639 4739 1841 4816 Auxio,can.

480 4840 707 4918 Carnemcen.,
726 4841 758 4904 in
772 4841 846 4925 jure
871 4842 959 4906 civili
976 4845 1059 4922 bac,
1078 4842 1326 4926 consanguineo
1352 4842 1441 4928 su0]‚
1459 4842 1669 4907 Condomen.
1685 4842 1785 4922 dioc,
1801 4842 1841 4907 de

515 5065 536 5112 l.
549 5063 608 5124 Gny
620 5062 652 5110 de
667 5063 814 5111 b'entarlour
825 5065 866 5110 int
879 5063 980 5111 nounrn'·
992 5064 1015 5111 lc
1028 5067 1058 5110 25
1071 5075 1136 5127 sept.
1151 5067 1211 5111 1312
1224 5064 1325 5124 (Euboi,
1341 5065 1359 5122 1,
1375 5066 1482 5123 111111-
1499 5066 1521 5112 2.
1534 5064 1729 5111 11111151-
1746 5065 1768 5111 3.
1781 5062 1842 5108 Voir

482 5153 506 5185 n.
519 5139 557 5186 ⁴5.
614 5140 634 5184 1,
649 5137 710 5183 Vnir
721 5152 746 5184 n.
759 5139 799 5184 1.-
821 5166 824 5171 ·
845 5142 867 5184 b.
882 5138 942 5184 Vnir
954 5153 978 5186 n.
994 5140 1029 5184 lb.
1043 5166 1073 5172 --
1092 5141 1113 5186 11.
1127 5139 1188 5184 b'oir
1201 5153 1224 5185 n.
1238 5141 1275 5194 15,
1289 5141 1344 5187 2211.
1360 5165 1391 5172 -
1412 5140 1433 5186 ἵ.
1454 5138 1558 5185 Fortius
1577 5134 1801 5196 d'Auch,uomn1e³
1817 5134 1840 5182 le

481 5215 512 5258 2¹.»
525 5226 592 5258 murs
612 5213 671 5257 1311
685 5210 786 5269 (Enbel,
800 5210 818 5268 Ι,
833 5212 897 5269 119).
