4650 6059
483 771 522 835 56
1019 766 1108 840 1342,
1131 768 1166 830 18
1187 768 1315 834 octobre.

528 928 613 988 260.
632 920 719 985 Item
735 941 829 1005 supp.
846 919 936 1003 quod
951 917 1081 995 Jacobo
1104 918 1145 983 de
1166 917 1340 985 Melbodio
1351 932 1371 1000 ¹,
1388 941 1460 1007 cap.
1476 941 1546 1001 suo,
1562 921 1605 986 de
1621 941 1695 987 can.
1711 930 1747 986 et
1755 926 1840 1007 preb.

484 1027 565 1091 eccl.
596 1025 782 1089 Tornacen.
809 1022 985 1109 providere
1008 1022 1201 1106 dignemini,
1232 1044 1301 1089 non
1332 1026 1419 1090 obst.
1445 1025 1535 1109 quod
1551 1026 1585 1090 in
1602 1024 1839 1102 Cameracensi,

487 1128 670 1208 Montensi,
683 1126 917 1207 Melbodiensi,
934 1135 968 1191 et
984 1126 1016 1192 S.
1029 1127 1182 1210 Quintini
1199 1128 1232 1192 in
1249 1128 1474 1211 Viromandia,
1491 1130 1708 1199 Cameracen.
1724 1141 1760 1197 et
1776 1132 1841 1197 Nu

485 1234 630 1299 momen.
646 1232 742 1311 dioc,
759 1229 917 1310 ecclesiis
934 1251 1007 1296 can.
1024 1238 1058 1295 et
1074 1234 1177 1316 preb,
1194 1252 1233 1297 00
1255 1231 1372 1316 capell.
1389 1251 1481 1317 perp.
1497 1233 1540 1298 de
1557 1232 1702 1302 Binchio
1717 1242 1741 1318 ⁸,
1757 1235 1840 1302 dicte

485 1338 699 1402 Cameracen.
716 1337 813 1414 dioc,
830 1343 864 1399 et
879 1334 1123 1420 preposituram
1140 1332 1381 1399 Melbodiensis
1396 1337 1488 1415 eccl,
1507 1336 1550 1401 de
1570 1338 1699 1422 quibus,
1709 1350 1841 1426 propter

484 1462 617 1526 guerras
632 1442 666 1504 10
682 1440 746 1504 illis
761 1440 909 1525 partibus
925 1437 1125 1521 ingruentes,
1142 1438 1234 1521 quasi
1248 1438 1351 1503 nichil
1361 1439 1513 1524 percipit,
1523 1441 1673 1507 noscitur
1681 1444 1838 1508 obtinere.

483 1587 525 1595 -
543 1545 617 1610 Fiat
636 1544 674 1609 R.

526 1698 603 1757 261.
621 1690 708 1755 Item
731 1710 826 1774 supp.
851 1709 912 1773 pro
936 1687 1140 1771 Willequino
1164 1687 1257 1753 dicto
1282 1686 1457 1769 Constans,
1482 1692 1601 1774 presb,
1632 1700 1724 1775 quat.
1749 1692 1840 1757 eide

482 1815 555 1860 can.
572 1804 606 1859 et
622 1796 713 1879 preb.
729 1794 811 1857 eccl.
828 1792 859 1857 S.
876 1792 989 1856 Amati
1008 1790 1202 1870 Dnacensis,
1213 1792 1408 1857 Atrebaten.
1425 1792 1522 1874 dioc,
1539 1794 1592 1857 vel
1608 1795 1691 1860 eccl.
1707 1795 1741 1861 S.
1757 1794 1840 1861 Gau·

481 1899 581 1981 gerici
607 1897 821 1962 Cameracen.
845 1894 1025 1979 dignemini
1056 1893 1242 1979 providere,
1267 1914 1336 1960 non
1367 1897 1452 1960 obst.
1468 1896 1559 1979 quod
1585 1905 1736 1964 curatam
1762 1901 1840 1966 eccl.

480 2002 523 2066 de
540 2000 623 2085 Fay,
640 1999 855 2065 Cameracen.
871 1998 969 2077 dioc,
986 1998 1126 2063 obtinet.
1142 2038 1186 2046 -
1202 1996 1278 2063 Fiat
1294 1998 1328 2062 in
1344 2000 1426 2065 eccl.
1442 1999 1473 2065 S.
1490 1998 1676 2085 Gangetici.
1693 2001 1735 2069 R.

524 2156 608 2214 262.
628 2149 715 2213 Item
731 2147 828 2212 simili
845 2144 948 2210 modo
963 2164 1058 2229 supp.
1075 2163 1136 2228 pro
1160 2141 1336 2225 Balduino,
1353 2149 1461 2230 presb.
1478 2154 1593 2211 curato
1617 2147 1660 2212 de
1681 2147 1839 2229 VillerieS,

482 2253 696 2319 Cameracen.
712 2252 810 2332 dioc,
826 2272 888 2337 pro
912 2269 984 2313 can.
1001 2255 1035 2312 et
1060 2250 1150 2332 preb.
1168 2249 1249 2313 eccl.
1276 2248 1494 2334 Senogiensis,
1512 2250 1729 2317 Cameracen.
1755 2250 1839 2318 (1100.

480 2398 523 2406 -
540 2356 616 2422 Fiat
633 2356 673 2421 R.

526 2499 607 2559 263.
626 2491 712 2556 Item
728 2490 831 2557 modo
846 2490 944 2555 simili
960 2510 1022 2575 pro
1045 2488 1147 2554 Petro
1162 2488 1206 2554 de
1223 2488 1346 2572 Furn0,
1363 2496 1482 2577 presb,
1508 2513 1570 2580 pro
1595 2515 1668 2560 can.
1690 2503 1726 2562 et
1749 2498 1840 2583 preb.

482 2598 563 2662 eccl.
581 2596 612 2661 S.
629 2594 744 2661 Crucis
760 2594 975 2659 Cameracen.
990 2634 1032 2642 -
1050 2591 1127 2657 Fiat
1145 2592 1184 2657 R.

523 2743 608 2802 264.
628 2734 715 2800 Item
736 2754 830 2819 supp.
855 2734 952 2798 simili
976 2732 1080 2798 modo
1104 2752 1166 2818 pro
1191 2732 1327 2799 Tern'co
1351 2734 1444 2800 dicto
1468 2736 1694 2818 Cambrelent,
1721 2742 1840 2825 presb,

479 2859 540 2925 pro
556 2860 628 2905 cau.
645 2846 680 2903 et
695 2842 786 2924 preb.
804 2838 835 2903 S.
852 2837 1009 2903 Germani
1027 2835 1227 2918 Montensis
1245 2837 1461 2906 Cameracen.
1477 2842 1563 2908 dioc.
1578 2883 1622 2892 —
1639 2841 1715 2909 Fiat
1732 2843 1773 2910 R.

523 2984 606 3045 265.
625 2978 712 3042 Item
728 2977 824 3041 simili
850 2977 953 3042 modo
967 2997 1029 3062 pro
1054 2975 1210 3053 Johanne
1235 2976 1327 3042 dicto
1356 2976 1480 3060 Rikier,
1496 2983 1614 3065 presb,
1631 3001 1692 3066 pro
1718 2993 1840 3048 00001

479 3084 570 3166 preb.
587 3084 668 3148 eccl.
685 3082 716 3146 S.
733 3081 822 3146 Petri
839 3082 881 3147 de
899 3080 1087 3161 110100οο1,
1105 3080 1321 3147 Cameracen.
1337 3081 1424 3148 dioc.
1440 3124 1483 3133 -
1499 3082 1574 3149 Fiat
1591 3083 1631 3150 R.

523 3229 605 3288 266.
625 3219 711 3285 Item
728 3221 825 3284 simili
842 3219 944 3284 modo
961 3240 1023 3305 pro
1047 3218 1176 3295 Jacobo
1193 3219 1241 3284 Le
1268 3219 1381 3301 Fraus,
1406 3225 1524 3307 presb,
1541 3223 1583 3288 de
1608 3243 1681 3290 000.
1698 3233 1734 3290 01
1749 3228 1839 3310 preb.

481 3327 658 3404 Iluacensi,
674 3326 870 3389 Atrebateu.
887 3323 973 3388 dioc.
989 3363 1032 3371 —
1049 3322 1124 3387 Fiat
1143 3322 1182 3388 R.

525 3470 606 3529 267.
625 3461 712 3526 Item
729 3462 826 3525 simili
842 3461 945 3526 modo
961 3482 1022 3546 pro
1037 3461 1056 3539 J
1060 3465 1168 3528 aeobo
1183 3464 1225 3527 de
1245 3462 1411 3543 Tornaco,
1427 3465 1515 3544 0100,
1532 3485 1593 3550 pro
1609 3486 1682 3531 can.
1699 3474 1735 3531 et
1750 3469 1840 3553 preb.

483 3567 692 3646 Luthosensi,
710 3566 924 3631 Cameracen.
941 3566 1028 3632 dioc.
1044 3608 1087 3616 -
1105 3566 1180 3632 Fiat
1197 3565 1237 3633 R.

524 3711 607 3771 268.
626 3704 713 3768 Item
729 3703 826 3767 simili
843 3703 945 3769 modo
960 3726 1021 3789 pro
1036 3704 1055 3782 J
1059 3706 1192 3770 ohanne
1207 3705 1300 3771 dicto
1317 3705 1364 3770 Le
1382 3705 1416 3771 N
1418 3728 1571 3789 ueverue,
1589 3709 1676 3788 0100,
1690 3730 1752 3795 pro
1768 3729 1840 3775 can.

482 3818 517 3875 et
531 3812 623 3896 preb.
640 3810 722 3874 eccl.
739 3808 770 3874 S.
787 3807 937 3874 Ursmari
955 3808 1139 3890 LobiensiS,
1155 3808 1371 3876 Cameracen.
1388 3812 1475 3878 dioc.
1491 3853 1534 3861 -
1551 3811 1627 3878 Fiat
1645 3812 1684 3878 R.

523 3956 605 4016 269.
624 3948 712 4012 Item
730 3947 834 4013 modo
849 3949 946 4012 simili
963 3970 1024 4034 pro
1042 3949 1199 4015 Eduardo
1225 3950 1318 4016 dicto
1345 3950 1509 4028 Roman0,
1527 3950 1615 4027 cler,
1631 3970 1693 4034 pro
1718 3970 1792 4015 can.
1807 3960 1840 4013 et

479 4057 571 4140 preb.
587 4055 669 4118 eccl.
686 4050 952 4117 1100010100.-
970 4052 1044 4117 Fiat
1062 4052 1102 4117 R.

524 4198 607 4256 270.
633 4189 721 4255 Item
737 4211 842 4275 supp,
859 4189 1042 4274 quodcum
1058 4191 1129 4276 ipsa
1144 4191 1186 4256 ad
1201 4191 1430 4256 beatissimum
1456 4189 1687 4275 Gangericum,
1713 4190 1841 4276 episco-

480 4316 561 4379 pum
577 4300 611 4357 et
627 4294 862 4374 consessorem,
875 4314 1030 4378 magnam
1048 4295 1266 4360 devotionem
1281 4295 1413 4369 lrabeat,
1430 4302 1464 4358 01
1485 4294 1626 4359 dilectus
1650 4295 1729 4359 cler.
1754 4314 1840 4372 suus,

481 4418 569 4481 mag.
585 4396 757 4474 Johannes
780 4397 821 4461 de
843 4396 1005 4477 Fumone,
1030 4398 1072 4463 ad
1110 4398 1174 4462 Dei
1205 4399 1349 4478 laudem,
1381 4399 1553 4482 capellam,
1584 4400 1644 4462 sub
1676 4398 1842 4463 vocabulo

481 4501 627 4566 Domine
643 4499 769 4567 Nostre
784 4508 819 4565 et
833 4501 913 4566 dicti
931 4500 1137 4580 confessoris,
1155 4502 1187 4564 in
1205 4501 1306 4567 fundo
1322 4524 1382 4567 suo
1398 4502 1542 4587 proprio,
1560 4501 1593 4564 in
1608 4501 1701 4566 dicto
1712 4503 1788 4567 loco
1799 4501 1841 4566 de

481 4606 643 4686 Fumone,
659 4605 801 4670 Alatrin.
817 4605 912 4685 dioc,
928 4605 971 4670 de
997 4604 1132 4669 licentia
1147 4605 1234 4670 sedis
1250 4606 1443 4691 apostolice,
1459 4605 1581 4670 devote
1598 4604 1797 4686 fundaverit,
1807 4613 1840 4668 et

412 4746 415 4754 ·
479 4731 540 4794 pro
567 4710 671 4774 tribus
698 4709 878 4794 capellanis
905 4708 1028 4772 ibidem
1054 4708 1203 4773 Domino
1228 4709 1463 4774 famulantibus
1488 4718 1721 4793 competenter
1746 4709 1840 4774 dota-

480 4814 565 4877 verit
578 4836 586 4893 ;
619 4823 709 4897 quat.
736 4813 890 4877 omuibus
916 4812 1040 4876 dictam
1066 4813 1230 4896 capellam
1257 4814 1288 4875 iu
1313 4813 1477 4877 dictorum
1497 4813 1642 4877 Domine
1660 4811 1785 4878 Nostre
1806 4822 1839 4876 et

510 5001 539 5061 0)
555 5000 612 5049 cori.
626 5000 831 5059 11000100-0)
848 4998 903 5046 (bd.
916 4999 1029 5046 1101000.

514 5202 534 5248 l.
547 5200 618 5247 Clerc
630 5199 666 5245 du
678 5204 761 5245 comte
772 5197 804 5243 (10
820 5199 933 5245 Hainaut
943 5201 950 5257 (
959 5198 1086 5254 lluvillers,
1104 5200 1209 5255 (10101,
1224 5202 1243 5245 l'
1251 5203 1266 5251 l.
1280 5204 1345 5257 11111.
