4650 6059
481 790 532 853 112
650 847 652 850 .
1036 785 1123 860 1343,
1147 785 1187 849 28
1209 787 1288 852 aotlt

531 940 648 1024 502·
1543 972 1640 1036 1545,
1657 954 1702 1017 28
1715 958 1808 1019 nodi.

526 1060 614 1142 Sign.
632 1059 663 1121 S.
680 1057 719 1120 l'.
743 1056 908 1120 Robertus
933 1054 976 1119 de
1003 1053 1122 1119 Tuicio
1138 1064 1157 1134 ¹,
1182 1073 1256 1119 can.
1281 1052 1453 1135 Leodien,
1478 1054 1569 1138 quod
1592 1076 1700 1142 nuper
1729 1054 1849 1121 eadem

482 1166 513 1229 S.
532 1162 668 1246 Hugoni
695 1161 827 1245 Rogerii
852 1160 894 1224 de
917 1180 990 1224 can.
1011 1167 1046 1223 et
1069 1161 1162 1244 preb.
1189 1179 1229 1223 ac
1253 1158 1456 1223 thesauraria
1480 1160 1561 1225 eccl.
1588 1159 1754 1246 predicte,
1769 1170 1848 1225 tunc

482 1289 540 1353 per
556 1276 700 1331 mortem
717 1264 887 1350 quondam
904 1262 1071 1329 Francisci
1095 1262 1137 1327 de
1155 1260 1297 1327 Medicis
1319 1261 1362 1326 de
1386 1260 1583 1329 Mediolano
1598 1275 1620 1344 ²,
1636 1262 1726 1329 sedis
1741 1273 1847 1350 apost.

482 1394 554 1458 cap.
587 1391 667 1450 vac,
696 1368 790 1434 duxit
805 1352 1075 1454 providendum,
1107 1366 1159 1431 cui
1191 1366 1371 1452 provisioni
1398 1366 1487 1431 idem
1512 1367 1680 1432 Robertus
1707 1365 1847 1433 credens

483 1477 595 1558 vigore
612 1473 782 1559 cujusdam
805 1472 910 1557 gratie
936 1492 996 1557 per
1021 1470 1073 1535 fel.
1101 1491 1166 1536 rec.
1194 1469 1285 1535 dom.
1311 1469 1567 1555 B(enedictum)
1583 1492 1708 1557 papam
1724 1468 1794 1535 XII
1806 1470 1847 1536 de

483 1601 554 1644 can.
571 1589 605 1644 et
622 1581 712 1665 preb.
730 1599 770 1643 ac
787 1576 887 1661 dign,
904 1596 988 1661 pers.
1006 1576 1059 1639 vel
1076 1573 1131 1640 off.
1149 1596 1178 1639 c.
1195 1595 1223 1639 c.
1243 1574 1296 1639 vel
1321 1596 1345 1640 s
1362 1597 1402 1656 c.,
1419 1573 1560 1653 indicta
1584 1576 1667 1640 eccl.
1683 1574 1747 1640 sibi
1762 1574 1847 1641 facte

481 1684 617 1750 easdem
634 1686 724 1769 preb.
742 1691 776 1747 et
792 1680 1029 1755 thesaurariam
1045 1679 1113 1744 fore
1126 1679 1187 1744 srbi
1199 1678 1329 1744 debitas
1350 1677 1540 1764 acceptavit
1549 1678 1678 1762 sibique
1694 1677 1847 1745 faciendo

481 1788 523 1852 de
540 1788 665 1852 eisdem
681 1805 740 1869 per
756 1805 851 1849 suum
872 1794 1086 1849 executorem
1110 1782 1276 1868 provideri
1304 1803 1340 1847 se
1356 1781 1522 1867 opposuit,
1538 1781 1695 1847 dubitans
1719 1782 1806 1848 sicut
1827 1804 1846 1848 a

455 1905 461 1915 ’
482 1893 595 1957 multis
610 1901 691 1956 tunc
706 1889 924 1956 dubitabatur
933 1908 977 1952 an
988 1887 1096 1953 dictus
1111 1887 1284 1971 quondam
1298 1885 1504 1967 Franciscus,
1519 1885 1600 1952 dum
1610 1886 1705 1964 vixit,
1715 1886 1844 1973 prefate

483 1996 569 2060 sedis
585 1995 683 2060 fuerit
698 2014 773 2078 cap.
789 2013 829 2057 ac
844 2000 1023 2077 propterea
1037 1989 1081 2081 ad
1093 1991 1208 2057 sedem
1220 1989 1408 2076 predictam
1420 1996 1539 2055 contra
1551 1988 1721 2075 prelatum
1731 1988 1847 2074 Hugo-

484 2121 562 2164 nem
575 2107 610 2163 et
625 2099 695 2183 ejus
711 2096 936 2182 provisionem
948 2093 1271 2180 appellavit.Verum
1281 2116 1359 2161 curn
1372 2094 1482 2191 eidem
1493 2093 1644 2159 Roberto
1655 2115 1748 2160 nunc
1759 2093 1847 2180 apud

485 2203 597 2269 sedem
623 2200 809 2287 predictam
826 2220 887 2284 pro
902 2200 1136 2284 prosecutione
1157 2199 1239 2283 juris
1262 2199 1312 2265 sui
1339 2199 1524 2266 constituto
1545 2200 1692 2283 cognitu,
1723 2198 1846 2265 nedum

485 2310 572 2374 fauna
588 2307 750 2370 referente
767 2304 900 2389 publica
917 2307 975 2368 sed
996 2304 1100 2369 etiam
1124 2305 1295 2368 nonnullis
1317 2304 1382 2369 fide
1397 2304 1505 2389 dignis
1516 2304 1598 2389 juris
1613 2303 1846 2380 asserentibus,

484 2409 668 2496 receptioni
685 2409 717 2471 iu
735 2429 809 2493 cap.
832 2407 913 2472 dicti
939 2406 1108 2474 Francisci
1133 2407 1329 2488 interfuisse,
1353 2408 1529 2494 ipsumque
1556 2406 1792 2473 Fransciscum
1815 2407 1846 2471 in

483 2514 601 2580 babitu
618 2513 870 2597 capellanorum
886 2509 972 2576 sedis
989 2518 1097 2596 apost.
1114 2509 1236 2575 vidisse
1257 2517 1292 2575 et
1315 2513 1357 2575 ab
1374 2511 1494 2577 eodem
1510 2510 1590 2577 dum
1606 2511 1691 2577 vixit
1714 2511 1848 2577 dicente

484 2638 519 2683 se
546 2639 620 2702 cap.
648 2615 735 2681 sedis
761 2622 868 2699 apost.
897 2613 1062 2679 audivisse
1079 2621 1113 2679 et
1129 2614 1212 2679 alias
1226 2614 1391 2700 prefatum
1417 2613 1632 2681 Franciscum
1655 2615 1748 2682 dicte
1763 2615 1849 2681 sedis

483 2724 694 2809 capellanum
712 2720 819 2798 fuisse,
836 2719 915 2784 dum
933 2728 1047 2803 ageret
1057 2720 1089 2783 in
1101 2720 1266 2800 humanis,
1280 2720 1468 2805 hujusmodi
1479 2739 1572 2785 suam
1583 2719 1848 2806 appellationem

483 2837 660 2914 propterea
676 2824 779 2890 ducto
795 2823 1001 2888 conscientia
1018 2824 1172 2907 prosequi
1197 2844 1265 2889 non
1294 2824 1451 2909 expediat
1476 2845 1587 2909 neque
1609 2823 1717 2911 possit
1732 2844 1848 2910 agnos-

483 2932 573 2997 centi
598 2934 722 2996 bonam
744 2927 856 2992 fidem.
872 2928 984 3010 Quare
1011 2948 1106 3013 supp.
1133 2927 1223 2993 idem
1249 2929 1416 2995 Robertus
1440 2937 1530 3013 quat.
1558 2928 1667 2993 eidem
1697 2927 1846 2994 Roberto

482 3058 529 3118 gr.
546 3034 768 3120 supradictam
786 3052 845 3117 per
860 3030 950 3096 dom.
967 3030 1225 3117 B[enedictum]
1241 3054 1297 3118 pp.
1313 3033 1374 3098 sibi
1397 3033 1530 3113 factam,
1546 3032 1674 3097 salvam
1690 3053 1732 3097 ac
1748 3052 1845 3098 omne

480 3142 533 3224 jus
560 3137 650 3222 quod
675 3137 736 3201 sibi
760 3135 925 3221 competit
948 3143 1006 3200 aut
1033 3145 1226 3221 competere
1252 3145 1364 3222 potest
1391 3137 1424 3202 in
1449 3156 1662 3220 quocumque
1688 3139 1767 3203 ben.
1794 3137 1845 3201 vel

483 3243 583 3324 dign,
601 3262 685 3327 pers.
701 3241 756 3304 vel
773 3240 828 3304 ol'f.
857 3261 886 3304 c.
909 3260 937 3304 c.
962 3239 1016 3303 vel
1041 3261 1066 3304 s.
1094 3261 1133 3321 c.,
1159 3249 1218 3306 aut
1234 3241 1278 3307 ad
1294 3242 1350 3306 illa
1376 3240 1598 3326 quovismodo
1613 3242 1730 3325 vigore
1744 3241 1844 3326 gratie

484 3345 674 3429 supradicte
689 3343 732 3407 ad
748 3363 884 3407 onmem
911 3344 959 3407 sui
987 3343 1144 3409 effectum
1166 3344 1295 3410 salvum
1321 3346 1391 3410 lore
1417 3353 1453 3410 et
1478 3365 1551 3411 esse
1573 3343 1698 3410 debere
1721 3345 1843 3430 sibique

483 3447 564 3513 illud
591 3448 757 3531 integrum
784 3454 819 3511 et
844 3447 973 3511 illesum
998 3447 1180 3531 dignemini
1208 3469 1378 3514 reservare
1380 3499 1431 3516 .....
1449 3447 1529 3514 Non
1557 3451 1645 3514 obst.
1662 3448 1743 3534 (sic)
1770 3467 1843 3516 cum

484 3553 572 3617 idem
591 3551 756 3616 Robertus
782 3561 900 3617 contra
922 3553 1163 3617 conscientiam
1191 3554 1379 3639 hujusmodi
1402 3553 1667 3640 appellationem
1691 3551 1842 3640 prosequi

482 3665 664 3736 execretur,
696 3663 731 3720 et
762 3657 843 3721 alias
874 3656 978 3722 etiam
1009 3677 1107 3742 super
1134 3658 1305 3742 prebenda
1332 3667 1367 3724 et
1392 3658 1596 3724 thesauraria
1625 3657 1788 3744 predictis
1812 3657 1841 3722 in

485 3761 581 3827 Rom.
601 3782 668 3826 cur.
684 3760 831 3846 pluribus
845 3761 941 3825 annis
967 3781 1035 3825 non
1060 3761 1131 3825 sine
1151 3763 1283 3847 magnis
1306 3762 1488 3847 litigaverit
1513 3762 1678 3849 expensis,
1706 3771 1741 3828 et
1765 3761 1842 3828 duas

481 3866 664 3930 sententias
679 3864 873 3930 diffinitivas
887 3885 985 3950 super
1000 3863 1091 3930 dicta
1116 3866 1287 3951 prebenda
1314 3887 1375 3951 pro
1401 3887 1436 3932 se
1464 3866 1646 3933 obtinuerit
1672 3866 1707 3931 in
1733 3874 1841 3932 vestro

481 3992 575 4035 sacro
591 3970 720 4055 palatio
742 3969 940 4053 apostolico,
968 3990 1032 4053 que
1058 3970 1090 4033 in
1116 3990 1187 4034 rem
1211 3971 1435 4036 transiverunt
1447 3970 1634 4056 judicatam
1660 3970 1721 4036 lite
1747 3989 1841 4056 supra

481 4074 552 4157 ipsa
568 4074 774 4138 thesauraria
790 4094 858 4139 non
877 4074 981 4139 finita.
1002 4112 1034 4122 —
1057 4074 1134 4139 Fiat
1152 4075 1192 4140 R.

526 4176 612 4240 Item
640 4198 734 4262 supp.
763 4177 851 4242 idem
881 4177 1046 4243 Robertus
1062 4186 1153 4263 quat.
1177 4178 1286 4243 eidem
1312 4180 1437 4246 fructus
1461 4180 1503 4245 de
1517 4178 1688 4266 prebenda
1703 4179 1737 4244 iu
1753 4180 1841 4246 dicta

481 4281 562 4343 eccl.
580 4279 750 4360 leodien,
764 4302 863 4365 quam
876 4301 934 4366 per
949 4281 1085 4365 aliquod
1095 4290 1229 4367 tempus
1244 4284 1383 4368 pacifice
1396 4284 1589 4369 possidebat
1601 4283 1635 4348 in
1647 4304 1842 4371 recompen-

481 4403 552 4445 sam
575 4404 794 4466 expensarum
820 4384 979 4449 sanctarum
998 4386 1029 4449 in
1047 4386 1105 4449 lite
1122 4386 1202 4471 ipsa,
1231 4408 1295 4470 que
1323 4408 1382 4473 per
1397 4388 1543 4473 quinque
1563 4408 1670 4453 annos
1697 4396 1733 4453 et
1760 4389 1843 4454 ultra

481 4485 621 4565 duravit,
643 4507 740 4570 super
755 4487 946 4572 dictapreb.
964 4490 997 4552 in
1014 4510 1080 4554 cur.
1099 4490 1207 4570 Rom,
1221 4490 1376 4573 ignorans
1387 4492 1514 4557 dictum
1529 4490 1746 4558 Franciscum
1757 4492 1842 4558 sedis

481 4598 587 4674 apost.
612 4589 708 4653 l'uissc
732 4612 804 4674 cap.
821 4602 998 4676 perceptos
1012 4614 1072 4678 per
1088 4595 1271 4679 capitulum
1288 4593 1458 4679 Leodien,
1471 4619 1491 4662 a
1506 4604 1659 4683 tempore
1670 4596 1764 4663 dicte
1778 4596 1842 4662 litis

482 4704 574 4758 mote
596 4695 751 4777 usquead
767 4696 980 4780 adeptionem
998 4700 1172 4784 pacificam
1189 4701 1407 4786 possessionis
1421 4699 1511 4765 dicte
1531 4699 1712 4785 prebende,
1728 4700 1841 4785 digne-

482 4799 561 4861 mini
579 4798 703 4862 donare
720 4807 754 4863 et
770 4800 929 4879 conterre,
954 4804 1127 4886 presertim
1154 4827 1229 4869 cum
1248 4806 1317 4891 ipse
1335 4805 1500 4869 Robertus
1527 4803 1651 4870 dictam
1676 4807 1770 4891 preb.
1786 4825 1843 4891 per

481 4901 562 4966 duas
577 4904 759 4968 sententias
783 4904 977 4971 diffinitivas
993 4908 1083 4990 vicit,
1105 4910 1218 4992 quein
1244 4931 1313 4974 rem
1339 4908 1573 4987 transiverunt,
1595 4929 1673 4974 curn
1689 4908 1843 4975 omnibus

484 5028 551 5072 non
569 5011 713 5072 obstant.
731 5020 764 5072 et
781 5010 934 5075 clausulis
950 5012 1124 5097 oportunis
1139 5021 1174 5077 et
1190 5013 1433 5079 executoribus.
1449 5053 1492 5061 -
1508 5010 1584 5077 Fiat
1601 5011 1641 5077 R.

488 5125 725 5132 ----—.——.

516 5175 536 5220 l.
551 5173 631 5220 l'idul.
646 5187 670 5220 η,
683 5175 729 5219 3130
741 5189 746 5220 ;
758 5173 789 5219 «lc
803 5172 897 5232 Tlrcnx,
913 5176 944 5228 ΙΙ,
960 5179 1004 5224 lui
1019 5178 1224 5232 :lii1·sc·lr,]r'ull..
1241 5182 1292 5230 lna
1307 5181 1361 5227 2a't'».
1375 5180 1428 5230 349,
1443 5181 1496 5230 352.
1510 5180 1573 5235 384;
1588 5178 1738 5237 SauerlnmL
1754 5178 1844 5227 Klein.

487 5246 554 5305 sul..
569 5262 592 5295 u.
605 5250 674 5298 1133.
694 5249 764 5295 2⁰01.
777 5276 807 5281 —
820 5246 904 5297 2:1⁶5
917 5252 976 5298 anm
993 5254 1054 5299 13313
1067 5253 1111 5313 (dc
1123 5252 1217 5312 vireux.
1232 5254 1266 5312 ll,
1281 5256 1326 5301 llll
1338 5269 1343 5310 ;
1357 5251 1456 5310 liimch,
1471 5251 1544 5310 Ir'ull„
1553 5251 1622 5313 270).
