4650 6059
583 788 646 851 424
683 843 690 859 ,
1117 786 1204 860 tw,
1227 786 1315 850 1418
1332 785 1405 851 mei.

628 937 716 1003 Item
732 960 827 1026 supp.
844 948 1008 1025 quatenus
1031 939 1172 1020 lsabele,
1196 938 1363 1005 abbatisse
1386 939 1420 1003 in
1444 938 1596 1021 Foresto‚
1611 960 1653 1008 ac
1674 937 1795 1009 Marie'
1808 944 1849 1010 de
1861 945 1929 1013 Cab

584 1044 728 1123 clroven,
744 1039 909 1128 priorisse,
919 1042 1117 1128 'Margarete
1132 1042 1269 1108 domine
1279 1042 1323 1107 de
1337 1042 1491 1124 Oescort,
1510 1041 1620 1110 Man'e
1634 1043 1679 1111 de
1703 1046 1928 1129 Liedenkerke‚

587 1146 770 1212 Katherine
793 1147 835 1211 de
860 1146 1088 1233 Meckinghen
1099 1146 1242 1232 gratiam
1255 1167 1317 1232 per
1327 1146 1464 1232 plenam
1479 1158 1698 1234 peccatorum
1714 1153 1925 1221 remissionem

585 1270 604 1315 a
628 1271 717 1335 pena
740 1259 775 1314 et
798 1252 896 1336 culpa
912 1250 1097 1316 concedere
1112 1249 1295 1334 dignemini
1311 1258 1349 1315 ut
1370 1250 1405 1314 in
1428 1249 1545 1317 sonna.
1560 1290 1604 1305 -
1627 1251 1707 1319 Fiat
1725 1253 1766 1321 R.

629 1356 707 1430 Dat.
720 1355 824 1424 Avin⁴
837 1376 920 1421 non.
936 1356 1015 1422 maii
1032 1361 1065 1420 a⁰
1082 1360 1124 1439 7⁰.
1142 1354 1211 1437 (17,
1230 1354 1319 1436 293)-

638 1493 776 1576 1575·
1652 1527 1751 1592 1349,
1768 1511 1811 1574 16
1826 1514 1893 1576 mci.

630 1611 752 1697 Supp...
777 1610 1010 1696 St(epbanus),
1026 1609 1078 1673 tit.
1106 1608 1162 1673 SS.
1193 1606 1358 1685 Jobannis
1385 1618 1419 1674 et
1446 1608 1540 1675 Pauli
1556 1612 1666 1697 presb.
1693 1610 1786 1679 card.
1811 1628 1831 1694 ¹,
1854 1624 1924 1699 quat

588 1713 715 1801 [Bindo
730 1715 772 1780 de
796 1714 888 1779 Pillis
904 1727 925 1794 ²,
942 1710 1118 1798 capellano
1139 1717 1176 1776 et
1191 1711 1399 1796 procuratori
1423 1733 1484 1778 suo
1510 1712 1544 1778 in
1566 1714 1702 1799 Anglia,
1725 1715 1802 1803 lic.]
1819 1717 1850 1782 in
1863 1719 1923 1802 legi

582 1822 653 1899 bus,
674 1819 716 1883 de
732 1839 807 1885 can.
823 1826 858 1884 et
873 1819 966 1903 preb.
977 1817 1060 1884 eccl.
1077 1813 1247 1896 Paduane,
1255 1814 1437 1900 dignemini
1453 1813 1651 1902 providere3
1667 1838 1740 1885 non
1754 1822 1839 1887 obst
1853 1820 1922 1905 quod

584 1929 704 1987 canet
726 1920 914 2005 prebendas
936 1920 970 1984 in
993 1919 1207 1985 Attmbaterr.
1230 1926 1265 1983 et
1288 1918 1320 1984 S.
1336 1918 1517 1986 Salvatoris
1533 1920 1805 2005 Herlebecensis,
1819 1922 1920 1989 Torua·

583 2045 655 2090 cen.
671 2025 769 2103 dioc,
785 2032 945 2090 noscatur
960 2023 1113 2089 obtinere
1122 2029 1158 2088 et
1169 2021 1264 2107 quod
1278 2043 1353 2089 can.
1369 2026 1430 2090 sub
1445 2045 1521 2112 exp.
1533 2028 1625 2113 preb.
1643 2028 1798 2095 obtineat
1812 2029 1844 2095 in
1856 2029 1918 2096 eorl.
1959 2014 1961 2020 ¹

583 2129 770 2195 Tomacen.
786 2169 829 2180 -
846 2127 924 2194 Fiat
940 2128 981 2193 R.

627 2232 705 2297 Dat.
722 2233 821 2296 nvin.
850 2251 887 2315 17
903 2231 971 2297 kal.
984 2231 1068 2315 junii
1080 2237 1117 2296 a⁰
1133 2237 1176 2314 7⁰.
1192 2232 1263 2315 (17,
1281 2231 1386 2315 300').

636 2369 777 2452 1576.
1652 2405 1750 2472 1349,
1768 2390 1810 2453 18
1821 2389 1883 2454 mci.

626 2489 727 2574 Supp.
745 2487 872 2565 Petrus,
887 2486 940 2551 tit.
965 2485 997 2550 S.
1014 2484 1063 2550 M.
1086 2506 1175 2552 nove
1192 2486 1292 2566 card,
1309 2495 1400 2570 quat.
1419 2485 1496 2572 [suo
1511 2490 1719 2573 procuratori
1737 2490 1912 2558 Robertode

581 2591 700 2656 Tuicio
717 2600 736 2671 ³,
760 2590 802 2655 de
826 2610 899 2654 can.
932 2597 967 2654 et
991 2590 1082 2675 preb.
1107 2596 1142 2653 et
1167 2588 1338 2654 scolastria
1371 2590 1512 2655 ecclesie
1538 2589 1738 2674 Bunnensis,
1764 2592 1911 2661 Colonien.

581 2695 680 2775 dioc,
695 2715 769 2761 vac.
784 2714 844 2780 per
859 2695 913 2758 ob.
930 2691 1098 2758 Gostealci
1113 2691 1158 2758 de
1175 2690 1350 2776 Kirbergh'
1370 2692 1443 2778 [qui
1465 2701 1561 2759 extra
1586 2694 1685 2761 Rom.
1701 2698 1829 2764 curiam
1846 2697 1911 2764 dien

581 2820 677 2866 suum
693 2799 812 2865 clausit
827 2794 1031 2882 extremum]
1050 2796 1227 2862 donationi
1236 2805 1345 2882 apost.
1361 2798 1552 2881 specialiter
1565 2802 1753 2883 reservatis,
1768 2801 1912 2888 providere

582 2925 659 2970 cum
675 2902 830 2970 clausulis
844 2901 1029 2987 oportunis,
1044 2908 1081 2965 et
1095 2899 1330 2965 executoribus
1355 2908 1451 2966 motu
1466 2901 1611 2987 proprio,
1626 2922 1810 2989 secumque
1823 2902 1910 2970 utalia

581 3008 746 3073 beneficia
760 3008 830 3072 sive
845 3006 958 3072 officia
971 3024 1171 3089 quecunque
1192 3024 1259 3088 que
1283 3002 1423 3083 obtinet,
1439 3004 1572 3069 etiamsi
1595 3005 1813 3074 residentiam
1833 3004 1912 3091 requi·

582 3120 658 3176 rant
674 3110 895 3196 personalem,
911 3128 951 3173 ac
974 3106 1287 3173 archidiaconatum
1312 3115 1464 3171 curatum
1486 3103 1530 3173 de
1555 3106 1742 3191 Famenna,
1756 3121 1793 3177 et
1816 3116 1912 3178 canet

583 3217 674 3299 preb.
692 3214 724 3278 in
742 3213 882 3278 ecclesia
893 3210 1063 3289 Leodien,
1077 3229 1175 3294 super
1190 3209 1309 3293 quibus
1322 3209 1441 3294 litigat,
1458 3210 1484 3276 si
1500 3210 1574 3277 illos
1589 3212 1739 3296 evicerit,
1754 3215 1843 3281 licite
1854 3209 1914 3278 reci·

583 3339 672 3403 pere,
690 3328 724 3380 et
748 3338 813 3380 una
830 3336 906 3380 curn
923 3335 997 3379 can.
1014 3321 1048 3377 et
1064 3316 1155 3398 preb.
1174 3333 1214 3377 ac
1230 3314 1400 3378 scolastria
1417 3316 1557 3380 ecclesie
1581 3315 1770 3385 Bunnensis
1785 3316 1918 3405 predictis

584 3422 686 3486 libere
702 3429 736 3483 et
752 3420 844 3484 licite
860 3418 1014 3497 retinere,
1031 3425 1066 3483 et
1081 3417 1236 3483 fructus...
1265 3438 1306 3481 ex
1330 3418 1456 3483 eisdem
1483 3421 1656 3507 percipere
1673 3423 1706 3487 in
1723 3426 1828 3490 altero
1852 3424 1920 3509 ipso·

584 3545 657 3588 rum
673 3521 848 3588 residendo
865 3521 986 3601 valeat,
1002 3542 1043 3585 ex
1070 3520 1212 3590 uberiori
1238 3519 1329 3585 dono
1355 3523 1461 3604 gratie
1481 3532 1576 3589 motu
1591 3526 1746 3610 predicto
1761 3519 1924 3613 dignemini

583 3629 785 3712 dispensare.
799 3666 841 3675 -
855 3624 942 3705 Fiat,
959 3633 993 3690 et
1009 3624 1249 3712 dispensamus,
1266 3632 1301 3688 et
1316 3626 1482 3709 exprimat
1503 3628 1666 3694 beneficia
1683 3629 1716 3694 in
1734 3630 1932 3699 cancellaria,

628 3836 707 3900 Dat.
724 3834 823 3899 Ario.
844 3855 879 3918 15
897 3832 964 3900 kal.
977 3831 1062 3917 junii
1078 3839 1110 3897 a⁰
1128 3839 1170 3916 7⁰.
1188 3835 1256 3916 (17,
1273 3834 1364 3917 303).

637 3973 775 4054 1577.
1649 3991 1805 4073 1349,148
1822 3991 1892 4053 mci.

628 4092 728 4175 Supp.
747 4089 908 4171 Porrus),
924 4086 1026 4171 episc.
1043 4085 1267 4165 Penestrinus,
1284 4095 1374 4169 quat.
1400 4106 1477 4152 cum
1506 4108 1613 4173 nuper
1629 4088 1672 4155 ad
1688 4091 1791 4176 ipsius
1817 4094 1959 4158 instan‘

583 4195 665 4259 tiam
681 4193 831 4257 familiari
848 4212 907 4256 suo
920 4191 1082 4256 continuo
1098 4190 1316 4255 cornmensali
1333 4189 1465 4267 Jacobo
1476 4191 1518 4256 de
1534 4193 1757 4261 Abbatisvilla
1773 4207 1794 4277 ⁴,
1811 4196 1961 4263 clerico,

583 4298 625 4362 de
657 4297 793 4381 parocb.
824 4294 906 4360 eccl.
932 4295 975 4359 de
1003 4294 1200 4377 Esquerdes,
1229 4292 1396 4359 Morinen.
1425 4295 1521 4376 dioc,
1549 4317 1614 4380 que
1637 4305 1720 4364 tunc
1746 4300 1961 4366 credebattl¹

584 4421 715 4479 vacare,
730 4400 799 4484 ipsa
812 4397 980 4462 Sanctitas
1002 4397 1194 4483 providerit,
1211 4397 1290 4463 licet
1307 4398 1376 4482 ejus
1402 4399 1646 4484 possessionem
1672 4403 1847 4487 pacificam
1863 4399 1961 4487 quie

583 4526 652 4570 non
677 4505 821 4567 vacabat
844 4500 974 4585 assequi
1000 4500 1200 4586 nequiverit,
1228 4511 1342 4585 quat...
1377 4501 1418 4567 de
1445 4503 1582 4589 paroch.
1610 4505 1693 4571 eccl.
1724 4506 1766 4572 de
1794 4505 1961 4571 Carleto,

582 4607 752 4674 Valentio.
769 4606 866 4685 dioc,
891 4604 1075 4689 dignemini
1100 4605 1285 4691 providere,
1300 4606 1533 4692 dispensantes
1548 4628 1624 4672 cum
1648 4627 1690 4672 eo
1717 4607 1750 4671 in
1775 4616 1830 4692 24⁰
1852 4607 1961 4673 annc

584 4736 642 4780 sue
654 4711 754 4777 etatis
767 4710 951 4776 constituto
961 4730 1018 4774 seu
1031 4730 1099 4774 non
1114 4711 1200 4775 obst.
1212 4709 1302 4794 quod
1313 4713 1389 4776 ben.
1403 4713 1445 4776 ad
1462 4711 1537 4777 coll.
1554 4710 1683 4776 abbatis
1698 4720 1733 4777 et
1747 4697 1961 4778 monasteri?

584 4819 616 4884 S.
634 4817 723 4881 Petri
739 4815 781 4881 de
799 4813 1086 4879 Houdembourch
1102 4822 1270 4899 expectat.
1294 4813 1428 4878 -Fiat
1447 4814 1486 4878 R.

628 4922 708 4987 Dat.
725 4920 824 4985 Avin.
845 4939 881 5003 15
899 4918 965 4983 kal.
979 4918 1062 5003 junii
1080 4923 1113 4981 a⁰
1130 4926 1173 5002 7⁰.
1188 4920 1256 5003 (17,
1271 4918 1384 5008 3050).

616 5166 637 5212 1.
657 5163 766 5210 Eticunc
784 5163 890 5215 Arbon,
909 5159 967 5222 plus
983 5160 1042 5209 tani
1061 5160 1189 5208 Innoccut
1199 5160 1245 5208 Vl.
1258 5186 1289 5195 -
1306 5162 1328 5206 2.
1344 5158 1404 5206 Voir
1420 5172 1444 5205 n.
1459 5158 1512 5207 120.
1525 5186 1555 5194 -
1568 5159 1589 5208 3.
1607 5158 1705 5207 Voirn.
1719 5158 1788 5206 1330.
1801 5159 1865 5205 -1,
1877 5144 1955 5201 vuit

573 5249 598 5284 n.
617 5237 673 5295 735,
692 5236 764 5285 ltlu.
