<?xml version="1.0" encoding="UTF-8"?>
<!DOCTYPE html PUBLIC "-//W3C//DTD XHTML 1.0 Transitional//EN"
    "http://www.w3.org/TR/xhtml1/DTD/xhtml1-transitional.dtd">
<html xmlns="http://www.w3.org/1999/xhtml" xml:lang="en" lang="en">
 <head>
  <title>
</title>
<meta http-equiv="Content-Type" content="text/html;charset=utf-8" />
  <meta name='ocr-system' content='tesseract 3.04.00' />
  <meta name='ocr-capabilities' content='ocr_page ocr_carea ocr_par ocr_line ocrx_word'/>
</head>
<body>
  <div class='ocr_page' id='page_1' title='image "./suppliquesdeclm00goog_0206.png"; bbox 0 0 4650 6059; ppageno 0'>
   <div class='ocr_carea' id='block_1_1' title="bbox 957 810 1769 892">
    <p class='ocr_par' dir='ltr' id='par_1_1' title="bbox 957 810 1769 892">
     <span class='ocr_line' id='line_1_1' title="bbox 957 810 1769 892; baseline 0.011 -17"><span class='ocrx_word' id='word_1_1' title='bbox 957 810 1046 892; x_wconf 77' lang='lat'><strong>1844,</strong></span> <span class='ocrx_word' id='word_1_2' title='bbox 1071 812 1090 877; x_wconf 87' lang='grc'><strong>5</strong></span> <span class='ocrx_word' id='word_1_3' title='bbox 1112 811 1249 879; x_wconf 69' lang='lat' dir='ltr'><strong>tetrior..</strong></span> <span class='ocrx_word' id='word_1_4' title='bbox 1718 819 1769 884; x_wconf 84' lang='grc'><strong>151</strong></span> 
     </span>
    </p>
   </div>
   <div class='ocr_carea' id='block_1_2' title="bbox 363 962 1771 1362">
    <p class='ocr_par' dir='ltr' id='par_1_2' title="bbox 363 962 1771 1362">
     <span class='ocr_line' id='line_1_2' title="bbox 363 962 1771 1055; baseline 0.006 -25"><span class='ocrx_word' id='word_1_5' title='bbox 363 963 376 998; x_wconf 74' lang='lat'><strong>²⁷</strong></span> <span class='ocrx_word' id='word_1_6' title='bbox 434 967 453 1032; x_wconf 87' lang='lat' dir='ltr'><strong>S.</strong></span> <span class='ocrx_word' id='word_1_7' title='bbox 460 964 609 1044; x_wconf 82' lang='lat' dir='ltr'><strong>lobannis</strong></span> <span class='ocrx_word' id='word_1_8' title='bbox 622 963 800 1045; x_wconf 81' lang='lat' dir='ltr'><strong>Leodien,</strong></span> <span class='ocrx_word' id='word_1_9' title='bbox 811 983 886 1030; x_wconf 87' lang='lat' dir='ltr'><strong>vac.</strong></span> <span class='ocrx_word' id='word_1_10' title='bbox 898 962 932 1030; x_wconf 89' lang='lat' dir='ltr'><strong>in</strong></span> <span class='ocrx_word' id='word_1_11' title='bbox 945 963 1036 1030; x_wconf 90' lang='lat' dir='ltr'><strong>curia</strong></span> <span class='ocrx_word' id='word_1_12' title='bbox 1047 984 1108 1051; x_wconf 88' lang='lat' dir='ltr'><strong>per</strong></span> <span class='ocrx_word' id='word_1_13' title='bbox 1123 968 1177 1032; x_wconf 90' lang='lat' dir='ltr'><strong>ob.</strong></span> <span class='ocrx_word' id='word_1_14' title='bbox 1193 964 1283 1032; x_wconf 93' lang='lat' dir='ltr'><strong>dom.</strong></span> <span class='ocrx_word' id='word_1_15' title='bbox 1295 964 1315 1043; x_wconf 89' lang='lat' dir='ltr'>J</span> <span class='ocrx_word' id='word_1_16' title='bbox 1318 967 1462 1033; x_wconf 87' lang='lat' dir='ltr'><strong>ohannis</strong></span> <span class='ocrx_word' id='word_1_17' title='bbox 1472 966 1627 1035; x_wconf 90' lang='lat' dir='ltr'><strong>Courtois</strong></span> <span class='ocrx_word' id='word_1_18' title='bbox 1637 979 1655 1049; x_wconf 90' lang='lat'><strong>¹,</strong></span> <span class='ocrx_word' id='word_1_19' title='bbox 1668 970 1771 1055; x_wconf 90' lang='lat' dir='ltr'><strong>ipsius</strong></span> 
     </span>
     <span class='ocr_line' id='line_1_3' title="bbox 432 1067 1770 1159; baseline 0.005 -24"><span class='ocrx_word' id='word_1_20' title='bbox 432 1072 486 1135; x_wconf 84' lang='lat' dir='ltr'><strong>eccl.</strong></span> <span class='ocrx_word' id='word_1_21' title='bbox 499 1089 570 1135; x_wconf 89' lang='lat' dir='ltr'><strong>can.</strong></span> <span class='ocrx_word' id='word_1_22' title='bbox 586 1072 697 1155; x_wconf 72' lang='lat' dir='ltr'><strong>preb,</strong></span> <span class='ocrx_word' id='word_1_23' title='bbox 712 1068 747 1134; x_wconf 91' lang='lat' dir='ltr'><strong>in</strong></span> <span class='ocrx_word' id='word_1_24' title='bbox 763 1068 915 1155; x_wconf 86' lang='lat' dir='ltr'><strong>partibus</strong></span> <span class='ocrx_word' id='word_1_25' title='bbox 936 1067 1142 1150; x_wconf 88' lang='lat' dir='ltr'><strong>decedentis,</strong></span> <span class='ocrx_word' id='word_1_26' title='bbox 1154 1069 1249 1155; x_wconf 88' lang='lat' dir='ltr'><strong>cujus</strong></span> <span class='ocrx_word' id='word_1_27' title='bbox 1273 1072 1351 1136; x_wconf 91' lang='lat' dir='ltr'><strong>ben.</strong></span> <span class='ocrx_word' id='word_1_28' title='bbox 1376 1079 1456 1137; x_wconf 88' lang='lat' dir='ltr'><strong>ante</strong></span> <span class='ocrx_word' id='word_1_29' title='bbox 1482 1072 1584 1159; x_wconf 92' lang='lat' dir='ltr'><strong>ipsius</strong></span> <span class='ocrx_word' id='word_1_30' title='bbox 1608 1076 1663 1139; x_wconf 91' lang='lat' dir='ltr'><strong>ob.</strong></span> <span class='ocrx_word' id='word_1_31' title='bbox 1680 1073 1720 1140; x_wconf 90' lang='lat' dir='ltr'><strong>V.</strong></span> <span class='ocrx_word' id='word_1_32' title='bbox 1737 1074 1770 1142; x_wconf 86' lang='lat' dir='ltr'><strong>S.</strong></span> 
     </span>
     <span class='ocr_line' id='line_1_4' title="bbox 431 1172 1531 1260; baseline 0.002 -20"><span class='ocrx_word' id='word_1_33' title='bbox 431 1174 571 1240; x_wconf 80' lang='lat' dir='ltr'><strong>calatiani</strong></span> <span class='ocrx_word' id='word_1_34' title='bbox 588 1181 703 1260; x_wconf 88' lang='lat' dir='ltr'><strong>apost.</strong></span> <span class='ocrx_word' id='word_1_35' title='bbox 724 1172 919 1255; x_wconf 87' lang='lat' dir='ltr'>reservavit,</span> <span class='ocrx_word' id='word_1_36' title='bbox 935 1172 1118 1259; x_wconf 86' lang='lat' dir='ltr'><strong>dignemini</strong></span> <span class='ocrx_word' id='word_1_37' title='bbox 1134 1174 1321 1260; x_wconf 90' lang='lat' dir='ltr'><strong>providere.</strong></span> <span class='ocrx_word' id='word_1_38' title='bbox 1336 1215 1380 1225; x_wconf 88' lang='lat'><em>-</em></span> <span class='ocrx_word' id='word_1_39' title='bbox 1396 1174 1474 1242; x_wconf 90' lang='lat' dir='ltr'><strong>Fiat</strong></span> <span class='ocrx_word' id='word_1_40' title='bbox 1491 1176 1531 1242; x_wconf 90' lang='lat' dir='ltr'><strong>R.</strong></span> 
     </span>
     <span class='ocr_line' id='line_1_5' title="bbox 457 1276 1140 1362; baseline 0.001 -20"><span class='ocrx_word' id='word_1_41' title='bbox 457 1277 524 1343; x_wconf 86' lang='lat' dir='ltr'><strong>Dat.</strong></span> <span class='ocrx_word' id='word_1_42' title='bbox 538 1277 645 1344; x_wconf 78' lang='lat' dir='ltr'><strong>Avin.</strong></span> <span class='ocrx_word' id='word_1_43' title='bbox 660 1297 743 1344; x_wconf 89' lang='lat' dir='ltr'><strong>non.</strong></span> <span class='ocrx_word' id='word_1_44' title='bbox 758 1277 839 1343; x_wconf 82' lang='lat' dir='ltr'><strong>febr.</strong></span> <span class='ocrx_word' id='word_1_45' title='bbox 855 1282 889 1342; x_wconf 89' lang='lat' dir='ltr'><strong>a⁰</strong></span> <span class='ocrx_word' id='word_1_46' title='bbox 905 1283 948 1344; x_wconf 83' lang='lat'><strong>2⁰.</strong></span> <span class='ocrx_word' id='word_1_47' title='bbox 964 1276 1017 1361; x_wconf 84' lang='lat'><strong>(4,</strong></span> <span class='ocrx_word' id='word_1_48' title='bbox 1038 1278 1140 1362; x_wconf 75' lang='lat'><strong>172&#39;).</strong></span> 
     </span>
    </p>
   </div>
   <div class='ocr_carea' id='block_1_3' title="bbox 363 1415 1769 2969">
    <p class='ocr_par' dir='ltr' id='par_1_3' title="bbox 363 1415 1769 2969">
     <span class='ocr_line' id='line_1_6' title="bbox 363 1415 1723 1519; baseline -0.001 -20"><span class='ocrx_word' id='word_1_49' title='bbox 363 1445 366 1450; x_wconf 88' lang='lat'>&#39;</span> <span class='ocrx_word' id='word_1_50' title='bbox 460 1415 564 1501; x_wconf 85' lang='grc'><strong>657.</strong></span> <span class='ocrx_word' id='word_1_51' title='bbox 1444 1449 1540 1514; x_wconf 71' lang='lat'><strong>1344,</strong></span> <span class='ocrx_word' id='word_1_52' title='bbox 1555 1449 1576 1511; x_wconf 90' lang='lat'>5</span> <span class='ocrx_word' id='word_1_53' title='bbox 1583 1432 1723 1519; x_wconf 60' lang='lat' dir='ltr'><strong>finirier.</strong></span> 
     </span>
     <span class='ocr_line' id='line_1_7' title="bbox 454 1529 1767 1622; baseline 0.001 -21.87"><span class='ocrx_word' id='word_1_54' title='bbox 454 1533 545 1622; x_wconf 91' lang='lat' dir='ltr'><strong>Supp.</strong></span> <span class='ocrx_word' id='word_1_55' title='bbox 576 1533 616 1600; x_wconf 85' lang='lat' dir='ltr'><strong>ir.</strong></span> <span class='ocrx_word' id='word_1_56' title='bbox 647 1531 856 1614; x_wconf 89' lang='lat' dir='ltr'><strong>Guillelmus,</strong></span> <span class='ocrx_word' id='word_1_57' title='bbox 886 1529 1082 1618; x_wconf 88' lang='lat' dir='ltr'><strong>archiepisc.</strong></span> <span class='ocrx_word' id='word_1_58' title='bbox 1113 1530 1343 1598; x_wconf 89' lang='lat' dir='ltr'><strong>Brundusinus</strong></span> <span class='ocrx_word' id='word_1_59' title='bbox 1358 1541 1378 1613; x_wconf 73' lang='lat'><strong>³,</strong></span> <span class='ocrx_word' id='word_1_60' title='bbox 1402 1540 1493 1617; x_wconf 86' lang='lat' dir='ltr'><strong>quat.</strong></span> <span class='ocrx_word' id='word_1_61' title='bbox 1522 1534 1672 1600; x_wconf 86' lang='lat' dir='ltr'><strong>servitori</strong></span> <span class='ocrx_word' id='word_1_62' title='bbox 1696 1556 1767 1617; x_wconf 91' lang='lat' dir='ltr'><strong>suo,</strong></span> 
     </span>
     <span class='ocr_line' id='line_1_8' title="bbox 423 1632 1768 1725; baseline 0.002 -23"><span class='ocrx_word' id='word_1_63' title='bbox 423 1638 551 1704; x_wconf 77' lang='lat' dir='ltr'><strong>irnoldo</strong></span> <span class='ocrx_word' id='word_1_64' title='bbox 575 1635 739 1702; x_wconf 88' lang='lat' dir='ltr'><strong>Willelmi</strong></span> <span class='ocrx_word' id='word_1_65' title='bbox 767 1634 843 1702; x_wconf 88' lang='lat' dir='ltr'><strong>Rufi</strong></span> <span class='ocrx_word' id='word_1_66' title='bbox 870 1635 913 1702; x_wconf 91' lang='lat' dir='ltr'><strong>de</strong></span> <span class='ocrx_word' id='word_1_67' title='bbox 938 1633 1082 1721; x_wconf 90' lang='lat' dir='ltr'><strong>Tongris</strong></span> <span class='ocrx_word' id='word_1_68' title='bbox 1099 1644 1119 1717; x_wconf 88' lang='lat'><strong>³,</strong></span> <span class='ocrx_word' id='word_1_69' title='bbox 1154 1637 1233 1702; x_wconf 93' lang='lat' dir='ltr'><strong>cler.</strong></span> <span class='ocrx_word' id='word_1_70' title='bbox 1261 1632 1421 1702; x_wconf 89' lang='lat' dir='ltr'><strong>Leodien.</strong></span> <span class='ocrx_word' id='word_1_71' title='bbox 1445 1637 1542 1718; x_wconf 85' lang='lat' dir='ltr'><strong>dioc,</strong></span> <span class='ocrx_word' id='word_1_72' title='bbox 1569 1637 1611 1703; x_wconf 90' lang='lat' dir='ltr'><strong>de</strong></span> <span class='ocrx_word' id='word_1_73' title='bbox 1637 1640 1768 1725; x_wconf 90' lang='lat' dir='ltr'><strong>capella</strong></span> 
     </span>
     <span class='ocr_line' id='line_1_9' title="bbox 363 1736 1767 1824; baseline -0.001 -18"><span class='ocrx_word' id='word_1_74' title='bbox 363 1770 366 1778; x_wconf 59' lang='grc'><strong>’</strong></span> <span class='ocrx_word' id='word_1_75' title='bbox 421 1741 443 1806; x_wconf 67' lang='grc'><strong>5</strong></span> <span class='ocrx_word' id='word_1_76' title='bbox 456 1739 642 1822; x_wconf 81' lang='lat' dir='ltr'><strong>Michaelis,</strong></span> <span class='ocrx_word' id='word_1_77' title='bbox 657 1739 722 1806; x_wconf 90' lang='lat' dir='ltr'><strong>sita</strong></span> <span class='ocrx_word' id='word_1_78' title='bbox 737 1737 771 1805; x_wconf 90' lang='lat' dir='ltr'><strong>in</strong></span> <span class='ocrx_word' id='word_1_79' title='bbox 787 1739 929 1806; x_wconf 89' lang='lat' dir='ltr'><strong>ecclesia</strong></span> <span class='ocrx_word' id='word_1_80' title='bbox 945 1738 984 1805; x_wconf 92' lang='lat' dir='ltr'><strong>B.</strong></span> <span class='ocrx_word' id='word_1_81' title='bbox 998 1736 1048 1806; x_wconf 91' lang='lat' dir='ltr'><strong>M.</strong></span> <span class='ocrx_word' id='word_1_82' title='bbox 1063 1739 1241 1824; x_wconf 84' lang='lat' dir='ltr'><strong>Aquensis,</strong></span> <span class='ocrx_word' id='word_1_83' title='bbox 1248 1737 1408 1805; x_wconf 88' lang='lat' dir='ltr'><strong>Leodien.</strong></span> <span class='ocrx_word' id='word_1_84' title='bbox 1420 1739 1517 1821; x_wconf 81' lang='lat' dir='ltr'><strong>dioc,</strong></span> <span class='ocrx_word' id='word_1_85' title='bbox 1528 1741 1650 1806; x_wconf 86' lang='lat' dir='ltr'><strong>valoris</strong></span> <span class='ocrx_word' id='word_1_86' title='bbox 1665 1740 1767 1806; x_wconf 88' lang='lat' dir='ltr'><strong>annui</strong></span> 
     </span>
     <span class='ocr_line' id='line_1_10' title="bbox 423 1841 1768 1930; baseline 0.001 -21"><span class='ocrx_word' id='word_1_87' title='bbox 423 1864 450 1910; x_wconf 86' lang='lat' dir='ltr'><strong>io</strong></span> <span class='ocrx_word' id='word_1_88' title='bbox 462 1865 563 1912; x_wconf 89' lang='lat' dir='ltr'><strong>marc.</strong></span> <span class='ocrx_word' id='word_1_89' title='bbox 580 1863 661 1930; x_wconf 77' lang='lat' dir='ltr'><strong>arg,</strong></span> <span class='ocrx_word' id='word_1_90' title='bbox 677 1863 744 1909; x_wconf 93' lang='lat' dir='ltr'><strong>sec.</strong></span> <span class='ocrx_word' id='word_1_91' title='bbox 762 1841 928 1910; x_wconf 82' lang='lat' dir='ltr'><strong>decimam</strong></span> <span class='ocrx_word' id='word_1_92' title='bbox 944 1843 998 1908; x_wconf 91' lang='lat' dir='ltr'><strong>vel</strong></span> <span class='ocrx_word' id='word_1_93' title='bbox 1014 1842 1114 1924; x_wconf 89' lang='lat' dir='ltr'><strong>circa,</strong></span> <span class='ocrx_word' id='word_1_94' title='bbox 1131 1863 1206 1908; x_wconf 90' lang='lat' dir='ltr'><strong>vac.</strong></span> <span class='ocrx_word' id='word_1_95' title='bbox 1222 1863 1282 1929; x_wconf 93' lang='lat' dir='ltr'><strong>pro</strong></span> <span class='ocrx_word' id='word_1_96' title='bbox 1298 1864 1340 1908; x_wconf 94' lang='lat' dir='ltr'><strong>eo</strong></span> <span class='ocrx_word' id='word_1_97' title='bbox 1355 1842 1446 1928; x_wconf 93' lang='lat' dir='ltr'><strong>quod</strong></span> <span class='ocrx_word' id='word_1_98' title='bbox 1460 1842 1633 1921; x_wconf 77' lang='lat' dir='ltr'><strong>lohannes</strong></span> <span class='ocrx_word' id='word_1_99' title='bbox 1658 1843 1768 1911; x_wconf 89' lang='lat' dir='ltr'><strong>dictus</strong></span> 
     </span>
     <span class='ocr_line' id='line_1_11' title="bbox 418 1945 1767 2035; baseline 0.001 -22"><span class='ocrx_word' id='word_1_100' title='bbox 418 1945 620 2029; x_wconf 86' lang='lat' dir='ltr'><strong>Blonscrode,</strong></span> <span class='ocrx_word' id='word_1_101' title='bbox 630 1953 720 2014; x_wconf 89' lang='lat' dir='ltr'><strong>auct.</strong></span> <span class='ocrx_word' id='word_1_102' title='bbox 730 1946 917 2014; x_wconf 89' lang='lat' dir='ltr'><strong>litterarum</strong></span> <span class='ocrx_word' id='word_1_103' title='bbox 927 1946 1018 2013; x_wconf 95' lang='lat' dir='ltr'><strong>dom.</strong></span> <span class='ocrx_word' id='word_1_104' title='bbox 1034 1945 1210 2013; x_wconf 86' lang='lat' dir='ltr'><strong>Benedicti</strong></span> <span class='ocrx_word' id='word_1_105' title='bbox 1227 1967 1316 2035; x_wconf 88' lang='lat' dir='ltr'><strong>pape</strong></span> <span class='ocrx_word' id='word_1_106' title='bbox 1329 1945 1411 2028; x_wconf 89' lang='lat' dir='ltr'>XII,</span> <span class='ocrx_word' id='word_1_107' title='bbox 1423 1947 1458 2012; x_wconf 90' lang='lat' dir='ltr'><strong>in</strong></span> <span class='ocrx_word' id='word_1_108' title='bbox 1474 1948 1644 2015; x_wconf 92' lang='lat' dir='ltr'><strong>communi</strong></span> <span class='ocrx_word' id='word_1_109' title='bbox 1660 1948 1767 2015; x_wconf 84' lang='lat' dir='ltr'><strong>forma</strong></span> 
     </span>
     <span class='ocr_line' id='line_1_12' title="bbox 414 2049 1767 2140; baseline 0 -22"><span class='ocrx_word' id='word_1_110' title='bbox 414 2072 588 2140; x_wconf 87' lang='lat' dir='ltr'><strong>pauperum</strong></span> <span class='ocrx_word' id='word_1_111' title='bbox 615 2053 843 2133; x_wconf 90' lang='lat' dir='ltr'><strong>obtentarum,</strong></span> <span class='ocrx_word' id='word_1_112' title='bbox 870 2050 1023 2137; x_wconf 90' lang='lat' dir='ltr'><strong>parroch.</strong></span> <span class='ocrx_word' id='word_1_113' title='bbox 1050 2050 1132 2117; x_wconf 92' lang='lat' dir='ltr'><strong>eccl.</strong></span> <span class='ocrx_word' id='word_1_114' title='bbox 1160 2050 1192 2116; x_wconf 86' lang='lat' dir='ltr'><strong>S.</strong></span> <span class='ocrx_word' id='word_1_115' title='bbox 1223 2049 1313 2116; x_wconf 90' lang='lat' dir='ltr'><strong>Petri</strong></span> <span class='ocrx_word' id='word_1_116' title='bbox 1343 2052 1520 2135; x_wconf 87' lang='lat' dir='ltr'><strong>Aquensis,</strong></span> <span class='ocrx_word' id='word_1_117' title='bbox 1549 2052 1639 2118; x_wconf 89' lang='lat' dir='ltr'><strong>dicte</strong></span> <span class='ocrx_word' id='word_1_118' title='bbox 1669 2053 1767 2132; x_wconf 79' lang='lat' dir='ltr'><strong>dioc,</strong></span> 
     </span>
     <span class='ocr_line' id='line_1_13' title="bbox 412 2153 1768 2242; baseline 0 -20"><span class='ocrx_word' id='word_1_119' title='bbox 412 2157 514 2222; x_wconf 84' lang='lat' dir='ltr'><strong>extitit</strong></span> <span class='ocrx_word' id='word_1_120' title='bbox 546 2154 689 2242; x_wconf 87' lang='lat' dir='ltr'><strong>pacifice</strong></span> <span class='ocrx_word' id='word_1_121' title='bbox 714 2161 895 2236; x_wconf 62' lang='lat' dir='ltr'><strong>assecutus</strong></span> <span class='ocrx_word' id='word_1_122' title='bbox 921 2153 1104 2239; x_wconf 83' lang='lat' dir='ltr'><strong>dignemini</strong></span> <span class='ocrx_word' id='word_1_123' title='bbox 1130 2154 1332 2242; x_wconf 74' lang='lat' dir='ltr'><strong>providere,</strong></span> <span class='ocrx_word' id='word_1_124' title='bbox 1358 2174 1426 2220; x_wconf 90' lang='lat' dir='ltr'><strong>non</strong></span> <span class='ocrx_word' id='word_1_125' title='bbox 1450 2157 1537 2221; x_wconf 90' lang='lat' dir='ltr'><strong>obst.</strong></span> <span class='ocrx_word' id='word_1_126' title='bbox 1563 2157 1654 2240; x_wconf 92' lang='lat' dir='ltr'><strong>quod</strong></span> <span class='ocrx_word' id='word_1_127' title='bbox 1678 2156 1768 2223; x_wconf 91' lang='lat' dir='ltr'><strong>idem</strong></span> 
     </span>
     <span class='ocr_line' id='line_1_14' title="bbox 410 2257 1769 2345; baseline -0.001 -19"><span class='ocrx_word' id='word_1_128' title='bbox 410 2259 573 2327; x_wconf 73' lang='lat' dir='ltr'><strong>Amoldus</strong></span> <span class='ocrx_word' id='word_1_129' title='bbox 587 2262 666 2326; x_wconf 93' lang='lat' dir='ltr'><strong>ben.</strong></span> <span class='ocrx_word' id='word_1_130' title='bbox 681 2258 764 2326; x_wconf 92' lang='lat' dir='ltr'><strong>eccl.</strong></span> <span class='ocrx_word' id='word_1_131' title='bbox 780 2277 810 2326; x_wconf 92' lang='lat' dir='ltr'><strong>c.</strong></span> <span class='ocrx_word' id='word_1_132' title='bbox 825 2279 855 2326; x_wconf 95' lang='lat' dir='ltr'><strong>c.</strong></span> <span class='ocrx_word' id='word_1_133' title='bbox 871 2259 927 2324; x_wconf 89' lang='lat' dir='ltr'><strong>vel</strong></span> <span class='ocrx_word' id='word_1_134' title='bbox 943 2279 969 2326; x_wconf 91' lang='lat' dir='ltr'><strong>s.</strong></span> <span class='ocrx_word' id='word_1_135' title='bbox 985 2279 1014 2326; x_wconf 91' lang='lat' dir='ltr'><strong>c.</strong></span> <span class='ocrx_word' id='word_1_136' title='bbox 1029 2259 1073 2326; x_wconf 93' lang='lat' dir='ltr'><strong>ad</strong></span> <span class='ocrx_word' id='word_1_137' title='bbox 1088 2259 1198 2326; x_wconf 81' lang='lat' dir='ltr'><strong>coll...</strong></span> <span class='ocrx_word' id='word_1_138' title='bbox 1214 2259 1286 2325; x_wconf 93' lang='lat' dir='ltr'><strong>dec.</strong></span> <span class='ocrx_word' id='word_1_139' title='bbox 1303 2266 1338 2324; x_wconf 89' lang='lat' dir='ltr'><strong>et</strong></span> <span class='ocrx_word' id='word_1_140' title='bbox 1353 2279 1427 2345; x_wconf 87' lang='lat' dir='ltr'><strong>cap.</strong></span> <span class='ocrx_word' id='word_1_141' title='bbox 1443 2259 1526 2325; x_wconf 92' lang='lat' dir='ltr'><strong>eccl.</strong></span> <span class='ocrx_word' id='word_1_142' title='bbox 1542 2257 1580 2324; x_wconf 91' lang='lat' dir='ltr'><strong>B.</strong></span> <span class='ocrx_word' id='word_1_143' title='bbox 1604 2257 1652 2325; x_wconf 91' lang='lat' dir='ltr'><strong>M.</strong></span> <span class='ocrx_word' id='word_1_144' title='bbox 1679 2259 1769 2335; x_wconf 82' lang='lat' dir='ltr'><strong>Ton-</strong></span> 
     </span>
     <span class='ocr_line' id='line_1_15' title="bbox 408 2361 1769 2450; baseline 0.001 -21"><span class='ocrx_word' id='word_1_145' title='bbox 408 2364 539 2448; x_wconf 86' lang='lat' dir='ltr'><strong>grensis,</strong></span> <span class='ocrx_word' id='word_1_146' title='bbox 556 2363 708 2450; x_wconf 89' lang='lat' dir='ltr'><strong>ejusdem</strong></span> <span class='ocrx_word' id='word_1_147' title='bbox 723 2361 821 2444; x_wconf 79' lang='lat' dir='ltr'><strong>dioc,</strong></span> <span class='ocrx_word' id='word_1_148' title='bbox 836 2382 897 2450; x_wconf 93' lang='lat' dir='ltr'><strong>per</strong></span> <span class='ocrx_word' id='word_1_149' title='bbox 911 2362 1042 2429; x_wconf 86' lang='lat' dir='ltr'><strong>litteras</strong></span> <span class='ocrx_word' id='word_1_150' title='bbox 1056 2371 1187 2430; x_wconf 90' lang='lat' dir='ltr'><strong>vestras</strong></span> <span class='ocrx_word' id='word_1_151' title='bbox 1201 2363 1236 2429; x_wconf 92' lang='lat' dir='ltr'><strong>in</strong></span> <span class='ocrx_word' id='word_1_152' title='bbox 1257 2363 1349 2429; x_wconf 89' lang='lat' dir='ltr'><strong>dicta</strong></span> <span class='ocrx_word' id='word_1_153' title='bbox 1372 2362 1478 2428; x_wconf 85' lang='lat' dir='ltr'><strong>forma</strong></span> <span class='ocrx_word' id='word_1_154' title='bbox 1501 2365 1668 2444; x_wconf 88' lang='lat' dir='ltr'><strong>obtentas,</strong></span> <span class='ocrx_word' id='word_1_155' title='bbox 1691 2384 1769 2430; x_wconf 90' lang='lat' dir='ltr'><strong>nos-</strong></span> 
     </span>
     <span class='ocr_line' id='line_1_16' title="bbox 407 2466 1766 2556; baseline -0.001 -22"><span class='ocrx_word' id='word_1_156' title='bbox 407 2469 489 2534; x_wconf 85' lang='lat' dir='ltr'><strong>citur</strong></span> <span class='ocrx_word' id='word_1_157' title='bbox 514 2476 699 2556; x_wconf 86' lang='lat' dir='ltr'><strong>expectare</strong></span> <span class='ocrx_word' id='word_1_158' title='bbox 713 2489 723 2549; x_wconf 88' lang='lat'>;</span> <span class='ocrx_word' id='word_1_159' title='bbox 748 2487 832 2552; x_wconf 90' lang='lat' dir='ltr'><strong>quas</strong></span> <span class='ocrx_word' id='word_1_160' title='bbox 855 2467 985 2534; x_wconf 86' lang='lat' dir='ltr'><strong>litteras</strong></span> <span class='ocrx_word' id='word_1_161' title='bbox 1000 2475 1129 2534; x_wconf 87' lang='lat' dir='ltr'><strong>vestras</strong></span> <span class='ocrx_word' id='word_1_162' title='bbox 1149 2475 1185 2534; x_wconf 92' lang='lat' dir='ltr'><strong>et</strong></span> <span class='ocrx_word' id='word_1_163' title='bbox 1200 2488 1315 2534; x_wconf 89' lang='lat' dir='ltr'><strong>earum</strong></span> <span class='ocrx_word' id='word_1_164' title='bbox 1331 2466 1491 2533; x_wconf 84' lang='lat' dir='ltr'><strong>effectum</strong></span> <span class='ocrx_word' id='word_1_165' title='bbox 1507 2466 1568 2532; x_wconf 89' lang='lat' dir='ltr'><strong>sibi</strong></span> <span class='ocrx_word' id='word_1_166' title='bbox 1583 2466 1766 2551; x_wconf 87' lang='lat' dir='ltr'><strong>dignemini</strong></span> 
     </span>
     <span class='ocr_line' id='line_1_17' title="bbox 406 2570 1768 2657; baseline 0.001 -20"><span class='ocrx_word' id='word_1_167' title='bbox 406 2593 583 2654; x_wconf 78' lang='lat' dir='ltr'><strong>reservare,</strong></span> <span class='ocrx_word' id='word_1_168' title='bbox 600 2591 801 2657; x_wconf 91' lang='lat' dir='ltr'><strong>quacunque</strong></span> <span class='ocrx_word' id='word_1_169' title='bbox 816 2571 1059 2639; x_wconf 88' lang='lat' dir='ltr'><strong>constitutione</strong></span> <span class='ocrx_word' id='word_1_170' title='bbox 1074 2571 1242 2639; x_wconf 87' lang='lat' dir='ltr'><strong>contraria</strong></span> <span class='ocrx_word' id='word_1_171' title='bbox 1258 2591 1327 2637; x_wconf 92' lang='lat' dir='ltr'><strong>non</strong></span> <span class='ocrx_word' id='word_1_172' title='bbox 1344 2573 1441 2653; x_wconf 77' lang='lat' dir='ltr'><strong>obst,</strong></span> <span class='ocrx_word' id='word_1_173' title='bbox 1457 2578 1493 2637; x_wconf 91' lang='lat' dir='ltr'><strong>et</strong></span> <span class='ocrx_word' id='word_1_174' title='bbox 1507 2570 1708 2657; x_wconf 87' lang='lat' dir='ltr'><strong>respondere</strong></span> <span class='ocrx_word' id='word_1_175' title='bbox 1724 2571 1768 2638; x_wconf 90' lang='lat' dir='ltr'><strong>ad</strong></span> 
     </span>
     <span class='ocr_line' id='line_1_18' title="bbox 405 2662 1768 2763; baseline 0.001 -24"><span class='ocrx_word' id='word_1_176' title='bbox 405 2677 497 2741; x_wconf 89' lang='lat' dir='ltr'><strong>istam</strong></span> <span class='ocrx_word' id='word_1_177' title='bbox 527 2697 536 2742; x_wconf 75' lang='grc' dir='ltr'><strong><em>ε</em></strong></span> <span class='ocrx_word' id='word_1_178' title='bbox 564 2674 653 2757; x_wconf 88' lang='lat' dir='ltr'><strong>Fiat,</strong></span> <span class='ocrx_word' id='word_1_179' title='bbox 669 2682 706 2741; x_wconf 93' lang='lat' dir='ltr'><strong>et</strong></span> <span class='ocrx_word' id='word_1_180' title='bbox 721 2675 828 2763; x_wconf 88' lang='lat' dir='ltr'><strong>prima</strong></span> <span class='ocrx_word' id='word_1_181' title='bbox 850 2674 958 2762; x_wconf 90' lang='lat' dir='ltr'><strong>gratia</strong></span> <span class='ocrx_word' id='word_1_182' title='bbox 979 2662 1155 2742; x_wconf 89' lang='lat' dir='ltr'><strong>remaneat</strong></span> <span class='ocrx_word' id='word_1_183' title='bbox 1170 2674 1233 2742; x_wconf 90' lang='lat' dir='ltr'><strong>sibi</strong></span> <span class='ocrx_word' id='word_1_184' title='bbox 1249 2674 1352 2741; x_wconf 89' lang='lat' dir='ltr'><strong>salva.</strong></span> <span class='ocrx_word' id='word_1_185' title='bbox 1368 2715 1412 2726; x_wconf 89' lang='lat'><em>-</em></span> <span class='ocrx_word' id='word_1_186' title='bbox 1435 2673 1523 2757; x_wconf 88' lang='lat' dir='ltr'><strong>F-iat,</strong></span> <span class='ocrx_word' id='word_1_187' title='bbox 1540 2682 1574 2741; x_wconf 89' lang='lat' dir='ltr'><strong>et</strong></span> <span class='ocrx_word' id='word_1_188' title='bbox 1593 2683 1768 2741; x_wconf 89' lang='lat' dir='ltr'><strong>remaneat</strong></span> 
     </span>
     <span class='ocr_line' id='line_1_19' title="bbox 402 2777 655 2866; baseline 0.008 -22"><span class='ocrx_word' id='word_1_189' title='bbox 402 2780 460 2845; x_wconf 83' lang='lat' dir='ltr'><strong>sibi</strong></span> <span class='ocrx_word' id='word_1_190' title='bbox 475 2781 596 2866; x_wconf 85' lang='lat' dir='ltr'><strong>gratia.</strong></span> <span class='ocrx_word' id='word_1_191' title='bbox 614 2777 655 2847; x_wconf 92' lang='lat' dir='ltr'><strong>R.</strong></span> 
     </span>
     <span class='ocr_line' id='line_1_20' title="bbox 444 2882 1221 2969; baseline 0 -21"><span class='ocrx_word' id='word_1_192' title='bbox 444 2882 523 2948; x_wconf 82' lang='lat' dir='ltr'><strong>Dat.</strong></span> <span class='ocrx_word' id='word_1_193' title='bbox 540 2883 644 2950; x_wconf 85' lang='lat' dir='ltr'><strong>Avin.</strong></span> <span class='ocrx_word' id='word_1_194' title='bbox 660 2902 742 2950; x_wconf 92' lang='lat' dir='ltr'><strong>non.</strong></span> <span class='ocrx_word' id='word_1_195' title='bbox 756 2883 838 2950; x_wconf 83' lang='lat' dir='ltr'><strong>febr.</strong></span> <span class='ocrx_word' id='word_1_196' title='bbox 853 2890 887 2950; x_wconf 88' lang='lat' dir='ltr'><strong>a⁰</strong></span> <span class='ocrx_word' id='word_1_197' title='bbox 904 2890 946 2950; x_wconf 86' lang='lat'><strong>2⁰.</strong></span> <span class='ocrx_word' id='word_1_198' title='bbox 963 2885 1015 2969; x_wconf 83' lang='lat'><strong>(4,</strong></span> <span class='ocrx_word' id='word_1_199' title='bbox 1036 2885 1123 2969; x_wconf 85' lang='lat'><strong>176).</strong></span> <span class='ocrx_word' id='word_1_200' title='bbox 1217 2894 1221 2902; x_wconf 90' lang='grc'><strong><em>·</em></strong></span> 
     </span>
    </p>
   </div>
   <div class='ocr_carea' id='block_1_4' title="bbox 449 3021 1721 3121">
    <p class='ocr_par' dir='ltr' id='par_1_4' title="bbox 449 3021 1721 3121">
     <span class='ocr_line' id='line_1_21' title="bbox 449 3021 1721 3121; baseline -0.006 -16"><span class='ocrx_word' id='word_1_201' title='bbox 449 3021 569 3106; x_wconf 89' lang='grc'><strong>658.</strong></span> <span class='ocrx_word' id='word_1_202' title='bbox 1441 3034 1721 3121; x_wconf 62' lang='lat' dir='ltr'><strong>massaria.</strong></span> 
     </span>
    </p>
   </div>
   <div class='ocr_carea' id='block_1_5' title="bbox 363 3137 1767 4864">
    <p class='ocr_par' dir='ltr' id='par_1_5' title="bbox 405 3137 1767 3951">
     <span class='ocr_line' id='line_1_22' title="bbox 443 3137 1761 3224; baseline 0.001 -21"><span class='ocrx_word' id='word_1_203' title='bbox 443 3139 533 3223; x_wconf 85' lang='lat' dir='ltr'><strong>Sign.</strong></span> <span class='ocrx_word' id='word_1_204' title='bbox 556 3137 823 3224; x_wconf 73' lang='lat' dir='ltr'><strong>Riaymundus),</strong></span> <span class='ocrx_word' id='word_1_205' title='bbox 839 3138 941 3224; x_wconf 90' lang='lat' dir='ltr'><strong>episc.</strong></span> <span class='ocrx_word' id='word_1_206' title='bbox 953 3138 1131 3220; x_wconf 71' lang='lat' dir='ltr'><strong>Morinen,</strong></span> <span class='ocrx_word' id='word_1_207' title='bbox 1148 3139 1238 3223; x_wconf 90' lang='lat' dir='ltr'><strong>quod</strong></span> <span class='ocrx_word' id='word_1_208' title='bbox 1253 3159 1360 3223; x_wconf 89' lang='lat' dir='ltr'><strong>nuper</strong></span> <span class='ocrx_word' id='word_1_209' title='bbox 1376 3137 1407 3203; x_wconf 85' lang='lat' dir='ltr'><strong>S.</strong></span> <span class='ocrx_word' id='word_1_210' title='bbox 1424 3137 1463 3202; x_wconf 74' lang='lat' dir='ltr'><strong>V.</strong></span> <span class='ocrx_word' id='word_1_211' title='bbox 1480 3137 1572 3203; x_wconf 89' lang='lat' dir='ltr'><strong>socio</strong></span> <span class='ocrx_word' id='word_1_212' title='bbox 1587 3159 1656 3219; x_wconf 90' lang='lat' dir='ltr'><strong>su0,</strong></span> <span class='ocrx_word' id='word_1_213' title='bbox 1673 3159 1761 3222; x_wconf 86' lang='lat' dir='ltr'><strong>mag.</strong></span> 
     </span>
     <span class='ocr_line' id='line_1_23' title="bbox 405 3241 1764 3328; baseline 0 -21"><span class='ocrx_word' id='word_1_214' title='bbox 405 3241 547 3318; x_wconf 89' lang='lat' dir='ltr'><strong>Johanni</strong></span> <span class='ocrx_word' id='word_1_215' title='bbox 575 3242 619 3307; x_wconf 94' lang='lat' dir='ltr'><strong>de</strong></span> <span class='ocrx_word' id='word_1_216' title='bbox 646 3241 794 3322; x_wconf 89' lang='lat' dir='ltr'><strong>Biterris,</strong></span> <span class='ocrx_word' id='word_1_217' title='bbox 818 3245 893 3308; x_wconf 88' lang='lat' dir='ltr'><strong>bac.</strong></span> <span class='ocrx_word' id='word_1_218' title='bbox 919 3243 952 3307; x_wconf 92' lang='lat' dir='ltr'><strong>in</strong></span> <span class='ocrx_word' id='word_1_219' title='bbox 977 3244 1066 3309; x_wconf 89' lang='lat' dir='ltr'><strong>decr.</strong></span> <span class='ocrx_word' id='word_1_220' title='bbox 1092 3252 1170 3309; x_wconf 90' lang='lat' dir='ltr'><strong>actu</strong></span> <span class='ocrx_word' id='word_1_221' title='bbox 1197 3242 1321 3327; x_wconf 91' lang='lat' dir='ltr'><strong>legenti</strong></span> <span class='ocrx_word' id='word_1_222' title='bbox 1338 3253 1358 3320; x_wconf 77' lang='lat'><strong>⁴,</strong></span> <span class='ocrx_word' id='word_1_223' title='bbox 1386 3242 1427 3307; x_wconf 91' lang='lat' dir='ltr'><strong>de</strong></span> <span class='ocrx_word' id='word_1_224' title='bbox 1452 3263 1524 3307; x_wconf 86' lang='lat' dir='ltr'><strong>cau.</strong></span> <span class='ocrx_word' id='word_1_225' title='bbox 1542 3251 1576 3307; x_wconf 93' lang='lat' dir='ltr'><strong>et</strong></span> <span class='ocrx_word' id='word_1_226' title='bbox 1591 3245 1682 3328; x_wconf 89' lang='lat' dir='ltr'><strong>preb.</strong></span> <span class='ocrx_word' id='word_1_227' title='bbox 1706 3262 1764 3307; x_wconf 88' lang='lat' dir='ltr'><strong>seu</strong></span> 
     </span>
     <span class='ocr_line' id='line_1_24' title="bbox 405 3344 1767 3431; baseline 0.001 -22"><span class='ocrx_word' id='word_1_228' title='bbox 405 3345 590 3411; x_wconf 84' lang='lat' dir='ltr'><strong>canonicali</strong></span> <span class='ocrx_word' id='word_1_229' title='bbox 614 3344 779 3431; x_wconf 89' lang='lat' dir='ltr'><strong>portione,</strong></span> <span class='ocrx_word' id='word_1_230' title='bbox 796 3365 880 3429; x_wconf 86' lang='lat' dir='ltr'><strong>quos</strong></span> <span class='ocrx_word' id='word_1_231' title='bbox 903 3346 1073 3429; x_wconf 85' lang='lat' dir='ltr'><strong>quondam</strong></span> <span class='ocrx_word' id='word_1_232' title='bbox 1092 3345 1292 3410; x_wconf 88' lang='lat' dir='ltr'><strong>Guillelmus</strong></span> <span class='ocrx_word' id='word_1_233' title='bbox 1308 3346 1454 3410; x_wconf 84' lang='lat' dir='ltr'><strong>Arnaudi</strong></span> <span class='ocrx_word' id='word_1_234' title='bbox 1471 3345 1514 3410; x_wconf 92' lang='lat' dir='ltr'><strong>de</strong></span> <span class='ocrx_word' id='word_1_235' title='bbox 1530 3346 1663 3429; x_wconf 76' lang='lat' dir='ltr'><strong>Querio,</strong></span> <span class='ocrx_word' id='word_1_236' title='bbox 1680 3345 1767 3411; x_wconf 85' lang='lat' dir='ltr'><strong>sedis</strong></span> 
     </span>
     <span class='ocr_line' id='line_1_25' title="bbox 406 3448 1766 3534; baseline 0.001 -21"><span class='ocrx_word' id='word_1_237' title='bbox 406 3461 506 3534; x_wconf 83' lang='lat' dir='ltr'><strong>apost.</strong></span> <span class='ocrx_word' id='word_1_238' title='bbox 523 3450 677 3527; x_wconf 67' lang='lat' dir='ltr'><strong>nuncius</strong></span> <span class='ocrx_word' id='word_1_239' title='bbox 694 3448 750 3533; x_wconf 92' lang='lat' dir='ltr'><strong>qui</strong></span> <span class='ocrx_word' id='word_1_240' title='bbox 767 3448 967 3534; x_wconf 90' lang='lat' dir='ltr'><strong>inpartibus</strong></span> <span class='ocrx_word' id='word_1_241' title='bbox 992 3448 1225 3527; x_wconf 89' lang='lat' dir='ltr'><strong>Romandiole,</strong></span> <span class='ocrx_word' id='word_1_242' title='bbox 1242 3448 1275 3512; x_wconf 91' lang='lat' dir='ltr'><strong>in</strong></span> <span class='ocrx_word' id='word_1_243' title='bbox 1293 3449 1429 3513; x_wconf 89' lang='lat' dir='ltr'><strong>servitio</strong></span> <span class='ocrx_word' id='word_1_244' title='bbox 1447 3448 1598 3513; x_wconf 83' lang='lat' dir='ltr'><strong>Romane</strong></span> <span class='ocrx_word' id='word_1_245' title='bbox 1616 3449 1766 3528; x_wconf 85' lang='lat' dir='ltr'><strong>ecclesie,</strong></span> 
     </span>
     <span class='ocr_line' id='line_1_26' title="bbox 405 3551 1766 3632; baseline 0.002 -16"><span class='ocrx_word' id='word_1_246' title='bbox 405 3552 487 3617; x_wconf 89' lang='lat' dir='ltr'><strong>diem</strong></span> <span class='ocrx_word' id='word_1_247' title='bbox 512 3553 637 3619; x_wconf 89' lang='lat' dir='ltr'><strong>clausit</strong></span> <span class='ocrx_word' id='word_1_248' title='bbox 663 3562 861 3631; x_wconf 89' lang='lat' dir='ltr'><strong>extremum,</strong></span> <span class='ocrx_word' id='word_1_249' title='bbox 879 3551 912 3615; x_wconf 93' lang='lat' dir='ltr'><strong>in</strong></span> <span class='ocrx_word' id='word_1_250' title='bbox 931 3554 1013 3618; x_wconf 89' lang='lat' dir='ltr'><strong>eccl.</strong></span> <span class='ocrx_word' id='word_1_251' title='bbox 1031 3552 1258 3617; x_wconf 89' lang='lat' dir='ltr'><strong>Conseranen.</strong></span> <span class='ocrx_word' id='word_1_252' title='bbox 1275 3553 1460 3632; x_wconf 80' lang='lat' dir='ltr'><strong>obtinebat,</strong></span> <span class='ocrx_word' id='word_1_253' title='bbox 1477 3556 1536 3618; x_wconf 90' lang='lat' dir='ltr'><strong>sub</strong></span> <span class='ocrx_word' id='word_1_254' title='bbox 1553 3563 1644 3618; x_wconf 86' lang='lat' dir='ltr'><strong>certa</strong></span> <span class='ocrx_word' id='word_1_255' title='bbox 1661 3554 1766 3619; x_wconf 81' lang='lat' dir='ltr'><strong>forma</strong></span> 
     </span>
     <span class='ocr_line' id='line_1_27' title="bbox 406 3655 1765 3742; baseline 0.001 -22"><span class='ocrx_word' id='word_1_256' title='bbox 406 3657 546 3741; x_wconf 87' lang='lat' dir='ltr'><strong>providit</strong></span> <span class='ocrx_word' id='word_1_257' title='bbox 563 3680 571 3736; x_wconf 88' lang='lat'>;</span> <span class='ocrx_word' id='word_1_258' title='bbox 589 3663 634 3734; x_wconf 92' lang='lat' dir='ltr'><strong>et,</strong></span> <span class='ocrx_word' id='word_1_259' title='bbox 650 3655 731 3721; x_wconf 91' lang='lat' dir='ltr'><strong>licet</strong></span> <span class='ocrx_word' id='word_1_260' title='bbox 745 3655 909 3721; x_wconf 87' lang='lat' dir='ltr'><strong>beneficia</strong></span> <span class='ocrx_word' id='word_1_261' title='bbox 925 3656 1123 3721; x_wconf 91' lang='lat' dir='ltr'><strong>nunciorum</strong></span> <span class='ocrx_word' id='word_1_262' title='bbox 1139 3657 1229 3721; x_wconf 86' lang='lat' dir='ltr'><strong>dicte</strong></span> <span class='ocrx_word' id='word_1_263' title='bbox 1245 3656 1333 3721; x_wconf 91' lang='lat' dir='ltr'><strong>sedis</strong></span> <span class='ocrx_word' id='word_1_264' title='bbox 1348 3656 1471 3720; x_wconf 85' lang='lat' dir='ltr'><strong>fuerint</strong></span> <span class='ocrx_word' id='word_1_265' title='bbox 1487 3665 1521 3720; x_wconf 90' lang='lat' dir='ltr'><strong>et</strong></span> <span class='ocrx_word' id='word_1_266' title='bbox 1533 3658 1599 3721; x_wconf 89' lang='lat' dir='ltr'><strong>sint</strong></span> <span class='ocrx_word' id='word_1_267' title='bbox 1613 3657 1672 3742; x_wconf 91' lang='lat' dir='ltr'><strong>ipsi</strong></span> <span class='ocrx_word' id='word_1_268' title='bbox 1697 3657 1765 3721; x_wconf 90' lang='lat' dir='ltr'><strong>sedi</strong></span> 
     </span>
     <span class='ocr_line' id='line_1_28' title="bbox 406 3759 1765 3844; baseline 0.001 -21"><span class='ocrx_word' id='word_1_269' title='bbox 406 3761 592 3844; x_wconf 78' lang='lat' dir='ltr'><strong>specialiter</strong></span> <span class='ocrx_word' id='word_1_270' title='bbox 613 3766 795 3839; x_wconf 90' lang='lat' dir='ltr'><strong>reservata,</strong></span> <span class='ocrx_word' id='word_1_271' title='bbox 819 3765 933 3823; x_wconf 91' lang='lat' dir='ltr'><strong>tamen</strong></span> <span class='ocrx_word' id='word_1_272' title='bbox 958 3759 1142 3843; x_wconf 86' lang='lat' dir='ltr'><strong>capitulum</strong></span> <span class='ocrx_word' id='word_1_273' title='bbox 1167 3760 1257 3826; x_wconf 90' lang='lat' dir='ltr'><strong>dicte</strong></span> <span class='ocrx_word' id='word_1_274' title='bbox 1281 3759 1506 3826; x_wconf 87' lang='lat' dir='ltr'><strong>Conseranen.</strong></span> <span class='ocrx_word' id='word_1_275' title='bbox 1530 3764 1622 3839; x_wconf 69' lang='lat' dir='ltr'><strong>eccl.</strong></span> <span class='ocrx_word' id='word_1_276' title='bbox 1648 3772 1765 3826; x_wconf 88' lang='lat' dir='ltr'><strong>contra</strong></span> 
     </span>
     <span class='ocr_line' id='line_1_29' title="bbox 407 3864 1764 3951; baseline 0.002 -26"><span class='ocrx_word' id='word_1_277' title='bbox 407 3864 487 3948; x_wconf 86' lang='lat' dir='ltr'><strong>ipsas</strong></span> <span class='ocrx_word' id='word_1_278' title='bbox 498 3885 596 3951; x_wconf 91' lang='lat' dir='ltr'><strong>prov.</strong></span> <span class='ocrx_word' id='word_1_279' title='bbox 608 3870 644 3927; x_wconf 89' lang='lat' dir='ltr'><strong>et</strong></span> <span class='ocrx_word' id='word_1_280' title='bbox 653 3883 775 3927; x_wconf 91' lang='lat' dir='ltr'><strong>reserv.</strong></span> <span class='ocrx_word' id='word_1_281' title='bbox 787 3883 823 3928; x_wconf 89' lang='lat' dir='ltr'><strong>se</strong></span> <span class='ocrx_word' id='word_1_282' title='bbox 835 3871 1011 3949; x_wconf 87' lang='lat' dir='ltr'><strong>opponunt</strong></span> <span class='ocrx_word' id='word_1_283' title='bbox 1022 3872 1056 3927; x_wconf 89' lang='lat' dir='ltr'><strong>et</strong></span> <span class='ocrx_word' id='word_1_284' title='bbox 1067 3876 1307 3949; x_wconf 88' lang='lat' dir='ltr'><strong>opposuerunt,</strong></span> <span class='ocrx_word' id='word_1_285' title='bbox 1318 3874 1352 3930; x_wconf 92' lang='lat' dir='ltr'><strong>et</strong></span> <span class='ocrx_word' id='word_1_286' title='bbox 1365 3874 1501 3950; x_wconf 82' lang='lat' dir='ltr'><strong>propter</strong></span> <span class='ocrx_word' id='word_1_287' title='bbox 1517 3867 1581 3931; x_wconf 84' lang='lat' dir='ltr'><strong>lroc</strong></span> <span class='ocrx_word' id='word_1_288' title='bbox 1597 3864 1764 3930; x_wconf 87' lang='lat' dir='ltr'><strong>adsedem</strong></span> 
     </span>
    </p>

    <p class='ocr_par' dir='ltr' id='par_1_6' title="bbox 363 3966 1765 4864">
     <span class='ocr_line' id='line_1_30' title="bbox 363 3966 1765 4068; baseline 0.001 -38"><span class='ocrx_word' id='word_1_289' title='bbox 363 3993 364 4068; x_wconf 44' lang='lat' dir='ltr'><strong>p</strong></span> <span class='ocrx_word' id='word_1_290' title='bbox 409 3978 507 4053; x_wconf 88' lang='lat' dir='ltr'><strong>apost.</strong></span> <span class='ocrx_word' id='word_1_291' title='bbox 524 3967 751 4053; x_wconf 88' lang='lat' dir='ltr'><strong>appellarunt,</strong></span> <span class='ocrx_word' id='word_1_292' title='bbox 767 3966 1007 4051; x_wconf 88' lang='lat' dir='ltr'><strong>pretendentes</strong></span> <span class='ocrx_word' id='word_1_293' title='bbox 1029 3988 1065 4032; x_wconf 91' lang='lat' dir='ltr'><strong>se</strong></span> <span class='ocrx_word' id='word_1_294' title='bbox 1087 3968 1211 4033; x_wconf 85' lang='lat' dir='ltr'><strong>habere</strong></span> <span class='ocrx_word' id='word_1_295' title='bbox 1233 3979 1371 4048; x_wconf 89' lang='lat' dir='ltr'><strong>certum,</strong></span> <span class='ocrx_word' id='word_1_296' title='bbox 1391 3968 1546 4033; x_wconf 86' lang='lat' dir='ltr'><strong>videlicet</strong></span> <span class='ocrx_word' id='word_1_297' title='bbox 1574 3989 1609 4032; x_wconf 91' lang='lat'><strong>12</strong></span> <span class='ocrx_word' id='word_1_298' title='bbox 1627 3969 1765 4033; x_wconf 86' lang='lat' dir='ltr'><strong>canoni·</strong></span> 
     </span>
     <span class='ocr_line' id='line_1_31' title="bbox 363 4069 1764 4157; baseline -0.001 -21"><span class='ocrx_word' id='word_1_299' title='bbox 363 4077 364 4136; x_wconf 63' lang='lat' dir='ltr'><strong>l</strong></span> <span class='ocrx_word' id='word_1_300' title='bbox 410 4092 526 4155; x_wconf 84' lang='lat' dir='ltr'><strong>comm,</strong></span> <span class='ocrx_word' id='word_1_301' title='bbox 552 4091 741 4152; x_wconf 89' lang='lat' dir='ltr'><strong>numerum,</strong></span> <span class='ocrx_word' id='word_1_302' title='bbox 757 4069 861 4136; x_wconf 91' lang='lat' dir='ltr'><strong>etiam</strong></span> <span class='ocrx_word' id='word_1_303' title='bbox 886 4080 975 4137; x_wconf 87' lang='lat' dir='ltr'><strong>auct.</strong></span> <span class='ocrx_word' id='word_1_304' title='bbox 1001 4082 1110 4157; x_wconf 85' lang='lat' dir='ltr'><strong>apost.</strong></span> <span class='ocrx_word' id='word_1_305' title='bbox 1127 4093 1169 4137; x_wconf 90' lang='lat' dir='ltr'><strong>ex</strong></span> <span class='ocrx_word' id='word_1_306' title='bbox 1185 4083 1277 4139; x_wconf 89' lang='lat' dir='ltr'><strong>certa</strong></span> <span class='ocrx_word' id='word_1_307' title='bbox 1304 4073 1444 4139; x_wconf 89' lang='lat' dir='ltr'><strong>scientia</strong></span> <span class='ocrx_word' id='word_1_308' title='bbox 1468 4072 1712 4152; x_wconf 86' lang='lat' dir='ltr'><strong>confirmatum,</strong></span> <span class='ocrx_word' id='word_1_309' title='bbox 1729 4078 1764 4135; x_wconf 90' lang='lat' dir='ltr'><strong>et</strong></span> 
     </span>
     <span class='ocr_line' id='line_1_32' title="bbox 410 4175 1763 4262; baseline 0.003 -25"><span class='ocrx_word' id='word_1_310' title='bbox 410 4176 500 4241; x_wconf 89' lang='lat' dir='ltr'><strong>etiam</strong></span> <span class='ocrx_word' id='word_1_311' title='bbox 518 4196 620 4262; x_wconf 89' lang='lat' dir='ltr'><strong>supra</strong></span> <span class='ocrx_word' id='word_1_312' title='bbox 646 4175 755 4261; x_wconf 89' lang='lat' dir='ltr'><strong>ipsum</strong></span> <span class='ocrx_word' id='word_1_313' title='bbox 781 4195 958 4239; x_wconf 85' lang='lat' dir='ltr'><strong>numerum</strong></span> <span class='ocrx_word' id='word_1_314' title='bbox 986 4175 1150 4258; x_wconf 89' lang='lat' dir='ltr'><strong>quosdam</strong></span> <span class='ocrx_word' id='word_1_315' title='bbox 1178 4178 1359 4243; x_wconf 90' lang='lat' dir='ltr'><strong>canonicos</strong></span> <span class='ocrx_word' id='word_1_316' title='bbox 1375 4177 1408 4240; x_wconf 91' lang='lat' dir='ltr'><strong>in</strong></span> <span class='ocrx_word' id='word_1_317' title='bbox 1426 4176 1497 4262; x_wconf 88' lang='lat' dir='ltr'><strong>ipsa</strong></span> <span class='ocrx_word' id='word_1_318' title='bbox 1518 4176 1657 4241; x_wconf 87' lang='lat' dir='ltr'><strong>ecclesia</strong></span> <span class='ocrx_word' id='word_1_319' title='bbox 1674 4185 1763 4241; x_wconf 88' lang='lat' dir='ltr'><strong>auct.</strong></span> 
     </span>
     <span class='ocr_line' id='line_1_33' title="bbox 410 4277 1764 4366; baseline 0.003 -25"><span class='ocrx_word' id='word_1_320' title='bbox 410 4290 507 4364; x_wconf 87' lang='lat' dir='ltr'><strong>apost.</strong></span> <span class='ocrx_word' id='word_1_321' title='bbox 536 4279 635 4345; x_wconf 84' lang='lat' dir='ltr'><strong>luisse</strong></span> <span class='ocrx_word' id='word_1_322' title='bbox 661 4277 790 4364; x_wconf 77' lang='lat' dir='ltr'><strong>positos</strong></span> <span class='ocrx_word' id='word_1_323' title='bbox 805 4285 840 4342; x_wconf 91' lang='lat' dir='ltr'><strong>et</strong></span> <span class='ocrx_word' id='word_1_324' title='bbox 855 4286 1019 4364; x_wconf 89' lang='lat' dir='ltr'><strong>receptos,</strong></span> <span class='ocrx_word' id='word_1_325' title='bbox 1036 4279 1155 4363; x_wconf 91' lang='lat' dir='ltr'><strong>quibus</strong></span> <span class='ocrx_word' id='word_1_326' title='bbox 1179 4282 1372 4366; x_wconf 88' lang='lat' dir='ltr'><strong>providetur</strong></span> <span class='ocrx_word' id='word_1_327' title='bbox 1387 4279 1570 4345; x_wconf 89' lang='lat' dir='ltr'><strong>secundum</strong></span> <span class='ocrx_word' id='word_1_328' title='bbox 1586 4278 1676 4362; x_wconf 86' lang='lat' dir='ltr'><strong>quod</strong></span> <span class='ocrx_word' id='word_1_329' title='bbox 1692 4281 1764 4345; x_wconf 91' lang='lat' dir='ltr'><strong>aliis</strong></span> 
     </span>
     <span class='ocr_line' id='line_1_34' title="bbox 363 4381 1764 4471; baseline 0.003 -28"><span class='ocrx_word' id='word_1_330' title='bbox 363 4413 368 4436; x_wconf 85' lang='lat'><strong>·</strong></span> <span class='ocrx_word' id='word_1_331' title='bbox 410 4381 483 4449; x_wconf 84' lang='lat' dir='ltr'><strong>inira</strong></span> <span class='ocrx_word' id='word_1_332' title='bbox 509 4403 688 4450; x_wconf 91' lang='lat' dir='ltr'><strong>numerum</strong></span> <span class='ocrx_word' id='word_1_333' title='bbox 712 4381 933 4448; x_wconf 83' lang='lat' dir='ltr'><strong>existentibus</strong></span> <span class='ocrx_word' id='word_1_334' title='bbox 955 4384 1163 4449; x_wconf 88' lang='lat' dir='ltr'><strong>antedictum</strong></span> <span class='ocrx_word' id='word_1_335' title='bbox 1175 4408 1183 4464; x_wconf 91' lang='lat'>;</span> <span class='ocrx_word' id='word_1_336' title='bbox 1210 4383 1452 4471; x_wconf 89' lang='lat' dir='ltr'><strong>propterquod</strong></span> <span class='ocrx_word' id='word_1_337' title='bbox 1472 4383 1625 4448; x_wconf 86' lang='lat' dir='ltr'><strong>nituntur</strong></span> <span class='ocrx_word' id='word_1_338' title='bbox 1653 4383 1764 4449; x_wconf 89' lang='lat' dir='ltr'><strong>dicere</strong></span> 
     </span>
     <span class='ocr_line' id='line_1_35' title="bbox 412 4485 1765 4572; baseline 0.002 -22"><span class='ocrx_word' id='word_1_339' title='bbox 412 4505 458 4551; x_wconf 86' lang='lat' dir='ltr'><strong>seu</strong></span> <span class='ocrx_word' id='word_1_340' title='bbox 481 4488 601 4553; x_wconf 90' lang='lat' dir='ltr'><strong>dicunt</strong></span> <span class='ocrx_word' id='word_1_341' title='bbox 628 4485 737 4552; x_wconf 87' lang='lat' dir='ltr'><strong>dictas</strong></span> <span class='ocrx_word' id='word_1_342' title='bbox 763 4486 988 4572; x_wconf 86' lang='lat' dir='ltr'><strong>provisionem</strong></span> <span class='ocrx_word' id='word_1_343' title='bbox 1005 4495 1040 4553; x_wconf 92' lang='lat' dir='ltr'><strong>et</strong></span> <span class='ocrx_word' id='word_1_344' title='bbox 1060 4489 1321 4555; x_wconf 84' lang='lat' dir='ltr'><strong>reservationem</strong></span> <span class='ocrx_word' id='word_1_345' title='bbox 1345 4489 1466 4554; x_wconf 89' lang='lat' dir='ltr'><strong>nullius</strong></span> <span class='ocrx_word' id='word_1_346' title='bbox 1482 4488 1623 4553; x_wconf 85' lang='lat' dir='ltr'><strong>existere</strong></span> <span class='ocrx_word' id='word_1_347' title='bbox 1640 4489 1765 4553; x_wconf 87' lang='lat' dir='ltr'><strong>roboris</strong></span> 
     </span>
     <span class='ocr_line' id='line_1_36' title="bbox 414 4589 1764 4679; baseline 0.001 -26"><span class='ocrx_word' id='word_1_348' title='bbox 414 4591 455 4654; x_wconf 80' lang='lat' dir='ltr'><strong>vel</strong></span> <span class='ocrx_word' id='word_1_349' title='bbox 482 4589 661 4657; x_wconf 90' lang='lat' dir='ltr'><strong>momenti.</strong></span> <span class='ocrx_word' id='word_1_350' title='bbox 692 4590 805 4675; x_wconf 76' lang='lat' dir='ltr'><strong>Quare</strong></span> <span class='ocrx_word' id='word_1_351' title='bbox 835 4612 931 4677; x_wconf 89' lang='lat' dir='ltr'><strong>supp.</strong></span> <span class='ocrx_word' id='word_1_352' title='bbox 967 4591 1076 4658; x_wconf 89' lang='lat' dir='ltr'><strong>dictus</strong></span> <span class='ocrx_word' id='word_1_353' title='bbox 1109 4593 1211 4679; x_wconf 89' lang='lat' dir='ltr'><strong>episc.</strong></span> <span class='ocrx_word' id='word_1_354' title='bbox 1248 4602 1339 4678; x_wconf 85' lang='lat' dir='ltr'><strong>quat.</strong></span> <span class='ocrx_word' id='word_1_355' title='bbox 1371 4594 1540 4658; x_wconf 86' lang='lat' dir='ltr'><strong>declarare</strong></span> <span class='ocrx_word' id='word_1_356' title='bbox 1570 4591 1764 4675; x_wconf 86' lang='lat' dir='ltr'><strong>dignemini,</strong></span> 
     </span>
     <span class='ocr_line' id='line_1_37' title="bbox 363 4694 1764 4864; baseline 0 -105"><span class='ocrx_word' id='word_1_357' title='bbox 363 4743 367 4864; x_wconf 73' lang='grc' dir='ltr'>Ι</span> <span class='ocrx_word' id='word_1_358' title='bbox 415 4705 546 4760; x_wconf 73' lang='lat' dir='ltr'><strong>vestram</strong></span> <span class='ocrx_word' id='word_1_359' title='bbox 575 4694 800 4759; x_wconf 90' lang='lat' dir='ltr'><strong>intentionem</strong></span> <span class='ocrx_word' id='word_1_360' title='bbox 826 4694 925 4761; x_wconf 83' lang='lat' dir='ltr'><strong>fuisse</strong></span> <span class='ocrx_word' id='word_1_361' title='bbox 941 4704 976 4761; x_wconf 93' lang='lat' dir='ltr'><strong>et</strong></span> <span class='ocrx_word' id='word_1_362' title='bbox 992 4717 1064 4762; x_wconf 90' lang='lat' dir='ltr'><strong>esse</strong></span> <span class='ocrx_word' id='word_1_363' title='bbox 1086 4697 1195 4763; x_wconf 88' lang='lat' dir='ltr'><strong>dictas</strong></span> <span class='ocrx_word' id='word_1_364' title='bbox 1210 4698 1473 4764; x_wconf 86' lang='lat' dir='ltr'><strong>reservationem</strong></span> <span class='ocrx_word' id='word_1_365' title='bbox 1490 4705 1523 4761; x_wconf 93' lang='lat' dir='ltr'><strong>et</strong></span> <span class='ocrx_word' id='word_1_366' title='bbox 1539 4695 1764 4782; x_wconf 88' lang='lat' dir='ltr'><strong>provisionem</strong></span> 
     </span>
    </p>
   </div>
   <div class='ocr_carea' id='block_1_6' title="bbox 363 4882 1767 5316">
    <p class='ocr_par' dir='ltr' id='par_1_7' title="bbox 363 4882 1766 4952">
     <span class='ocr_line' id='line_1_38' title="bbox 363 4882 1766 4952; baseline -0.001 -22"><span class='ocrx_word' id='word_1_367' title='bbox 363 4905 365 4928; x_wconf 94' lang='lat'>:</span> <span class='ocrx_word' id='word_1_368' title='bbox 438 4886 455 4938; x_wconf 90' lang='grc'><strong>1,</strong></span> <span class='ocrx_word' id='word_1_369' title='bbox 467 4885 567 4943; x_wconf 79' lang='lat' dir='ltr'><strong>Kirach,</strong></span> <span class='ocrx_word' id='word_1_370' title='bbox 581 4883 657 4942; x_wconf 69' lang='lat' dir='ltr'><strong>Ia&#39;ull„</strong></span> <span class='ocrx_word' id='word_1_371' title='bbox 670 4885 726 4934; x_wconf 76' lang='grc'><strong>211.</strong></span> <span class='ocrx_word' id='word_1_372' title='bbox 739 4883 762 4932; x_wconf 88' lang='grc'><strong>11</strong></span> <span class='ocrx_word' id='word_1_373' title='bbox 773 4889 812 4933; x_wconf 85' lang='lat' dir='ltr'><strong>est</strong></span> <span class='ocrx_word' id='word_1_374' title='bbox 823 4883 948 4934; x_wconf 68' lang='lat' dir='ltr'><strong>different</strong></span> <span class='ocrx_word' id='word_1_375' title='bbox 958 4884 991 4933; x_wconf 89' lang='lat' dir='ltr'><strong>dc</strong></span> <span class='ocrx_word' id='word_1_376' title='bbox 1002 4886 1068 4935; x_wconf 86' lang='lat' dir='ltr'><strong>Jeou</strong></span> <span class='ocrx_word' id='word_1_377' title='bbox 1081 4887 1206 4940; x_wconf 75' lang='lat' dir='ltr'><strong>Courtuia.</strong></span> <span class='ocrx_word' id='word_1_378' title='bbox 1219 4889 1347 4952; x_wconf 78' lang='lat' dir='ltr'><strong>scripturn·</strong></span> <span class='ocrx_word' id='word_1_379' title='bbox 1363 4885 1523 4950; x_wconf 84' lang='lat' dir='ltr'><strong>apostolique</strong></span> <span class='ocrx_word' id='word_1_380' title='bbox 1540 4882 1689 4933; x_wconf 82' lang='lat' dir='ltr'><strong>mcatlounc‘·</strong></span> <span class='ocrx_word' id='word_1_381' title='bbox 1707 4883 1766 4946; x_wconf 86' lang='lat' dir='ltr'><strong>plus</strong></span> 
     </span>
    </p>

    <p class='ocr_par' dir='ltr' id='par_1_8' title="bbox 414 4955 1765 5023">
     <span class='ocr_line' id='line_1_39' title="bbox 414 4955 1765 5023; baseline 0 -18"><span class='ocrx_word' id='word_1_382' title='bbox 414 4955 461 5006; x_wconf 75' lang='lat' dir='ltr'><strong>lut</strong></span> <span class='ocrx_word' id='word_1_383' title='bbox 473 4960 512 5020; x_wconf 91' lang='lat' dir='ltr'><strong>(n.</strong></span> <span class='ocrx_word' id='word_1_384' title='bbox 525 4960 581 5018; x_wconf 81' lang='grc'><strong>152,</strong></span> <span class='ocrx_word' id='word_1_385' title='bbox 596 4961 658 5007; x_wconf 86' lang='lat' dir='ltr'><strong>note</strong></span> <span class='ocrx_word' id='word_1_386' title='bbox 671 4957 705 5019; x_wconf 94' lang='lat' dir='ltr'><strong>l),</strong></span> <span class='ocrx_word' id='word_1_387' title='bbox 718 4962 745 5007; x_wconf 88' lang='lat' dir='ltr'><strong>et</strong></span> <span class='ocrx_word' id='word_1_388' title='bbox 762 4971 813 5020; x_wconf 89' lang='lat' dir='ltr'><strong>que</strong></span> <span class='ocrx_word' id='word_1_389' title='bbox 829 4957 880 5006; x_wconf 85' lang='lat' dir='ltr'><strong>l’on</strong></span> <span class='ocrx_word' id='word_1_390' title='bbox 898 4963 1019 5008; x_wconf 86' lang='lat' dir='ltr'><strong>retrouve</strong></span> <span class='ocrx_word' id='word_1_391' title='bbox 1032 4959 1100 5018; x_wconf 71' lang='lat' dir='ltr'><strong>‚dans</strong></span> <span class='ocrx_word' id='word_1_392' title='bbox 1110 4961 1156 5009; x_wconf 77' lang='lat' dir='ltr'><strong>vles</strong></span> <span class='ocrx_word' id='word_1_393' title='bbox 1166 4968 1237 5011; x_wconf 82' lang='lat' dir='ltr'><strong>actes</strong></span> <span class='ocrx_word' id='word_1_394' title='bbox 1248 4961 1280 5009; x_wconf 90' lang='lat' dir='ltr'><strong>de</strong></span> <span class='ocrx_word' id='word_1_395' title='bbox 1292 4962 1317 5009; x_wconf 82' lang='lat' dir='ltr'><strong>ln</strong></span> <span class='ocrx_word' id='word_1_396' title='bbox 1329 4961 1457 5009; x_wconf 84' lang='lat' dir='ltr'><strong>Chambre</strong></span> <span class='ocrx_word' id='word_1_397' title='bbox 1468 4959 1635 5023; x_wconf 81' lang='lat' dir='ltr'><strong>apostolique,</strong></span> <span class='ocrx_word' id='word_1_398' title='bbox 1650 4958 1672 5006; x_wconf 86' lang='lat' dir='ltr'><strong>le</strong></span> <span class='ocrx_word' id='word_1_399' title='bbox 1683 4961 1698 5006; x_wconf 85' lang='grc'>9</span> <span class='ocrx_word' id='word_1_400' title='bbox 1710 4956 1765 5005; x_wconf 72' lang='lat' dir='ltr'><strong>dec.</strong></span> 
     </span>
    </p>

    <p class='ocr_par' dir='ltr' id='par_1_9' title="bbox 363 5017 1767 5096">
     <span class='ocr_line' id='line_1_40' title="bbox 363 5017 1767 5096; baseline -0.001 -17"><span class='ocrx_word' id='word_1_401' title='bbox 363 5017 366 5040; x_wconf 80' lang='lat'><em>&#39;</em></span> <span class='ocrx_word' id='word_1_402' title='bbox 413 5029 461 5079; x_wconf 72' lang='grc'><strong>1311</strong></span> <span class='ocrx_word' id='word_1_403' title='bbox 479 5029 615 5094; x_wconf 64' lang='lat' dir='ltr'><strong>(uuluae,</strong></span> <span class='ocrx_word' id='word_1_404' title='bbox 637 5030 737 5080; x_wconf 78' lang='lat' dir='ltr'><strong>Inreat.</strong></span> <span class='ocrx_word' id='word_1_405' title='bbox 759 5029 866 5094; x_wconf 59' lang='lat' dir='ltr'><strong>anaim..</strong></span> <span class='ocrx_word' id='word_1_406' title='bbox 879 5046 904 5080; x_wconf 92' lang='lat' dir='ltr'><strong>n.</strong></span> <span class='ocrx_word' id='word_1_407' title='bbox 927 5032 993 5093; x_wconf 79' lang='grc'><strong>153),</strong></span> <span class='ocrx_word' id='word_1_408' title='bbox 1007 5032 1030 5081; x_wconf 85' lang='lat' dir='ltr'><strong>lo</strong></span> <span class='ocrx_word' id='word_1_409' title='bbox 1044 5034 1076 5082; x_wconf 82' lang='lat'><strong>28</strong></span> <span class='ocrx_word' id='word_1_410' title='bbox 1087 5032 1182 5083; x_wconf 75' lang='lat' dir='ltr'><strong>ferrici·</strong></span> <span class='ocrx_word' id='word_1_411' title='bbox 1196 5035 1266 5094; x_wconf 87' lang='grc'><strong>1315,</strong></span> <span class='ocrx_word' id='word_1_412' title='bbox 1288 5035 1326 5096; x_wconf 90' lang='lat' dir='ltr'><strong>(n.</strong></span> <span class='ocrx_word' id='word_1_413' title='bbox 1349 5034 1415 5094; x_wconf 85' lang='grc'><strong>155),</strong></span> <span class='ocrx_word' id='word_1_414' title='bbox 1436 5037 1462 5082; x_wconf 88' lang='lat' dir='ltr'><strong>et</strong></span> <span class='ocrx_word' id='word_1_415' title='bbox 1483 5032 1541 5096; x_wconf 86' lang='lat' dir='ltr'><strong>plus</strong></span> <span class='ocrx_word' id='word_1_416' title='bbox 1552 5032 1610 5079; x_wconf 84' lang='lat' dir='ltr'><strong>tani</strong></span> <span class='ocrx_word' id='word_1_417' title='bbox 1623 5044 1721 5079; x_wconf 79' lang='lat' dir='ltr'><strong>eruore.</strong></span> <span class='ocrx_word' id='word_1_418' title='bbox 1734 5057 1767 5064; x_wconf 93' lang='lat'>-</span> 
     </span>
    </p>

    <p class='ocr_par' dir='ltr' id='par_1_10' title="bbox 413 5101 1767 5167">
     <span class='ocr_line' id='line_1_41' title="bbox 413 5101 1767 5167; baseline 0 -15"><span class='ocrx_word' id='word_1_419' title='bbox 413 5104 429 5150; x_wconf 81' lang='grc'><strong>2.</strong></span> <span class='ocrx_word' id='word_1_420' title='bbox 438 5105 582 5155; x_wconf 76' lang='lat' dir='ltr'><strong>Gnlllaume</strong></span> <span class='ocrx_word' id='word_1_421' title='bbox 594 5103 695 5164; x_wconf 74' lang='lat' dir='ltr'><strong>1an</strong></span> <span class='ocrx_word' id='word_1_422' title='bbox 708 5103 811 5153; x_wconf 74' lang='lat' dir='ltr'><strong>nomme</strong></span> <span class='ocrx_word' id='word_1_423' title='bbox 821 5119 855 5153; x_wconf 84' lang='lat' dir='ltr'><strong>au</strong></span> <span class='ocrx_word' id='word_1_424' title='bbox 866 5103 934 5167; x_wconf 72' lang='lat' dir='ltr'><strong>elige</strong></span> <span class='ocrx_word' id='word_1_425' title='bbox 945 5106 977 5154; x_wconf 89' lang='lat' dir='ltr'><strong>dc</strong></span> <span class='ocrx_word' id='word_1_426' title='bbox 990 5104 1122 5155; x_wconf 72' lang='lat' dir='ltr'><strong>Benevent</strong></span> <span class='ocrx_word' id='word_1_427' title='bbox 1133 5105 1158 5156; x_wconf 82' lang='lat' dir='ltr'><strong>le</strong></span> <span class='ocrx_word' id='word_1_428' title='bbox 1170 5110 1185 5156; x_wconf 85' lang='lat'><strong>3</strong></span> <span class='ocrx_word' id='word_1_429' title='bbox 1197 5121 1266 5155; x_wconf 85' lang='lat' dir='ltr'><strong>mars</strong></span> <span class='ocrx_word' id='word_1_430' title='bbox 1278 5108 1348 5165; x_wconf 87' lang='grc'><strong>1311,</strong></span> <span class='ocrx_word' id='word_1_431' title='bbox 1362 5106 1392 5156; x_wconf 90' lang='lat'><strong>0.</strong></span> <span class='ocrx_word' id='word_1_432' title='bbox 1405 5106 1469 5154; x_wconf 87' lang='lat' dir='ltr'><strong>Min.</strong></span> <span class='ocrx_word' id='word_1_433' title='bbox 1481 5103 1586 5167; x_wconf 77' lang='lat' dir='ltr'><strong>(Eubel,</strong></span> <span class='ocrx_word' id='word_1_434' title='bbox 1600 5104 1619 5162; x_wconf 91' lang='grc'><strong>1,</strong></span> <span class='ocrx_word' id='word_1_435' title='bbox 1635 5105 1686 5161; x_wconf 78' lang='grc'><strong>131,</strong></span> <span class='ocrx_word' id='word_1_436' title='bbox 1698 5101 1767 5163; x_wconf 84' lang='grc'><strong>151).</strong></span> 
     </span>
    </p>

    <p class='ocr_par' dir='ltr' id='par_1_11' title="bbox 413 5175 1767 5316">
     <span class='ocr_line' id='line_1_42' title="bbox 428 5175 1767 5242; baseline -0.001 -18"><span class='ocrx_word' id='word_1_437' title='bbox 428 5179 464 5229; x_wconf 74' lang='grc'><strong>-5,</strong></span> <span class='ocrx_word' id='word_1_438' title='bbox 475 5178 537 5229; x_wconf 75' lang='lat' dir='ltr'><strong>Vola</strong></span> <span class='ocrx_word' id='word_1_439' title='bbox 548 5194 576 5228; x_wconf 92' lang='lat' dir='ltr'><strong>n.</strong></span> <span class='ocrx_word' id='word_1_440' title='bbox 588 5179 638 5228; x_wconf 79' lang='grc'><strong>558</strong></span> <span class='ocrx_word' id='word_1_441' title='bbox 650 5194 657 5236; x_wconf 91' lang='grc'><strong>;</strong></span> <span class='ocrx_word' id='word_1_442' title='bbox 670 5177 772 5237; x_wconf 80' lang='lat' dir='ltr'><strong>Kiracb,</strong></span> <span class='ocrx_word' id='word_1_443' title='bbox 785 5177 860 5238; x_wconf 73' lang='lat' dir='ltr'><strong>loll,</strong></span> <span class='ocrx_word' id='word_1_444' title='bbox 874 5180 929 5228; x_wconf 80' lang='grc'><strong>551.</strong></span> <span class='ocrx_word' id='word_1_445' title='bbox 941 5206 973 5213; x_wconf 89' lang='grc'><strong>--</strong></span> <span class='ocrx_word' id='word_1_446' title='bbox 993 5180 1016 5228; x_wconf 86' lang='grc'><strong>1.</strong></span> <span class='ocrx_word' id='word_1_447' title='bbox 1038 5178 1366 5242; x_wconf 72' lang='lat' dir='ltr'><strong>l‘rocureurdel’evtquoa</strong></span> <span class='ocrx_word' id='word_1_448' title='bbox 1385 5181 1505 5241; x_wconf 78' lang='lat' dir='ltr'><strong>Arigaion</strong></span> <span class='ocrx_word' id='word_1_449' title='bbox 1524 5175 1655 5240; x_wconf 69' lang='lat' dir='ltr'><strong>(Berlibre,</strong></span> <span class='ocrx_word' id='word_1_450' title='bbox 1669 5176 1767 5224; x_wconf 78' lang='lat' dir='ltr'><strong>Jureut.</strong></span> 
     </span>
     <span class='ocr_line' id='line_1_43' title="bbox 413 5251 629 5316; baseline 0.023 -18"><span class='ocrx_word' id='word_1_451' title='bbox 413 5251 503 5316; x_wconf 69' lang='lat' dir='ltr'><strong>satyr.</strong></span> <span class='ocrx_word' id='word_1_452' title='bbox 517 5269 544 5302; x_wconf 90' lang='lat' dir='ltr'><strong>n.</strong></span> <span class='ocrx_word' id='word_1_453' title='bbox 559 5252 629 5315; x_wconf 77' lang='grc'><strong>121).</strong></span> 
     </span>
    </p>
   </div>
   <div class='ocr_carea' id='block_1_7' title="bbox 0 0 2330 6054">
    <p class='ocr_par' dir='ltr' id='par_1_12' title="bbox 0 0 2330 6054">
     <span class='ocr_line' id='line_1_44' title="bbox 0 0 2330 6054; baseline 0 0"><span class='ocrx_word' id='word_1_454' title='bbox 0 0 2330 6054; x_wconf 95' lang='lat' dir='ltr'><strong> </strong></span> 
     </span>
    </p>
   </div>
  </div>
 </body>
</html>
