4650 6059
935 790 1022 861 1349,
1045 790 1104 854 4-7
1126 790 1194 855 mai.
1628 854 1637 873 ,
1675 795 1746 859 423

462 941 553 1007 lavit
568 949 603 1007 et
619 941 690 1026 ejus
705 940 951 1027 possessionem
966 938 1143 1025 pacificam
1155 939 1228 1023 jam
1254 946 1306 1004 est
1320 948 1502 1005 assecutus.
1519 939 1630 1023 Quare
1646 961 1741 1028 supp.

505 1044 659 1111 Gilberto
674 1046 706 1110 le
720 1044 825 1132 Pape,
841 1045 963 1112 elerico
977 1042 1294 1124 Morinen.dioc.,...
1312 1042 1354 1109 de
1370 1043 1500 1129 prefata
1517 1046 1598 1110 eccl.
1615 1044 1646 1111 S.
1664 1044 1743 1111 Ber-

466 1200 472 1214 .
488 1148 673 1233 dignemini
690 1148 876 1234 providere.
891 1187 935 1199 -
959 1146 1037 1226 Fiat
1053 1146 1093 1212 R.

462 1260 502 1317 at.
518 1252 619 1327 Avia.
636 1274 656 1336 4
672 1273 751 1318 non.
767 1252 845 1319 maii
861 1260 895 1319 a⁰
912 1259 954 1337 7⁰.
972 1252 1042 1335 (17,
1060 1250 1150 1333 281).

462 1389 571 1472 572.
1469 1425 1564 1489 1349,
1580 1429 1599 1490 ,r
1618 1408 1694 1472 mai.

462 1529 526 1594 φρ.
543 1506 663 1572 Petrus
685 1506 727 1572 de
744 1505 981 1572 S.'Martia1e...
1006 1515 1096 1592 quat.
1120 1506 1269 1584 Johanni
1292 1506 1422 1572 Tarsini
1444 1507 1486 1574 de
1502 1506 1655 1591 Beturiia‚
1672 1513 1738 1576 cle·

463 1613 664 1677 Atrebaten.
679 1610 778 1690 dioc,
794 1611 850 1695 qui
866 1610 1054 1697 perdecem
1070 1631 1177 1677 annos
1192 1619 1228 1676 et
1237 1613 1322 1676 ultra
1342 1611 1438 1677 stetit
1453 1633 1531 1677 cum
1545 1633 1634 1698 mag.
1660 1613 1738 1679 Ber-

462 1736 482 1781 0
513 1715 625 1796 Sistre,
641 1713 767 1781 nuncio
789 1723 896 1800 apost.
920 1714 1007 1781 sedis
1029 1715 1063 1779 in
1083 1715 1234 1801 partibus
1259 1714 1381 1799 Anglie
1397 1725 1417 1795 ¹,
1440 1715 1482 1781 de
1506 1736 1580 1782 can.
1596 1727 1630 1783 et
1646 1721 1738 1803 preb.

476 1819 511 1884 S.
527 1818 758 1884 Bartholomei
783 1816 953 1899 Leodien„
977 1839 1050 1886 vac.
1074 1819 1117 1885 ad
1143 1839 1279 1904 presens
1305 1839 1365 1904 per
1391 1821 1444 1884 ob.
1460 1818 1626 1897 Johannis
1641 1821 1683 1887 de
1707 1822 1738 1887 S.

462 1923 543 2003 tino,
554 1922 609 2006 qui
626 1922 659 1987 in
677 1921 832 1987 Romana
848 1922 939 1987 curia
962 1921 1051 1987 diem
1075 1922 1194 1988 clausit
1209 1930 1397 1987 extremum
1412 1937 1444 2002 ²;
1461 1943 1530 1987 non
1547 1926 1632 1989 obst.
1649 1924 1739 2009 quod

463 2047 478 2090 r
494 2026 579 2091 eccl.
595 2024 637 2091 de
654 2024 837 2108 Waltbam,
853 2025 1164 2108 wintoniendioc„
1181 2027 1330 2094 noscitur
1345 2026 1485 2112 litigare,
1501 2049 1561 2093 seu
1576 2028 1666 2112 quod
1677 2029 1739 2101 sibi

462 2150 522 2194 en.
545 2129 627 2195 eccl.
651 2128 696 2195 ad
718 2131 794 2195 coll.
811 2130 959 2217 episcopi
976 2140 1011 2196 et
1038 2130 1174 2217 capituli
1191 2132 1390 2202 Atrebatem
1405 2132 1649 2202 mandaveritis
1664 2154 1740 2220 pro

462 2234 495 2315 ri,
512 2233 636 2298 virtute
652 2233 745 2318 cujus
762 2234 913 2300 mandati
931 2235 1111 2320 quamdam
1122 2235 1286 2321 capellan.
1297 2236 1331 2301 in
1347 2235 1439 2302 dicta
1451 2237 1533 2309 eccl.
1544 2239 1739 2303 Atrebaten.

461 2338 634 2423 ptavit.—
651 2336 729 2402 Fiat
751 2336 791 2403 R.

462 2450 502 2507 rt.
519 2441 619 2507 Avin.
636 2465 656 2525 4
671 2462 752 2507 non.
769 2441 847 2507 maii
864 2449 896 2507 a⁰
913 2449 956 2527 7⁰.
974 2444 1166 2527 (17,.281').

462 2578 572 2663 573-
1470 2613 1565 2676 1349,
1583 2612 1602 2676 7
1619 2594 1695 2657 anai.

462 2716 547 2781 φρ...
579 2694 765 2776 Baldratus,
796 2696 924 2761 electus
952 2696 1115 2785 Astensis,
1139 2706 1150 2739 ³
1174 2704 1264 2781 quat.
1293 2694 1457 2781 [Johanni
1490 2694 1699 2761 Mallabaille
1719 2708 1740 2776 ⁴,

462 2808 506 2864 :to
521 2799 772 2884 consanguineo
787 2820 858 2879 suo,
875 2798 1054 2885 canonico]
1072 2802 1164 2886 preb.
1182 2799 1264 2866 eccl.
1277 2798 1308 2864 S.
1326 2799 1508 2864 Donatiani
1526 2797 1703 2882 Brugensis
1718 2805 1741 2879 ¹¹,

462 2923 570 2968 raeen.
582 2902 681 2985 dioc,
693 2910 731 2968 ut
746 2923 864 2968 omnes
879 2903 1036 2970 fructus..
1053 2903 1126 2989 ipso
1152 2902 1320 2969 residente
1336 2902 1370 2967 in
1386 2903 1500 2987 aliquo
1515 2902 1625 2969 studio
1640 2922 1742 2986 gene-

462 3028 513 3071 seu
528 3006 562 3071 in
579 3005 679 3072 Rom.
696 3007 787 3073 curia
802 3008 856 3072 vel
873 3006 907 3071 in
923 3007 1037 3092 aliquo
1052 3006 1292 3072 beneficiorum
1308 3026 1475 3072 suorum...
1491 3005 1535 3071 ad
1557 3006 1741 3090 quinquen-

462 3132 471 3173 ι
494 3110 586 3176 licite
598 3111 710 3175 valeat
724 3111 897 3196 percipere
913 3110 1095 3194 dignemini
1113 3110 1294 3200 indulgere.
1312 3149 1353 3159 -
1371 3107 1447 3175 Fiat
1471 3109 1511 3175 R.

462 3221 504 3278 at.
520 3214 621 3277 Ario.
638 3234 717 3279 non.
741 3214 818 3279 maii
835 3223 868 3279 a⁰
885 3222 927 3298 7⁰.
945 3217 1013 3298 (17,
1032 3216 1122 3297 289).

462 3351 575 3431 574.
1473 3385 1566 3449 1349,
1585 3384 1603 3447 5
1621 3369 1697 3431 arai.

462 3489 524 3554 φρ.
538 3468 578 3532 fr.
596 3466 756 3548 Manias,
773 3468 873 3552 episc.
900 3466 1197 3553 Trapesundinen.,
1223 3468 1383 3551 magister
1409 3468 1443 3532 in
1469 3468 1649 3551 theologia,
1672 3471 1741 3535 ord.

462 3570 485 3635 1.
509 3571 551 3636 de
569 3569 691 3635 Monte
714 3569 857 3634 Carmeli
875 3579 893 3650 ⁵,
918 3580 1008 3655 quat.
1027 3571 1179 3635 Henrico
1195 3570 1237 3636 de
1254 3570 1461 3651 Volenbeke,
1478 3573 1599 3637 clerico
1623 3573 1741 3637 Came-

462 3696 489 3739 n.
506 3674 605 3754 dioc,
621 3672 663 3737 de
678 3694 771 3758 perp.
783 3675 946 3759 capellan.
963 3677 1078 3741 altaris
1090 3676 1121 3741 S.
1138 3675 1258 3753 Jacobi
1274 3676 1308 3740 in
1326 3678 1407 3743 eccl.
1424 3677 1455 3742 S.
1469 3676 1590 3742 Gudile
1606 3676 1742 3741 Bruxel-

465 3800 490 3857 S,
517 3778 608 3842 dicte
635 3777 733 3857 dioc,
759 3799 858 3861 quarn
882 3780 1053 3862 quondam
1080 3779 1254 3858 Johannes
1278 3780 1427 3845 Leeman
1442 3779 1454 3814 ⁶
1470 3780 1550 3844 inibi
1567 3780 1742 3846 obtinebat

476 3903 536 3968 per
561 3881 788 3946 dimissionem
814 3882 923 3967 ipsius,
950 3881 1079 3946 ratione
1103 3881 1322 3947 assecutionis
1348 3901 1420 3946 can.
1437 3890 1470 3944 et
1487 3883 1577 3964 preb.
1602 3880 1741 3943 ecclesie

462 3985 570 4051 ervatii
587 3983 819 4069 Trajectensis,
837 3985 995 4050 Leodien.
1020 3985 1117 4065 dioc,
1133 3986 1247 4069 vigore
1263 3984 1368 4068 gratie
1384 3992 1418 4048 et
1434 3983 1617 4046 litterarum
1634 3990 1741 4066 apost.

463 4112 489 4154 n
512 4089 661 4168 Johanni
678 4109 737 4172 per
753 4088 784 4152 S.
801 4087 840 4153 V.
864 4088 990 4153 dudum
1007 4109 1251 4168 concessarum,
1268 4088 1417 4171 quolibet
1433 4086 1608 4151 detentore
1625 4085 1742 4150 illicito

462 4202 505 4270 to,
529 4192 712 4276 dignemini
729 4192 915 4277 providere.
932 4232 974 4241 -
1000 4191 1074 4267 Fiat
1091 4191 1131 4257 R.
1709 4213 1711 4215 ·

462 4318 512 4361 ern
540 4316 635 4382 supp.
661 4303 752 4378 quat.
769 4293 915 4372 Johanni
944 4296 1036 4360 dicto
1060 4293 1181 4375 Noele,
1209 4295 1393 4380 presbitero
1411 4295 1451 4369 *in
1480 4296 1561 4360 eccl.
1588 4297 1742 4359 Antwer-

462 4401 496 4480 si,
513 4399 730 4465 Cameracen.
747 4399 845 4479 dioc„
870 4399 912 4464 de
937 4421 1010 4464 can.
1027 4403 1086 4465 sub
1114 4421 1189 4485 exp.
1217 4403 1308 4485 preb.
1335 4399 1517 4484 dignemini
1540 4400 1713 4484 providere
1733 4422 1741 4477 ;

473 4507 560 4569 obst.
585 4502 730 4586 quadarn
747 4503 933 4587 capellania
950 4524 1008 4567 sua
1036 4524 1071 4567 12
1100 4504 1220 4576 floren.
1242 4504 1309 4567 auri
1337 4505 1487 4577 valorem
1511 4524 1658 4569 trundum
1675 4523 1743 4567 non

462 4608 577 4673 dente.
593 4647 636 4656 —-
661 4605 737 4671 Fiat
754 4606 816 4672 R...
843 4608 887 4673 Et
910 4608 1042 4692 placeat
1058 4607 1205 4684 Johanni
1231 4606 1340 4672 Noele
1363 4608 1548 4693 presbitero
1576 4607 1743 4685 remittere

463 4732 522 4776 ren
540 4711 583 4775 ad
599 4718 721 4796 partes.
735 4710 815 4775 Fiat
837 4711 877 4776 R.

463 4851 511 4899 'od
528 4852 674 4910 Burgensia.

462 5000 616 5049 schidiacre
627 5000 659 5050 de
672 4999 841 5062 Cantorbery,
855 5015 936 5049 nonce
949 5001 1088 5063 psnrtitieal,
1101 5002 1134 5049 cf.
1157 5000 1228 5058 Bliss,
1243 4999 1331 5064 Papal
1348 4999 1453 5060 Letterr,
1468 5001 1517 5059 111,
1532 5002 1577 5048 733
1590 5017 1595 5058 ;
1615 5000 1743 5057 Petiliam,

463 5104 474 5123 =.
487 5103 519 5112 -
532 5076 555 5122 2.
572 5074 635 5121 Voir
646 5089 671 5121 n.
686 5077 756 5123 1546.
768 5102 799 5111 -
813 5078 834 5123 3.
848 5075 954 5122 Baldrat
969 5075 1123 5136 llalabayla
1137 5072 1239 5122 nomme
1252 5074 1274 5122 le
1287 5075 1317 5122 15
1329 5074 1392 5121 aotlt
1407 5077 1475 5133 1313,
1488 5074 1583 5134 auquel
1595 5072 1710 5131 artoceda,
1724 5074 1747 5120 la

463 5148 655 5208 ,0113633000
674 5148 822 5211 Melabayla
835 5148 936 5207 (Eubel‚
953 5151 969 5206 1,
987 5151 1048 5207 1131.
1063 5178 1092 5187 -
1106 5152 1127 5196 t.
1140 5149 1202 5198 Voir
1213 5163 1239 5198 n.
1257 5150 1295 5208 13,
1315 5150 1387 5207 1007,
1407 5150 1477 5196 1018.
1492 5177 1522 5186 -
1534 5152 1556 5196 5.
1572 5148 1631 5195 l'oir
1648 5162 1681 5224 n.
1691 5150 1746 5205 311,

463 5250 497 5260 -
510 5224 536 5270 6.
546 5222 609 5270 Voir
627 5236 652 5271 n.
671 5224 727 5273 239.
