4650 6059
478 788 540 853 456
1010 787 1098 866 1849,
1121 786 1218 851 28·30
1237 787 1314 868 juin

481 942 591 1006 eidem
601 941 758 1027 Philippo
767 941 948 1027 dignemini
964 940 1139 1027 providere
1154 962 1163 1017 ;
1180 960 1248 1004 non
1265 943 1351 1007 obst.
1367 941 1458 1025 quod
1473 942 1565 1009 idern
1581 944 1764 1033 Philippus
1779 971 1841 1016 can.

482 1053 517 1110 et
531 1048 623 1129 preb.
639 1045 781 1110 ecclesie
797 1046 830 1112 S.
854 1046 944 1111 Petri
961 1044 1153 1125 insulensis,
1170 1045 1260 1110 dicte
1275 1045 1465 1112 Tornacen.
1480 1046 1579 1129 dioc,
1596 1052 1753 1119 noscitur
1767 1057 1841 1121 obti·

484 1169 573 1214 nere.
589 1188 633 1197 -
649 1147 725 1214 Fiat
739 1147 780 1214 R.

528 1252 615 1317 ltem
646 1272 741 1337 supp.
766 1253 856 1337 quod
885 1254 992 1340 possit
1022 1253 1144 1338 eligere
1175 1252 1410 1335 confessorem,
1441 1256 1497 1340 qui
1526 1259 1631 1323 semel
1666 1260 1702 1325 in
1734 1263 1842 1329 mortis

484 1355 624 1420 articulo
641 1375 717 1419 eum
734 1376 753 1420 a
770 1376 857 1441 pena
874 1366 908 1422 et
924 1359 1023 1442 culpa
1039 1355 1187 1441 plenarie
1203 1357 1366 1438 absolvat,
1382 1366 1420 1423 ut
1436 1358 1603 1427 informa.
1618 1401 1664 1412 —
1680 1361 1762 1430 Fiat
1778 1364 1815 1431 R.

529 1460 608 1525 Dat.
625 1460 724 1524 Avin.
741 1482 761 1543 4
784 1459 850 1526 kal.
863 1461 935 1544 julii
952 1467 986 1525 a⁰
1002 1462 1045 1525 8⁰.
1062 1460 1132 1543 (19,
1150 1461 1218 1544 54).

539 1597 679 1679 1750.
1550 1636 1646 1702 1349,
1663 1623 1708 1686 28
1716 1620 1805 1702 juin.

518 1718 723 1805 ·Supplicant
741 1717 958 1802 Marghareta
972 1713 1062 1780 dele
1079 1715 1212 1795 Donne,
1236 1716 1370 1781 humilis
1385 1717 1541 1802 priorissa
1554 1720 1634 1785 novi
1650 1723 1843 1788 monasterii

485 1820 523 1887 B.
541 1820 590 1888 M.
608 1823 798 1904 insulensis,
814 1821 834 1900 J
838 1824 963 1887 acobus
977 1818 1128 1900 Amaldi,
1145 1828 1280 1886 curatus
1295 1819 1382 1886 dele
1398 1820 1518 1903 Faves,
1535 1822 1674 1909 Egidius
1686 1824 1843 1907 Kavines,

485 1927 666 1993 canonicus
681 1928 712 1993 S.
730 1926 816 1992 Piati
841 1924 1053 2003 Sicliniensis,
1078 1922 1276 1989 Waukerius
1305 1923 1460 2005 Clenkes,
1484 1927 1567 1992 civis
1594 1926 1790 2010 Insulensis,
1813 1938 1843 1995 et

486 2028 648 2096 Katen'na
665 2033 735 2116 ejus
749 2051 843 2110 uxor,
849 2028 994 2114 quat.eis
1009 2048 1098 2114 spec.
1109 2047 1156 2113 gr.
1168 2027 1468 2113 facienteS,...qu0d
1483 2031 1612 2117 possint
1627 2033 1755 2119 eligere
1769 2055 1842 2101 cou-

485 2132 642 2199 sessorem
660 2135 842 2220 ydoueum,
859 2132 914 2217 qui
930 2152 989 2196 eos
1004 2152 1024 2196 a
1040 2151 1128 2216 pena
1143 2139 1178 2195 et
1194 2133 1292 2217 culpa
1307 2134 1409 2197 semel
1420 2134 1468 2207 ‚iu
1483 2135 1602 2201 mortis
1617 2136 1765 2204 articulo
1779 2139 1842 2225 ple

487 2236 579 2300 narie
595 2240 759 2319 absolvat,
775 2246 813 2302 ut
828 2237 861 2301 in
879 2237 996 2301 forma.
1013 2275 1055 2284 -
1072 2233 1147 2299 Fiat
1164 2234 1205 2301 R.

528 2339 607 2405 Dat.
622 2342 723 2406 Avin.
739 2364 759 2426 4
775 2340 842 2406 kal.
851 2339 922 2424 julii
939 2346 972 2403 a⁰
987 2341 1030 2403 8⁰.
1047 2338 1119 2424 (19,
1135 2340 1219 2423 54').

537 2477 671 2559 1751.
1546 2511 1643 2577 1349,
1657 2514 1704 2578 jo
1714 2493 1803 2576 juin.

515 2594 627 2681 Supp.
645 2595 806 2680 P(etrus),
822 2596 925 2681 episc.
942 2594 1139 2674 Penestrin,
1156 2601 1248 2678 quat.
1260 2595 1437 2680 capellano
1451 2615 1513 2660 suo
1521 2604 1557 2661 et
1571 2596 1716 2682 phisico,
1728 2600 1842 2685 magis

482 2707 535 2763 tro
551 2699 907 2785 DurandoAymerici,
931 2698 1119 2785 presbitero
1130 2698 1263 2764 Albien.
1279 2697 1377 2779 dioc,
1401 2699 1576 2783 providere
1602 2699 1790 2786 dignemini
1803 2704 1842 2769 de

482 2823 556 2867 can.
573 2812 607 2868 et
630 2807 722 2889 preb.
739 2804 880 2869 ecclesie
895 2803 927 2870 S.
944 2803 1127 2870 Audoman'
1143 2802 1186 2867 de
1212 2801 1244 2868 S.
1260 2803 1466 2884 Andomaro,
1483 2802 1653 2871 Morinen.
1669 2806 1772 2889 dioc,
1786 2828 1842 2894 pro

482 2928 523 2972 eo
547 2929 621 2973 vac.
646 2928 705 2973 seu
731 2907 767 2972 in
800 2908 955 2994 proximo
978 2906 1156 2986 vacaturis,
1183 2906 1274 2991 quod
1301 2906 1500 2973 Guillelmus
1522 2908 1566 2973 de
1592 2907 1809 2977 Cominhano
1824 2924 1841 2991 ¹,

482 3011 623 3076 ecclesie
646 3012 774 3096 prefate
790 3012 979 3091 canonicus,
1006 3010 1049 3076 ad
1063 3018 1146 3075 vota
1172 3010 1318 3096 laycalia
1333 3031 1394 3096 per
1408 3018 1621 3077 contractum
1636 3015 1840 3081 matrimonii

482 3134 517 3179 se
544 3114 667 3179 dicitur.
690 3115 899 3180 transtulisse
924 3115 978 3178 vel
1005 3113 1246 3179 translaturum
1270 3114 1303 3178 in
1329 3114 1433 3193 brevi,
1465 3115 1595 3180 etiamsi
1619 3126 1750 3183 vacent
1779 3119 1841 3183 alio

481 3218 714 3301 quovismodo
728 3242 735 3297 ;
753 3239 821 3283 non
839 3221 996 3283 obstante
1008 3217 1099 3302 quod
1115 3218 1148 3281 in
1160 3218 1303 3282 ecclesia
1319 3216 1502 3302 Legionen.
1518 3239 1592 3284 can.
1608 3227 1645 3284 et
1659 3223 1758 3305 preb.
1769 3242 1840 3287 cum

481 3321 716 3405 prestimoniis,
743 3329 778 3385 et
801 3322 955 3405 parroch.
982 3320 1160 3385 ecclesiam
1186 3319 1218 3384 S.
1235 3319 1324 3385 Petri
1351 3320 1393 3385 de
1420 3321 1543 3400 Anicis,
1569 3321 1723 3390 Castren.
1747 3324 1840 3404 dioc,

483 3445 616 3489 necnon
641 3434 676 3490 et
703 3446 778 3489 can.
802 3426 943 3490 ecclesie
966 3425 1099 3491 hlbien.
1127 3428 1188 3490 sub
1215 3445 1291 3509 exp.
1316 3428 1407 3510 preb.
1431 3427 1580 3491 noscitur
1611 3428 1777 3496 obtinere.
1802 3469 1841 3479 -

485 3527 561 3593 Fiat
584 3528 624 3594 R.
730 3536 732 3546 '

431 3670 434 3675 .
526 3632 606 3697 Dat.
622 3633 755 3697 Avin.=2
773 3632 838 3698 kal.
851 3634 974 3719 julii-a0
991 3636 1033 3699 8⁰.
1051 3635 1120 3717 (19,
1140 3632 1207 3715 66).

536 3769 839 3852 1752·1754.
1329 3789 1330 3793 ’
1545 3804 1641 3868 1349,
1657 3806 1702 3870 3ο
1711 3785 1801 3868 jacin.

526 3890 793 3975 Supplicationes
809 3888 1036 3955 desolatorum
1053 3890 1377 3973 consanguineorum
1393 3891 1481 3953 bone
1498 3910 1599 3953 mem.
1615 3887 1636 3967 J
1639 3890 1786 3956 ohannis
1801 3892 1842 3956 de

483 3993 684 4078 Columpna,
701 3993 870 4076 quondam
887 3993 919 4057 S.
935 3993 1054 4077 Angeli
1071 3992 1203 4057 diaconi
1221 3992 1436 4058 cardinalis...

526 4096 565 4159 ln
581 4098 695 4181 primis
718 4118 813 4182 supp.
839 4097 1038 4181 Stephanus,
1064 4104 1162 4160 natus
1187 4096 1356 4181 quondam
1382 4095 1543 4181 Stephani
1571 4096 1613 4161 de
1641 4095 1841 4185 Columpna,

481 4200 734 4279 militis,domini
751 4200 849 4266 castri
866 4200 907 4265 de
924 4198 1145 4279 Bellovidere,
1161 4220 1268 4285 nepos
1295 4199 1472 4264 cardinalis
1496 4198 1645 4282 ejusdem
1674 4220 1717 4266 ac
1733 4212 1841 4267 vestre

482 4303 699 4368 beatitudinis
724 4304 915 4388 capellanus
934 4320 996 4384 ²,...
1025 4312 1115 4388 quat.
1141 4324 1214 4370 can.
1241 4313 1275 4368 et
1302 4307 1394 4388 preb.
1423 4324 1462 4367 ac
1489 4304 1738 4388 preposituram
1761 4306 1841 4371 eccl.

482 4408 513 4471 S.
529 4406 713 4471 Audomari
730 4407 771 4472 de
788 4407 819 4470 S.
837 4407 1039 4487 Audomaro,
1058 4406 1225 4471 Morinen:
1248 4407 1346 4486 dioc,
1363 4426 1439 4472 cum
1456 4427 1515 4491 per
1530 4428 1653 4472 munus
1667 4428 1842 4475 consecra·

482 4512 584 4577 tionis
611 4511 819 4596 suscipiende
858 4533 917 4597 per
943 4512 1033 4577 dom.
1061 4510 1251 4591 Nicolaum,
1277 4512 1423 4575 electum
1455 4510 1628 4594 Urgellen.
1652 4521 1673 4591 ³,
1698 4532 1760 4577 seu
1784 4532 1842 4597 per

482 4616 612 4700 lapsum
628 4615 789 4702 temporis
805 4616 847 4681 de
864 4616 1099 4681 consecrandis
1115 4616 1321 4701 episcopis...,
1339 4616 1409 4680 sive
1424 4635 1484 4700 per
1498 4615 1762 4700 resignationem
1784 4628 1841 4683 aut

482 4720 666 4784 cessionem
683 4740 802 4785 vacare
819 4721 1007 4805 contigerit,
1024 4720 1132 4785 eidem
1149 4718 1547 4804 Stephano...dignemini
1564 4739 1758 4800 reservare3
1775 4741 1840 4787 non

482 4826 570 4888 obst:
584 4824 675 4906 quod
691 4824 724 4887 in
742 4822 902 4908 Brugensi
916 4831 950 4887 et
966 4823 998 4886 in
1015 4822 1051 4887 N
1053 4823 1206 4889 icosiensi
1223 4844 1297 4888 can.
1314 4832 1348 4887 et
1364 4826 1467 4907 preb,
1480 4830 1515 4887 et
1531 4821 1719 4889 Coronensi
1736 4826 1841 4891 eccle·

482 4927 536 4991 siis
553 4927 755 4992 decanatum
772 4928 919 4993 noscitur
936 4926 1098 4992 obtinere.
1115 4965 1156 4976 —
1174 4925 1251 4992 Fiat
1270 4928 1308 4991 R.

481 5076 731 5089 *-

495 5164 535 5209 u.
554 5160 786 5217 iu1m,11.rrs.-
806 5161 829 5205 a.
842 5158 903 5205 von
922 5173 946 5205 n.
966 5160 1040 5217 nor,
1057 5160 1125 5217 noa,
1140 5160 1210 5207 1557.
1223 5186 1255 5199 -
1273 5162 1296 5208 3.
1315 5159 1418 5209 Nicone
1438 5160 1553 5223 capocea
1566 5158 1658 5223 prevot
1669 5161 1702 5212 de
1715 5135 1842 5223 suom,

480 5233 581 5280 namma
593 5233 616 5280 le
630 5235 659 5280 13
675 5230 808 5292 juniam
820 5230 924 5291 (nuber,
940 5232 957 5289 1,
970 5233 1047 5291 saa).
