4650 6059
418 754 479 818 576
938 753 1021 826 1351.
1043 739 1121 817 1'1-14
1139 752 1249 834 juillet.

417 912 467 969 est
494 911 673 983 assecutus
701 924 801 987 quam
830 901 1088 968 matriculariam
1110 909 1247 987 paratus
1263 911 1314 969 est
1335 904 1516 986 dimittere,
1534 925 1619 972 cum
1641 907 1761 994 predicte

417 1008 556 1073 ecclesie
584 1007 827 1093 possessionem
854 1006 1028 1092 pacificam
1054 1005 1152 1070 inerit
1176 1016 1348 1074 assecutus
1362 1018 1425 1088 ;>·et
1441 1030 1521 1076 cum
1538 1011 1761 1078 omnibusalii

416 1132 483 1177 non
501 1114 587 1177 obst.
608 1149 640 1160 -
662 1110 737 1176 Fiat
755 1110 794 1176 R.

460 1215 539 1281 Dat.
555 1216 655 1281 Avin.
672 1218 690 1279 8
707 1214 750 1280 id.
764 1215 835 1300 julii
852 1223 885 1279 a⁰
905 1222 966 1278 10⁰.
984 1216 1054 1293 (21,
1073 1216 1141 1297 57).

466 1368 607 1452 2219.
1446 1402 1485 1466 13
1485 1403 1547 1465 51,
1565 1386 1737 1469 rrjur'llet.

460 1489 562 1575 Supp.
589 1485 732 1551 Garinus
747 1483 788 1548 de
804 1482 973 1568 Apcberio
984 1492 1002 1563 ¹,
1019 1490 1109 1565 quat.
1130 1481 1206 1569 [suo
1222 1482 1372 1549 familiari
1389 1487 1618 1553 commensali
1638 1487 1761 1555 Henrico

417 1592 590 1678 Boyleiwe
616 1590 658 1654 de
686 1587 807 1654 Monte
829 1598 849 1667 ²,
874 1586 1013 1673 clerico]
1044 1586 1203 1654 Leodien.
1230 1586 1327 1669 dioc,
1355 1589 1397 1654 de
1424 1610 1498 1655 can.
1524 1600 1560 1657 et
1586 1596 1682 1678 preb.
1704 1593 1761 1659 eorl

415 1699 446 1763 S.
473 1696 566 1761 Pauli
592 1693 763 1770 Leodien.,
780 1712 849 1757 vac.
867 1692 900 1755 in
917 1692 1007 1757 curia
1022 1712 1081 1778 per
1096 1692 1233 1758 liberam
1255 1694 1517 1778 resignationem
1542 1694 1761 1764 Godefrididr

416 1800 552 1866 Nivella
568 1810 590 1879 ³,
607 1798 640 1862 in
656 1796 810 1861 manibus
825 1795 982 1861 ordinarii
999 1795 1123 1861 factam
1140 1805 1174 1861 et
1190 1817 1249 1882 per
1265 1798 1372 1882 ipsum
1389 1797 1587 1881 admissam,
1600 1808 1683 1868 ante
1695 1801 1761 1887 cuju

415 1903 674 1988 resignationem
699 1899 839 1985 predicti
870 1920 943 1965 can.
974 1908 1008 1964 et
1035 1903 1126 1985 preb.
1154 1901 1326 1966 collationi
1351 1910 1461 1967 vestre
1492 1912 1529 1969 et
1559 1904 1655 1971 sedis
1677 1915 1759 1992 apost

416 2010 547 2073 fuerunt
574 2003 743 2084 reservati,
767 2002 948 2088 dignemini
973 2002 1172 2089 providere3
1194 2025 1262 2070 non
1279 2008 1364 2071 obst.
1381 2006 1471 2091 quod
1486 2006 1581 2074 idem
1599 2009 1761 2076 ordinaria

417 2112 507 2197 ipsos
532 2110 574 2176 de
600 2108 691 2174 facto
717 2116 751 2172 et
778 2115 896 2173 contra
922 2109 1183 2175 reservationem
1207 2110 1392 2195 predictam
1420 2110 1577 2179 Henrico
1605 2114 1651 2180 de
1678 2112 1761 2201 Huyt

417 2214 619 2292 contulerit;
647 2233 705 2278 seu
729 2211 820 2296 quod
845 2211 954 2278 dictus
983 2212 1149 2279 Hernicus
1173 2234 1245 2280 can.
1269 2217 1330 2280 sub
1352 2236 1427 2302 exp.
1454 2219 1548 2302 preb.
1566 2218 1602 2285 S.
1618 2218 1761 2297 johanni

417 2318 576 2385 Leodien.
604 2338 643 2383 ac
674 2337 746 2384 can.
784 2325 819 2383 et
859 2320 951 2403 preb.
989 2317 1027 2383 Β.
1056 2317 1105 2385 Μ.
1131 2319 1355 2405 Traiectensis
1381 2321 1603 2388 ecclesiarum
1635 2324 1761 2390 noscito

417 2424 568 2489 obtinere
583 2445 592 2501 ;
609 2442 686 2488 cum
703 2422 822 2487 ceteris
837 2441 905 2486 non
923 2423 1008 2487 obst.
1024 2463 1066 2471 -
1084 2421 1159 2488 Fiat
1177 2422 1217 2487 R.

460 2528 538 2594 Dat.
554 2528 654 2593 Avin.
673 2547 689 2612 5
707 2525 750 2592 id.
763 2526 834 2611 julii
852 2534 885 2591 a⁰
905 2533 965 2591 10⁰.
983 2526 1052 2605 (21,
1071 2527 1138 2609 52).

465 2681 611 2764 2220.
1442 2716 1539 2778 1351,
1557 2717 1600 2761 11
1606 2699 1728 2781 juillet.

457 2803 558 2888 Supp.
590 2799 722 2880 Paulus,
761 2800 971 2864 ambasiator
1003 2797 1174 2879 Ludovici,
1199 2799 1284 2883 regis
1316 2798 1472 2884 Ungarie,
1488 2816 1500 2852 ⁴
1517 2809 1614 2884 quat.
1631 2797 1758 2880 Johanni

413 2904 578 2985 Balduini,
594 2903 788 2990 presbitero,
812 2902 854 2968 de
883 2903 1035 2990 parroch.
1065 2902 1207 2967 ecclesia
1222 2901 1264 2967 de
1289 2902 1524 2985 Smaerhebbe,
1557 2905 1754 2972 Cameracen.

412 3009 509 3090 dioc,
526 3028 599 3074 vac.
615 3029 674 3094 per
690 3011 743 3074 ob.
761 3005 894 3073 Nicolai
909 3005 990 3072 dicti
1008 3005 1172 3091 Magistri,
1189 3006 1244 3091 qui
1262 3006 1295 3070 in
1311 3027 1401 3072 anuo
1413 3008 1541 3093 jubileo
1564 3010 1717 3096 preterito
1728 3005 1761 3084 'u‘

413 3114 529 3177 itinere
546 3111 823 3198 peregrinationis
839 3131 951 3177 versus
968 3110 1129 3177 Urbem...
1145 3111 1236 3176 diem
1249 3112 1366 3176 clausit
1378 3119 1580 3193 extremum,
1593 3107 1749 3200 dignemini

413 3216 597 3302 providere.
613 3257 656 3265 —
673 3215 750 3281 Fiat
768 3216 807 3281 R.

456 3321 535 3386 Dat.
551 3321 651 3386 Avin.
670 3341 686 3403 5
704 3319 747 3385 id.
761 3319 831 3404 julii
848 3327 880 3386 a⁰
901 3330 960 3384 10⁰.
978 3321 1048 3402 (¹21,
1068 3322 1123 3402 66)

463 3475 600 3556 2221.
1441 3508 1538 3572 1551,
1556 3509 1598 3552 12
1605 3489 1716 3573 juillet

455 3595 556 3680 Supp.
569 3593 780 3672 Bertrandus,
791 3592 967 3678 episcopus
977 3592 1141 3673 Sabinen.,
1155 3600 1245 3675 quat.
1262 3589 1454 3678 [capellano
1465 3613 1526 3658 suo
1538 3578 1575 3658 et
1587 3588 1742 3659 domestico

413 3698 630 3764 commensali
660 3696 781 3762 Pontio
808 3696 849 3761 de
866 3695 1073 3780 Canpaleriis
1089 3713 1110 3775 ⁵,
1126 3696 1168 3760 de
1196 3717 1270 3762 can.
1298 3704 1333 3761 et
1358 3699 1450 3781 preb.
1481 3698 1625 3763 ecclesie
1653 3694 1742 3775 colleg.

412 3803 443 3868 S.
460 3802 574 3869 Crucis
591 3802 819 3880 Cameracen,
844 3821 902 3886 per
920 3800 951 3865 S.
968 3799 1007 3865 V.
1024 3800 1207 3880 reservatis,
1225 3821 1297 3865 vac.
1313 3821 1372 3886 per
1388 3803 1441 3866 ob.
1458 3821 1545 3886 mag.
1563 3792 1742 3866 Nichasiidt

414 3908 567 3994 Stapulis,
588 3908 620 3971 in
646 3907 709 3971 illis
736 3906 883 3992 partibus
908 3904 1066 3984 defuncti,
1095 3925 1170 3969 cum
1195 3904 1348 3969 omnibus
1368 3904 1495 3988 juribus
1511 3913 1546 3969 et
1561 3895 1742 3991 pertinentiis

411 4013 486 4092 suiS,
504 4011 684 4095 dignemini
701 4009 874 4096 providere
891 4032 898 4087 ;
916 4028 983 4072 non
1001 4011 1086 4073 obst.
1103 4018 1213 4072 vestra
1230 4008 1365 4093 speciali
1383 4009 1612 4074 reservatione
1627 4020 1741 4093 quacun

411 4137 475 4200 que
490 4139 539 4195 ;...
567 4126 600 4180 et
627 4136 694 4180 non
723 4117 808 4180 obst.
834 4113 923 4196 quod
949 4132 1021 4176 can.
1045 4120 1080 4176 et
1103 4116 1194 4198 preb.
1211 4112 1351 4177 ecclesie
1371 4111 1409 4177 B.
1423 4110 1472 4178 M.
1488 4112 1531 4178 de
1547 4111 1659 4179 Insula
1672 4107 1740 4181 Veni

412 4220 618 4285 Cavallicen.
636 4219 732 4298 dioc,
750 4239 788 4283 ac
805 4217 968 4301 capellan.
985 4216 1018 4279 in
1035 4217 1165 4300 capella
1181 4216 1361 4301 episcopali
1378 4215 1598 4283 Cameracen.
1621 4214 1740 4281 obtinere

412 4332 580 4388 noscatur.
596 4363 639 4372 —
657 4322 732 4386 Fiat
750 4320 789 4385 R.

456 4427 535 4492 Dat.
557 4427 656 4491 Avin.
673 4450 692 4510 4
710 4425 752 4490 id.
764 4425 835 4509 julii
853 4432 886 4488 a⁰
907 4431 966 4488 10⁰.
983 4426 1053 4505 (21,
1072 4428 1149 4508 52l).

462 4582 603 4663 2222.
1439 4610 1457 4653 Ι
1457 4609 1535 4672 351,
1552 4610 1592 4672 14
1599 4585 1705 4671 sicilici·

456 4702 619 4786 Dignetur
647 4698 677 4762 S.
695 4696 734 4761 l'.
761 4695 947 4760 Bertrando
974 4693 1124 4773 Ginesta,
1149 4694 1270 4759 clerico
1286 4691 1454 4757 Caturcen
1471 4691 1569 4771 dioc,
1586 4691 1626 4757 de
1641 4683 1730 4754 canti

409 4809 499 4891 preb.
511 4806 587 4870 coll.
598 4801 738 4868 ecclesie
755 4798 987 4879 Sicu'niensisr,
1000 4797 1185 4864 Tornacen.
1202 4797 1298 4877 dioc,
1316 4817 1389 4862 vac.
1405 4817 1465 4881 per
1480 4799 1535 4863 ob.
1552 4778 1746 4862 Leonadidr·

441 5007 469 5061 a)
486 5002 541 5050 (iul.
556 5002 723 5048 (beliniensis.

445 5226 464 5269 l.
481 5222 541 5267 l'oir·
553 5236 577 5268 n.
589 5221 657 5267 1981.
671 5220 743 5265 aori.
752 5244 780 5251 —
793 5221 815 5266 2.
825 5217 885 5262 l'oir
898 5230 922 5263 n.
935 5217 1042 5261 211141ωΙ
1054 5218 1076 5261 3.
1087 5214 1148 5259 l'oir
1159 5227 1184 5258 n.
1198 5212 1306 5258 2002—
1316 5211 1337 5257 l.
1348 5210 1409 5255 l'orr
1421 5210 1509 5255 nillil.
1519 5211 1581 5254 -5.
1594 5187 1728 5249 vocabi-l·
