4650 6059
485 753 543 823 812
1006 751 1093 828 1847,
1116 749 1320 817 22-2tarri1.

540 903 672 993 1191.
1536 934 1632 1003 1347,
1649 939 1691 984 22
1707 924 1804 988 avril.

530 1027 632 1113 Supp.
650 1026 804 1106 Karolus,
821 1022 1051 1090 Romanorum
1066 1029 1102 1088 et
1117 1021 1257 1087 Boemie
1272 1041 1330 1086 rex
1346 1032 1365 1104 ¹,
1382 1029 1473 1106 quat.
1490 1022 1551 1089 sibi
1568 1024 1602 1090 in
1618 1046 1705 1112 pers.
1720 1025 1842 1104 Johan·

486 1130 539 1195 nis
551 1130 632 1195 dicti
650 1127 856 1208 Buckelken,
872 1130 981 1213 presb.
997 1125 1158 1192 Leodien.
1175 1125 1272 1205 dioc.,
1289 1145 1378 1210 spec.
1403 1146 1451 1210 gr.
1476 1125 1648 1210 facientes,
1673 1132 1751 1196 ben.
1767 1133 1843 1197 eccl.

488 1255 516 1299 6.
533 1255 561 1298 6.
577 1234 632 1298 vel
648 1254 672 1298 s.
690 1254 729 1313 6.,
746 1238 904 1318 spectans
920 1229 964 1296 ad
976 1219 1238 1295 collationem...
1252 1228 1326 1293 dec.
1343 1237 1377 1293 et
1394 1249 1468 1315 cap.
1484 1230 1567 1296 eccl.
1584 1230 1805 1315 Coloniensis,
1820 1235 1843 1300 si

487 1337 577 1422 quod
592 1337 626 1401 in
642 1336 762 1402 eadem
787 1335 880 1414 eccl,
907 1333 1039 1399 etiamsi
1065 1338 1191 1399 canet
1214 1334 1307 1417 preb.
1322 1330 1539 1398 sacerdotalis
1560 1336 1694 1418 existat,
1709 1358 1750 1404 ac
1778 1338 1842 1424 [in]

486 1441 550 1508 civ.
566 1441 621 1505 vel
635 1440 723 1506 dioc.
739 1437 914 1504 Colonien.
929 1444 1031 1504 vacat
1050 1436 1095 1501 ad
1107 1454 1246 1522 presens
1256 1435 1312 1499 vel
1324 1455 1400 1501 cum
1412 1438 1595 1518 vacaverit,
1608 1438 1845 1506 conferendum

485 1545 595 1611 eidem
610 1547 731 1630 presb.,
746 1542 924 1610 donationi
939 1549 1049 1629 apost.
1072 1540 1257 1626 dignemini
1282 1560 1461 1606 reservare.
1476 1580 1521 1591 -
1548 1540 1624 1608 Fiat
1639 1563 1745 1626 usque
1773 1552 1846 1624 etc,

485 1650 590 1715 etiam
606 1649 632 1714 si
649 1669 723 1714 can.
739 1655 775 1713 et
789 1649 882 1733 preb.
899 1644 1127 1713 sacerdotalis.
1144 1642 1186 1709 R.

529 1753 607 1817 Dat.
623 1754 724 1817 Avin.
745 1773 783 1817 10
797 1750 867 1817 kal.
881 1750 962 1816 maii
977 1757 1011 1816 a⁰
1027 1756 1070 1835 5⁰.
1086 1749 1159 1832 (10,
1180 1747 1268 1833 146).

539 1890 672 1973 1192.
1529 1917 1626 1984 1347,
1643 1920 1684 1965 22
1703 1903 1804 1968 avril.

526 2007 628 2094 Supp.
645 2006 664 2084 J
668 2007 821 2072 ohannes
836 2002 946 2069 dictus
960 2003 1002 2069 de
1019 2003 1280 2089 Brandemborg,
1294 2004 1371 2069 cler.
1383 2003 1543 2069 Leodien.
1559 2003 1658 2083 dioc.,
1675 2006 1845 2089 quondam

482 2110 624 2175 servitor
638 2113 717 2175 bon.
732 2129 834 2175 mem.
850 2109 936 2193 regis
950 2107 1090 2175 Boemie
1105 2125 1127 2190 ²,
1146 2109 1238 2193 quod
1260 2108 1342 2174 olim
1357 2128 1472 2174 secum
1486 2128 1586 2194 super
1598 2108 1666 2175 (161.
1681 2110 1845 2176 natalium

483 2204 583 2297 quem
599 2214 726 2299 patitur
740 2211 783 2278 de
799 2212 911 2278 soluto
924 2212 1057 2297 genitus
1071 2220 1107 2278 et
1122 2213 1242 2293 soluta,
1261 2211 1361 2297 quod,
1376 2211 1567 2297 hujusmodi
1581 2232 1651 2278 non
1667 2215 1756 2279 obst.
1771 2214 1845 2296 def,

482 2317 589 2404 possit
603 2317 646 2382 ad
661 2336 780 2383 omnes
794 2314 928 2382 ordines
938 2315 1129 2401 promoveri
1144 2323 1180 2381 et
1194 2316 1277 2381 6661.
1292 2318 1369 2381 ben.
1385 2315 1546 2397 obtinere,
1563 2316 1666 2381 etiam
1687 2317 1714 2383 si
1731 2338 1845 2384 curam

482 2420 669 2486 animarum
695 2420 846 2499 haberet,
861 2417 924 2485 fuit
950 2426 1040 2484 auct.
1062 2427 1170 2505 apost.
1194 2418 1444 2504 dispensatum3
1470 2420 1563 2505 cujus
1588 2419 1846 2507 dispensationis

481 2524 595 2609 vigore
611 2544 684 2590 can.
701 2530 736 2588 et
751 2524 844 2609 preb.
860 2521 943 2588 eccl.
959 2521 992 2588 S.
1008 2520 1058 2588 M.
1073 2522 1252 2607 Aquensis,
1268 2523 1358 2589 dicte
1373 2523 1472 2605 dioc.,
1487 2522 1550 2589 11111
1576 2525 1742 2591 canonice
1759 2547 1845 2591 asse·

481 2635 579 2693 cutus
591 2650 600 2707 ;
629 2640 720 2711 quat.
747 2647 826 2693 curn
851 2624 982 2706 eodem,
1010 2624 1111 2709 quod
1135 2625 1272 2691 defectu
1297 2624 1461 2710 predicto,
1487 2646 1620 2699 necnon
1647 2647 1846 2713 quacunque

481 2730 724 2797 constitutione
751 2728 921 2796 contraria
945 2748 1161 2812 nequaquam
1187 2730 1285 2809 obst,
1308 2729 1414 2813 possit
1440 2728 1508 2795 duo
1522 2731 1589 2796 alia
1611 2733 1689 2797 ben.
1705 2752 1765 2798 seu
1789 2733 1844 2799 off.

480 2835 563 2902 eccl.
579 2832 624 2899 ad
648 2833 794 2899 invicem
808 2853 844 2899 se
860 2831 1112 2918 compatientia,
1128 2832 1233 2897 etiam
1249 2831 1276 2897 si
1291 2852 1407 2898 eorum
1433 2833 1568 2917 aliquod
1583 2832 1673 2919 dign.
1688 2837 1745 2900 vel
1760 2857 1845 2922 pers.

480 2946 539 3003 aut
553 2937 611 3004 off.
626 2937 750 3002 existat
765 2943 801 3002 et
823 2956 941 3002 curam
954 2936 1081 3002 babeat
1103 2935 1303 3017 animarum,
1318 2936 1345 3001 si
1367 2936 1429 3001 sibi
1450 2936 1534 3001 alias
1549 2938 1725 3020 canonice,
1741 2940 1845 3006 etiam

480 3062 540 3127 per
555 3041 758 3107 electionem
774 3040 998 3121 conferantur,
1022 3040 1126 3105 libere
1152 3039 1301 3124 recipere
1330 3047 1366 3105 et
1395 3038 1487 3106 licite
1510 3039 1680 3122 retinere;
1705 3042 1844 3128 ipsaque

480 3144 644 3209 beneficia
660 3145 715 3207 vel
731 3164 846 3207 eorum
863 3143 984 3226 aliqua,
1001 3143 1158 3225 quotiens
1174 3162 1258 3228 opus
1273 3142 1371 3207 fuerit
1398 3151 1432 3207 et
1448 3143 1508 3209 sibi
1524 3145 1692 3210 videbitur
1708 3158 1844 3233 oportu-

481 3268 572 3326 num,
599 3254 798 3331 permutare,
827 3254 861 3310 et
885 3246 975 3330 quod
999 3246 1040 3311 de
1067 3245 1132 3310 (161.
1148 3246 1338 3331 hujusmodi
1355 3247 1388 3310 in
1404 3247 1568 3332 aliquibus
1583 3269 1644 3334 pro
1659 3270 1701 3315 6ο
1717 3252 1771 3315 vel
1787 3272 1844 3337 per

481 3371 559 3414 eum
574 3350 616 3414 de
632 3357 745 3414 cetero
760 3349 874 3433 gratiis
889 3348 1105 3433 impetrandis
1121 3370 1190 3413 non
1207 3356 1360 3413 teneatur
1384 3350 1492 3416 facere
1515 3352 1735 3433 mentionem,
1757 3362 1842 3419 auct.

481 3461 589 3539 apost.
605 3452 788 3538 dignemini
804 3453 1006 3539 dispensare.
1019 3493 1062 3501 —
1078 3451 1155 3517 Fiat
1174 3454 1213 3517 R.

527 3558 607 3623 Dat.
623 3556 723 3623 Avin.
743 3578 781 3651 1ο
796 3555 864 3622 kal.
881 3555 959 3622 maii
978 3561 1013 3621 6θ
1032 3563 1074 3641 5⁰.
1092 3558 1163 3640 (10,
1185 3558 1272 3642 146).

535 3698 672 3782 1193.
1532 3724 1629 3791 1347,
1645 3709 1686 3772 26
1702 3710 1801 3774 avril.

526 3815 614 3899 Sign.
639 3814 765 3893 PetruS,
780 3819 879 3877 natus
900 3811 1062 3876 Ghiselini
1078 3812 1121 3878 (16
1138 3811 1297 3892 Rollario,
1313 3812 1390 3877 cler.
1406 3810 1594 3876 Tomacen.
1612 3809 1700 3877 dioc.
1717 3821 1738 3892 ³,
1755 3811 1841 3895 quod

482 3918 562 3984 olim
579 3940 655 3984 cum
672 3918 744 4002 ipso
761 3916 862 3981 Petro
877 3936 975 4001 super
990 3915 1056 3981 (161.
1071 3916 1244 3996 natalium,
1267 3936 1367 3999 quem
1382 3913 1510 3999 patitur
1525 3913 1567 3978 de
1583 3914 1695 3980 soluto
1711 3916 1840 4000 genitus

481 4031 516 4087 et
546 4024 666 4102 soluta,
698 4020 789 4105 quod
818 4020 1006 4105 hujusmodi
1038 4040 1106 4086 non
1138 4022 1224 4085 obst.
1255 4018 1320 4084 (161.
1345 4027 1459 4104 posset
1485 4018 1527 4083 ad
1558 4039 1676 4083 omnes
1712 4019 1841 4086 ordines

481 4126 671 4210 promoveri
686 4133 721 4189 et
737 4124 819 4190 eccl.
840 4128 916 4189 ben.
936 4124 1100 4204 obtinere,
1116 4124 1221 4188 etiam
1237 4123 1263 4188 si
1280 4143 1394 4188 curam
1411 4122 1549 4187 haberet
1565 4122 1766 4204 animarum,
1782 4123 1841 4189 fuit

480 4236 568 4295 auct.
585 4237 692 4314 apost.
708 4226 936 4313 dispensatum
949 4248 958 4306 ;
982 4228 1075 4311 cujus
1090 4225 1347 4312 dispensationis
1362 4225 1475 4310 vigore
1492 4246 1565 4291 can.
1581 4227 1641 4291 sub
1658 4246 1735 4312 exp.
1750 4230 1839 4312 preb.

481 4335 562 4399 eccl.
578 4333 819 4412 ThoraltensiS,
835 4331 925 4397 dicte
947 4331 1046 4412 dioc.,
1069 4332 1231 4397 canonice
1250 4330 1376 4417 [eidem
1393 4328 1510 4415 Petro]
1529 4329 1591 4394 suit
1605 4330 1788 4415 provisum,
1801 4331 1840 4396 de

481 4437 599 4520 quibus
629 4437 757 4500 nullum
783 4434 893 4500 adhuc
918 4435 1133 4499 commodum
1161 4434 1273 4499 extitit
1300 4442 1493 4512 assecutus;
1525 4453 1619 4518 supp.
1647 4442 1750 4518 quat,
1778 4435 1839 4500 des.

480 4540 631 4624 predicto
647 4559 686 4604 ac
714 4538 878 4618 omnibus
894 4558 1027 4604 necnon
1044 4559 1244 4622 quacunque
1266 4539 1506 4603 constitutione
1529 4539 1696 4603 contraria
1715 4560 1840 4624 nequa·

481 4663 581 4727 quam
605 4644 701 4721 obst,
717 4649 755 4706 ut
770 4641 875 4725 possit
891 4661 1088 4726 quecunque
1104 4649 1139 4706 et
1155 4643 1378 4726 quodcunque
1394 4642 1476 4707 eccl.
1491 4643 1567 4706 ben.
1584 4640 1628 4706 ad
1644 4640 1791 4708 invicem
1806 4664 1839 4708 se

480 4744 731 4831 compatientia,
757 4743 859 4808 etiam
884 4745 911 4809 si
936 4764 1050 4810 curam
1075 4746 1223 4811 habeant
1247 4747 1442 4826 animarum,
1460 4746 1486 4810 si
1503 4745 1564 4810 sibi
1580 4746 1662 4810 alias
1677 4748 1839 4814 canonice

481 4848 702 4926 conferantur,
715 4845 817 4911 libere
829 4847 977 4932 recipere
987 4856 1022 4913 et
1032 4850 1164 4914 insimul
1182 4850 1272 4916 licite
1288 4850 1441 4930 retinere,
1458 4850 1595 4935 ipsaque
1610 4851 1776 4917 beneficia
1787 4851 1839 4916 vel

479 4973 595 5019 eorum
611 4951 731 5035 aliqua,
744 4950 898 5036 quotiens
910 4972 994 5038 opus
1008 4953 1105 5019 suerit
1117 4966 1152 5020 et
1163 4955 1224 5020 sibi
1237 4955 1403 5020 videbitur
1415 4963 1629 5041 oportunum,
1640 4965 1837 5041 permutare,

512 5184 533 5233 l.
545 5182 674 5230 blainl'rrt.
684 5181 755 5241 Boin,
769 5185 788 5244 l,
798 5197 823 5232 n.
833 5186 1010 5235 816811-2,
1021 5186 1066 5245 In,
1076 5187 1095 5246 Ι,
1105 5203 1129 5236 11.
1142 5190 1263 5246 sta-8733
1275 5186 1422 5245 SeuerLand,
1433 5201 1458 5234 n.
1468 5188 1573 5236 2022-
1585 5188 1676 5238 3.Voir
1687 5192 1776 5248 11911,
1785 5191 1837 5237 971.
