4650 6059
991 853 1079 926 islo,
1101 853 1194 917 24-29
1214 837 1290 934 jun.
1765 858 1843 923 aar

494 999 589 1066 dantur
619 1011 654 1068 et
679 1003 781 1069 etiam
805 1012 1014 1083 moveantur,
1041 1002 1224 1088 dignemini
1252 1005 1406 1070 omnibus
1434 1026 1511 1070 vere
1538 1007 1766 1091 penitentibus
1789 1017 1823 1073 et

494 1105 633 1187 confessis,
650 1107 705 1191 qui
722 1106 765 1172 de
780 1107 878 1172 bonis
893 1108 941 1172 eis
956 1128 976 1171 a
994 1107 1068 1172 Deo
1083 1107 1216 1173 collatis
1231 1107 1275 1171 ad
1301 1109 1548 1193 reparationem
1565 1119 1599 1175 et
1616 1110 1822 1176 reformatio-

493 1226 552 1272 nem
564 1209 638 1275 dicti
655 1211 859 1290 monasterii,
875 1211 948 1296 pias
964 1211 1165 1276 elemosinas
1189 1219 1224 1275 et
1248 1210 1314 1275 alia
1339 1210 1488 1279 caritatis
1504 1213 1649 1279 subsidia
1665 1235 1823 1299 erogave-

492 1310 549 1391 rint,
571 1313 695 1398 aliquas
729 1313 953 1397 indulgentias
978 1314 1149 1399 impertiri,
1175 1314 1217 1378 de
1245 1315 1362 1399 quibus
1389 1316 1428 1382 V.
1454 1318 1619 1403 placuerit
1643 1318 1685 1398 S.‚
1708 1319 1823 1403 eisque

492 1417 649 1482 concedere
665 1419 755 1504 quod
771 1419 899 1503 possint
912 1419 1039 1483 litteras
1054 1418 1243 1503 hujusmodi
1259 1418 1465 1503 indulgentie
1487 1442 1546 1506 per
1561 1422 1705 1506 patriam
1722 1422 1822 1487 desti-

490 1537 550 1584 nare
563 1542 620 1606 pro
635 1522 812 1605 querendis
827 1523 1017 1587 elemosinis
1033 1531 1066 1588 et
1090 1523 1243 1589 subsidiis
1266 1525 1469 1590 memoratis
1487 1565 1527 1576 -
1544 1524 1619 1590 Fiat
1635 1526 1677 1590 de
1693 1524 1822 1591 duobus

488 1623 564 1687 annis
576 1631 609 1689 et
624 1623 754 1689 duabus
769 1626 1002 1711 quadragenis.
1023 1626 1063 1692 R.

434 1755 435 1770 ¹
522 1724 597 1792 Item
623 1730 731 1814 suppl.
759 1741 849 1812 quat.
876 1730 924 1796 eis
949 1731 1134 1796 concedere
1159 1731 1340 1816 dignemini
1368 1741 1630 1813 conservatores,
1658 1734 1691 1797 in
1717 1734 1822 1800 sonna

483 1825 590 1895 dudum
606 1852 766 1897 concessa
782 1834 918 1917 prelatis
934 1833 1075 1899 Ytalicis
1090 1835 1123 1898 in
1151 1835 1296 1900 concilio
1311 1833 1475 1902 Viennen.
1498 1876 1542 1887 -
1569 1835 1646 1902 Fiat
1662 1837 1705 1901 ad
1720 1838 1821 1902 trien·

483 1930 570 1999 nium.
585 1933 625 1999 R.

520 2036 590 2102 Dat.
606 2058 660 2124 ap.
678 2038 926 2105 Villanmovam
948 2063 984 2106 10
1000 2042 1066 2106 kal.
1080 2042 1150 2125 julii
1169 2051 1202 2106 a⁰
1219 2052 1261 2125 5⁰.
1278 2045 1345 2126 (ll,
1364 2045 1419 2127 54)

530 2176 657 2257 1017.
1258 2271 1260 2276 ¹
1529 2194 1622 2276 1346,
1640 2215 1679 2277 24
1691 2192 1778 2273 juin.

521 2291 611 2379 Supp.
626 2293 810 2374 johannes,
826 2294 928 2380 episc.
944 2298 1139 2360 Atrebaten.
1157 2310 1177 2374 ¹,
1201 2303 1292 2378 quat.
1311 2294 1418 2379 [fratri
1443 2316 1514 2375 suu,
1529 2317 1616 2381 mag.
1641 2296 1823 2382 Aymerico

481 2392 621 2478 Galxani,
637 2401 713 2464 bac.
730 2400 762 2463 in
779 2400 879 2489 decr,
905 2399 1052 2486 cantori]
1083 2401 1164 2482 eccl.
1190 2398 1386 2483 Lingonen.,
1414 2400 1456 2465 de
1481 2421 1556 2465 can.
1584 2408 1618 2465 et
1634 2402 1725 2486 preb.
1742 2400 1823 2466 eccl.

485 2500 686 2568 atrebaten...
696 2502 878 2587 dignemini
891 2501 1076 2589 providere,
1086 2524 1154 2568 non
1166 2504 1250 2567 obst.
1272 2502 1362 2586 quod
1378 2502 1466 2567 idem
1482 2503 1681 2588 Aymericus
1696 2504 1729 2567 in
1746 2502 1824 2567 Lin-

487 2620 589 2680 gonen.
604 2607 792 2672 cantoriam
807 2616 842 2672 et
858 2608 891 2672 in
907 2608 1027 2671 eadem
1043 2605 1228 2690 Lingonen.
1245 2628 1284 2671 ac
1301 2607 1333 2669 in
1359 2606 1390 2670 S.
1417 2604 1556 2671 Martini
1573 2606 1615 2671 de
1642 2605 1825 2690 Campellis

490 2703 516 2767 in
531 2705 605 2790 Bria,
622 2710 780 2776 Parisien.
795 2713 893 2791 dioc,
909 2732 984 2776 can.
1000 2720 1035 2776 et
1050 2713 1141 2796 preb.
1157 2731 1291 2776 necnon
1320 2712 1353 2774 in
1380 2710 1535 2774 Parisien.
1563 2710 1644 2774 eccl.
1666 2729 1740 2773 can.
1764 2711 1823 2772 sub

492 2828 550 2895 exp.
562 2817 651 2899 preb.
667 2835 708 2880 ac
724 2824 938 2901 personatum
954 2817 996 2881 de
1012 2816 1220 2899 Sourlcerque
1232 2825 1251 2894 ²,
1267 2814 1433 2879 Morinen.
1450 2814 1547 2892 dioc,
1561 2814 1653 2897 cujus
1669 2813 1824 2877 fructus...

497 2930 540 2977 100
552 2918 603 2983 lib.
618 2916 697 2983 Tur.
713 2939 806 3004 parv.
821 2939 889 2984 non
907 2918 1083 2998 excedunt,
1099 2918 1248 2984 noscitur
1264 2906 1424 2982 obtinere.
1446 2955 1477 2964 -
1499 2916 1573 2981 Fiat
1591 2915 1630 2981 R.

434 3049 435 3058 ¹
527 3017 592 3087 Dat.
608 3043 661 3108 ap.
678 3022 927 3088 Villamnoxam
946 3026 963 3086 8
980 3022 1046 3087 lxal.
1060 3023 1132 3107 julii
1148 3031 1182 3088 a⁰
1199 3030 1239 3106 5⁰.
1257 3022 1323 3106 (ll,
1342 3022 1424 3104 dol).

535 3158 662 3240 1018.
1531 3175 1625 3254 1346,
1643 3192 1683 3253 29
1694 3169 1780 3251 juia.

525 3273 613 3363 Supp.
628 3277 804 3355 Jolxannes
819 3278 861 3342 de
878 3277 1070 3355 Basentino,
1087 3279 1164 3341 cler.
1182 3276 1385 3341 Noviomen.
1401 3275 1498 3354 dioc,
1515 3284 1608 3358 quat.
1635 3274 1664 3338 ei
1689 3273 1731 3338 de
1748 3295 1822 3338 can.

493 3389 516 3437 tt
530 3385 609 3463 preb.
626 3381 708 3447 eccl.
725 3381 756 3445 S.
774 3381 862 3444 Petri
882 3381 1069 3460 lnsulensis,
1081 3380 1267 3444 'l'ornacen
1284 3380 1464 3459 dioc.,x>·ac.
1482 3378 1571 3464 apud
1587 3377 1701 3444 sedem
1716 3387 1823 3464 apost.

493 3497 535 3559 per
547 3485 597 3550 lib.
614 3486 771 3568 resignat.
788 3505 807 3548 a
823 3494 1036 3569 procuratore
1052 3505 1140 3566 mag.
1156 3483 1322 3560 Jolrannis
1338 3483 1379 3547 cle
1397 3483 1610 3566 Exqueriaco,
1627 3492 1707 3546 tune
1725 3482 1824 3566 ipsius

492 3589 608 3653 ecclesie
625 3610 698 3653 can.
716 3591 818 3674 preb,
836 3588 959 3653 factam
976 3588 1017 3653 de
1034 3589 1096 3652 illis
1120 3587 1209 3672 apud
1233 3586 1345 3651 sedem
1368 3587 1475 3672 ipsam
1501 3588 1533 3650 in
1562 3587 1714 3650 manibus
1731 3583 1771 3649 R.
1789 3584 1824 3648 P.

491 3685 560 3757 dom.
575 3693 665 3759 card.
683 3692 848 3757 Eduensis
864 3703 883 3771 ³,
899 3693 941 3757 de
958 3693 1119 3756 mandato
1136 3702 1248 3756 restro
1264 3712 1361 3775 super
1388 3691 1452 3755 hoe
1470 3691 1545 3753 xire
1571 3690 1663 3753 vocis
1690 3689 1824 3752 oraculo

490 3791 534 3858 sibi
549 3796 646 3875 lacto,
662 3796 920 3880 resignationem
945 3794 1131 3879 hujusmodi
1150 3794 1383 3871 admittentis;
1412 3814 1475 3876 que
1503 3792 1635 3874 quidem
1653 3791 1822 3875 prebenda

489 3892 578 3978 ljuxta
593 3909 721 3965 statuta
739 3900 840 3983 ipsius
856 3900 996 3963 ecclesie
1013 3919 1100 3962 nuuc
1117 3898 1335 3962 sacerdotalis
1351 3896 1473 3972 existit,
1499 3895 1602 3957 etiam
1628 3894 1653 3956 si
1671 3894 1730 3977 ipsi
1749 3913 1822 3956 can.

485 4008 509 4063 et
522 4007 606 4087 preb.
619 4003 648 4088 ¹¹]
677 4005 760 4068 alias
787 4024 845 4088 per
862 4004 893 4067 S.
918 4002 967 4081 l'.,
993 4003 1047 4065 xel
1073 4001 1323 4087 predecessores
1350 4008 1488 4075 uestros
1517 3997 1625 4060 sint...
1653 3995 1822 4071 resectati,

482 4102 646 4188 dignemini
663 4108 839 4192 providere
854 4130 862 4186 ;
880 4128 955 4171 cum
972 4128 1013 4171 eo
1029 4106 1271 4190 dispensantes,
1284 4114 1319 4167 ut
1329 4102 1462 4167 statutis
1478 4111 1512 4166 et
1529 4098 1823 4164 consuetudinibus

481 4205 568 4291 ipsius
591 4212 675 4276 eccl.
703 4210 887 4289 contrariis,
916 4209 1068 4273 etiamsi
1097 4217 1257 4272 caveatur
1283 4208 1316 4270 in
1342 4208 1398 4284 eiS,
1427 4205 1517 4289 quod
1539 4205 1649 4268 nullus
1676 4204 1821 4286 aliquam

479 4314 710 4379 sacerdotalem
726 4312 929 4398 prebendam
947 4311 980 4373 iu
998 4310 1069 4393 ipsa
1094 4310 1175 4373 eccl.
1203 4310 1331 4393 assequi
1358 4309 1412 4373 xel
1436 4308 1586 4372 obtinere
1614 4307 1736 4385 caleat,
1760 4306 1821 4370 nisi

479 4425 547 4481 actu
561 4417 725 4495 sacerdos,
742 4419 796 4481 vel
812 4417 845 4479 in
862 4415 962 4480 sacris
979 4413 1181 4478 constitutus
1200 4413 1321 4476 existat
1338 4436 1345 4489 ;
1363 4422 1397 4477 et
1424 4433 1634 4496 quacumque
1662 4411 1821 4475 constitu-

478 4517 560 4584 tione
576 4522 608 4584 in
637 4520 841 4585 contrarium
866 4519 956 4583 edita
980 4536 1193 4599 nequaquam
1210 4519 1305 4594 obst,
1324 4516 1411 4579 idem
1428 4514 1612 4592 Jolrannes,
1636 4515 1690 4596 qui
1714 4514 1822 4578 nullos

479 4621 588 4704 adhuc,
614 4633 726 4710 preter
754 4625 893 4708 primam
921 4631 1102 4698 tonsuram,
1136 4620 1263 4704 recepit
1290 4620 1430 4698 ordines,
1458 4620 1547 4704 ipsos
1572 4639 1645 4682 can.
1670 4626 1704 4680 et
1731 4620 1823 4701 preb.

479 4724 570 4791 libere
585 4728 733 4813 recipere
749 4735 783 4791 et
799 4727 890 4790 licite
907 4725 1049 4788 retinere
1066 4726 1178 4787 xaleat
1194 4746 1202 4802 ;
1220 4723 1375 4806 quodque
1392 4723 1522 4786 ratione
1540 4722 1684 4806 ipsorum
1702 4742 1776 4785 carn.
1790 4730 1823 4783 et

480 4835 559 4911 preb.
570 4852 638 4896 non
651 4840 807 4896 teneatur
820 4830 881 4894 nisi
892 4830 1069 4894 dumtaxat
1080 4828 1123 4892 acl
1136 4828 1396 4892 subdiaconatus
1412 4826 1562 4891 ordinem
1574 4824 1824 4910 promoveri-
1852 4842 1854 4847 ·

508 5022 531 5078 o)
542 5021 614 5069 Cotto
625 5020 717 5083 phrase
728 5034 744 5067 a
755 5017 796 5066 ott
807 5016 910 5079 ajontde
922 5033 952 5064 cn
966 5031 1060 5073 margo.

512 5213 603 5263 idean
622 5215 733 5263 Galruui
752 5214 854 5262 nomnrci
871 5215 893 5261 le
910 5217 941 5261 28
960 5213 1082 5262 stc-,13⁴⁴
1098 5211 1199 5272 (Eubcl.
1215 5212 1232 5258 l.
1249 5213 1314 5267 llr').
1329 5239 1332 5242 -
1350 5238 1358 5243 ·
1376 5207 1827 5265 1511110111κιιι1υ11υ111ιψι1υ·

486 5285 576 5348 Calais).
588 5318 619 5328 -
629 5290 653 5339 3,
665 5289 750 5338 Piorre
764 5288 895 5346 Bortrancl,
908 5288 976 5335 canl.
989 5287 1023 5332 clu
1037 5288 1097 5334 titre
1108 5286 1140 5333 clc
1153 5288 1177 5334 S.
1190 5285 1306 5332 (fils-ruent
1320 5301 1325 5334 :
1339 5299 1361 5331 x.
1375 5299 1398 5331 n.
1411 5285 1465 5331 976.
