4650 6059
1031 772 1117 847 1842,
1141 772 1186 837 1-2
1205 772 1282 854 juin
1820 781 1841 845 b

513 926 696 993 deBetbrmia
717 922 888 1010 jurisper]
915 923 958 988 de
984 944 1058 989 can.
1075 924 1158 988 eccl.
1174 924 1373 990 Ambianen.
1390 924 1572 1009 dignemini
1596 928 1781 1012 providere.
1797 970 1841 979 —

514 1030 563 1096 Fiat
574 1032 602 1095 iu
615 1031 699 1097 eccl.
715 1029 747 1094 S.
765 1028 855 1093 Petri
873 1026 1051 1092 Fumensis
1061 1036 1080 1107 ¹,
1099 1025 1266 1092 Morinen.
1283 1027 1369 1094 dioc.
1386 1067 1427 1079 -
1445 1028 1485 1094 R.

537 1173 579 1234 36.
593 1166 678 1233 Item
695 1175 790 1251 quat.
807 1186 882 1253 cap.
906 1186 966 1232 suo
991 1165 1129 1250 Hugoni
1151 1165 1244 1233 dicto
1260 1166 1376 1251 Bonge
1388 1167 1431 1232 de
1443 1188 1518 1233 can.
1535 1169 1617 1235 eccl.
1629 1171 1841 1238 Attrebaten.

509 1270 654 1355 dignemini
681 1270 870 1357 providere,
894 1290 963 1336 non
988 1272 1073 1335 obst.
1086 1268 1181 1353 ‘quod
1209 1270 1242 1334 in
1265 1271 1347 1336 eccl.
1364 1269 1403 1336 B.
1424 1270 1514 1337 Petri
1535 1272 1681 1339 Ariensis
1708 1294 1782 1340 can.
1807 1283 1841 1340 et

509 1378 571 1459 preb.
590 1396 629 1441 ac
643 1376 728 1441 eccl.
744 1375 898 1460 parrocb.
919 1374 962 1439 de
977 1374 1173 1458 Quinciaco,
1192 1373 1358 1440 Morinen.
1375 1383 1409 1440 et
1424 1378 1636 1442 Attrebaten.
1655 1378 1752 1458 dioc,
1766 1400 1841 1445 nos-

507 1478 565 1543 ritu
582 1479 797 1545 obtinere-
809 1478 885 1544 Fiat
900 1479 933 1543 in
949 1479 1031 1544 eccl.
1047 1478 1079 1544 S.
1096 1477 1246 1565 Nicolay
1261 1480 1462 1546 Ambianen.
1479 1480 1519 1545 R.
1538 1480 1580 1565 (I,
1600 1482 1667 1564 21).

532 1620 577 1681 37.
592 1612 680 1680 Item
696 1625 790 1700 quat.
810 1614 984 1702 [Jolranni
1002 1616 1071 1681 filio
1086 1615 1176 1681 dom.
1192 1615 1235 1680 de
1249 1615 1376 1681 Bours²
1392 1616 1496 1702 cler.,]
1516 1618 1729 1686 Attrebaten.
1744 1621 1842 1704 dioc„

441 1732 443 1738 ·
503 1717 617 1786 decan.
644 1711 727 1787 eccl.
756 1720 973 1787 Cameracen.
1002 1721 1182 1806 dignemini
1209 1721 1384 1807 providere
1403 1729 1438 1787 et
1465 1724 1557 1807 preb.
1579 1743 1756 1806 reservare,
1773 1746 1840 1792 non

441 1833 443 1838 ’
503 1825 564 1888 obst.
576 1824 667 1910 quod
692 1825 726 1890 in
752 1825 835 1890 eccl.
852 1823 890 1891 B.
907 1823 1137 1891 Bartholomei
1153 1824 1196 1890 de
1212 1823 1391 1905 Bethunia,
1407 1826 1619 1893 Attrebaten.
1646 1827 1742 1909 dioc,
1767 1849 1840 1896 can.

501 1938 523 1990 et
535 1932 615 2013 preb.
628 1930 778 1996 noscitur
794 1929 955 1995 obtinere.
972 1969 1014 1979 —
1031 1929 1108 1994 Fiat
1124 1930 1157 1993 in
1174 1930 1256 1994 eccl.
1273 1929 1304 1994 S.
1322 1929 1499 2013 Gaugerici
1515 1929 1728 1998 Cameracen.
1746 1932 1786 1998 R.

528 2073 576 2132 38.
594 2066 682 2132 Item
697 2076 791 2151 quat.
812 2067 916 2153 [mag.
927 2067 1100 2153 Stephano
1116 2066 1206 2131 dele
1222 2065 1383 2147 Banois³‚
1396 2068 1584 2134 consiliario
1599 2068 1684 2152 regis
1700 2065 1845 2133 Francie

497 2169 519 2232 in
532 2171 685 2255 requestis
699 2171 817 2257 palatii
834 2172 881 2236 sui
904 2170 1106 2251 ParisicnsiS,
1127 2170 1331 2256 consiliario]
1361 2171 1444 2236 item
1467 2171 1548 2237 dicti
1575 2170 1679 2251 ducis,
1702 2171 1841 2237 decan.

493 2274 688 2341 ‚lurelianen
713 2275 895 2360 dignemini
922 2275 1096 2362 providere
1120 2274 1189 2362 [et]
1208 2277 1300 2361 preb.
1316 2295 1494 2357 reservare,
1517 2296 1586 2342 non
1603 2278 1687 2341 obst.
1705 2276 1795 2361 quod
1807 2277 1840 2340 in

492 2378 558 2442 eccl.
583 2375 788 2444 Noriomen.
810 2388 845 2444 et
861 2378 1045 2463 collegiatis
1071 2378 1103 2443 S.
1119 2377 1281 2444 Odonrari
1307 2378 1349 2443 de
1375 2377 1512 2459 Lileriis,
1530 2380 1561 2445 S.
1578 2378 1668 2444 Petri
1684 2379 1841 2461 Ariensisy

490 2477 642 2547 llorinen.
658 2481 757 2563 dioc..
774 2502 848 2547 can.
864 2490 898 2547 et
913 2484 1006 2569 preb.
1021 2480 1171 2547 noscitur
1186 2481 1349 2548 obtinere.
1366 2521 1408 2533 -
1425 2481 1503 2548 Fiat
1519 2482 1559 2547 R.

522 2585 598 2652 Dat.
613 2585 714 2652 Avin.
730 2585 799 2652 kal.
812 2586 905 2672 junii.
924 2586 967 2672 (Ι,
986 2588 1055 2671 21).

529 2697 708 2810 39-42.
1531 2754 1627 2817 1542,
1644 2754 1699 2798 r·2
1710 2731 1797 2813 juin.

519 2843 620 2929 Supp.
635 2842 668 2908 S.
684 2841 725 2907 V.
742 2841 852 2906 Maria
863 2839 906 2906 de
915 2840 1085 2920 Annonia,
1097 2838 1229 2905 ducissa
1240 2838 1446 2921 Borbonesii,
1458 2842 1575 2907 relicta
1586 2841 1702 2906 inclite
1714 2860 1844 2905 merno-

479 2946 521 3010 rie
535 2947 626 3013 dom.
638 2945 802 3013 Ludovici
824 2945 918 3011 ducis
945 2943 1150 3025 Borbonesii,
1168 2943 1259 3029 quod
1274 2944 1365 3010 olim.
1378 2945 1433 3010 fel.
1449 2965 1514 3011 rec.
1531 2945 1622 3011 dom.
1638 2942 1845 3008 Benedictus

479 3070 562 3136 papa
577 3048 658 3130 XII,
674 3050 888 3135 predecessor
902 3057 1023 3129 vester,
1039 3048 1142 3133 ipsius
1157 3048 1287 3113 ducisse
1310 3050 1609 3135 contemplatione,
1625 3048 1704 3113 fecit
1720 3046 1845 3112 clerico

479 3175 544 3231 suo,
560 3152 691 3231 Jacobo
705 3154 748 3219 de
765 3152 923 3233 Vitriaco,
940 3152 983 3218 de
999 3173 1073 3217 can.
1090 3152 1172 3216 eccl.
1186 3152 1217 3216 S.
1236 3151 1417 3217 Donatiani
1446 3152 1487 3218 de
1513 3152 1637 3236 Brugis,
1655 3150 1684 3216 T
1685 3170 1841 3217 omacen.

479 3257 571 3337 dioc..
587 3267 622 3323 et
637 3260 730 3343 preb.
751 3258 840 3344 [vac.
856 3259 910 3323 vel
926 3257 1053 3343 vacat]
1074 3281 1120 3342 gr.
1137 3280 1237 3345 spec,
1254 3280 1294 3323 ex
1311 3279 1376 3342 qua
1393 3259 1500 3342 gratia
1517 3259 1644 3322 nullum
1662 3257 1841 3322 comodum

479 3362 668 3447 reportavit,
684 3362 764 3427 licet
779 3363 899 3427 exinde
922 3383 1023 3426 onera
1048 3363 1189 3447 plurima
1206 3363 1341 3427 subierit
1358 3371 1391 3425 et
1419 3382 1592 3446 expensas
1609 3362 1720 3444 Quare
1747 3382 1843 3445 supp.

481 3467 582 3530 eidem
599 3465 630 3529 S.
643 3464 683 3529 V.
699 3466 830 3530 ducissa
846 3466 987 3551 prefata,
1005 3474 1097 3548 quat.
1114 3466 1280 3550 prefatam
1297 3486 1343 3549 gr.
1360 3465 1541 3548 dignemini
1558 3468 1617 3529 sub
1630 3473 1742 3529 vestro
1756 3464 1840 3528 selici

482 3572 610 3633 nomine
634 3590 795 3634 renovare
818 3590 911 3647 ;non
943 3572 1029 3634 obst.
1060 3569 1150 3652 quod
1182 3570 1270 3633 idem
1301 3568 1449 3645 Jacobus
1477 3590 1549 3633 can.
1578 3579 1611 3632 et
1640 3572 1731 3654 preb.
1760 3569 1841 3631 eccl.

483 3672 509 3735 S.
524 3672 687 3749 Jobannis
702 3671 744 3736 de
755 3672 784 3733 V
786 3674 898 3753 irtuto,
916 3672 1136 3737 Catlralanen.
1152 3674 1249 3752 dioc,
1262 3673 1411 3737 noscitur·
1427 3673 1588 3737 obtinere.
1602 3712 1644 3721 —
1658 3671 1734 3736 Fiat
1750 3679 1784 3735 et
1800 3671 1843 3734 de

484 3773 555 3839 data
571 3774 726 3840 kalendis
734 3777 816 3860 junii
833 3797 923 3841 anno
939 3776 1056 3861 primo.

520 3924 580 3982 40.
600 3915 689 3979 Item
706 3935 801 4000 supp.
823 3915 940 3979 eadem
962 3915 1093 3980 ducissa
1116 3923 1208 3998 quat.
1234 3916 1310 3979 cler.
1333 3925 1367 3980 et
1390 3915 1491 3980 famil.
1513 3936 1573 3979 suo
1597 3913 1778 3978 Guillelrno
1801 3913 1843 3976 de

485 4019 625 4085 Cenereu
643 4020 800 4104 Daynay,
816 4023 858 4083 de
875 4020 1037 4085 consimili
1062 4019 1282 4084 renovatione
1309 4020 1342 4083 in
1360 4021 1440 4085 eccl.
1470 4019 1507 4083 B.
1527 4018 1632 4083 Marie
1659 4018 1701 4081 de
1730 4017 1845 4080 Saules

487 4121 669 4197 Bituricen.,
697 4122 878 4204 dignemini
906 4123 1108 4208 providere;
1137 4143 1205 4186 non
1234 4125 1319 4187 obst.
1345 4123 1435 4207 quod
1452 4123 1540 4187 idern
1557 4122 1754 4184 Guillelrnus
1770 4140 1844 4184 can.

487 4239 513 4290 et
526 4232 618 4314 preb.
636 4228 669 4290 in
687 4227 769 4291 eccl.
787 4225 824 4291 B.
851 4225 958 4291 Marie
984 4225 1027 4291 de
1052 4225 1213 4306 breduno,
1231 4238 1265 4291 et
1284 4249 1375 4312 perp.
1403 4227 1560 4291 vicariam
1590 4225 1718 4310 capelle
1746 4223 1844 4287 castri

487 4329 519 4393 de
531 4333 564 4396 la
581 4330 731 4416 Bruyere
747 4330 788 4395 de
805 4330 981 4417 Labespin,
1000 4330 1179 4395 Bituricen.
1196 4331 1293 4409 dioc,
1311 4332 1457 4396 noscitur
1473 4331 1635 4396 obtinere.
1656 4369 1694 4377 -
1711 4327 1786 4391 Fiat
1804 4326 1844 4390 R.

522 4479 576 4535 41.
596 4469 684 4535 Item
709 4491 803 4555 supp.
825 4480 915 4554 quat.
941 4491 1014 4555 cap.
1028 4470 1247 4547 squobanni
1261 4470 1440 4548 Galebrun,
1464 4470 1601 4534 decan.
1626 4468 1706 4531 eccl.
1731 4464 1844 4529 Claro-

441 4612 442 4654 p
491 4586 636 4652 monten„
654 4583 689 4638 et
705 4578 796 4659 preb.
817 4574 907 4658 [vac.
924 4575 978 4636 vel
994 4575 1120 4659 vacat]
1149 4574 1332 4657 dignemini
1348 4573 1544 4658 providere;
1568 4593 1635 4636 non
1653 4575 1737 4635 obst.
1755 4568 1844 4651 quod

441 4665 443 4696 '
493 4676 564 4740 idem
590 4677 768 4755 Jobannes
791 4678 941 4762 prrrroclr.
970 4678 1051 4743 eccl.
1079 4679 1121 4742 de
1147 4686 1256 4742 castro
1272 4677 1314 4741 de
1339 4676 1453 4756 Noire,
1471 4677 1719 4740 Claromonten.
1747 4673 1843 4750 dioc,

441 4867 443 4872 ,
493 4782 623 4846 noscitur
639 4783 792 4846 obtinere
807 4804 815 4862 ;
833 4782 886 4846 vel
903 4781 1033 4847 decan.
1050 4791 1084 4847 et
1100 4784 1191 4868 preb.
1209 4782 1290 4846 eccl.
1309 4781 1437 4846 Eduen.
1454 4821 1496 4829 -
1513 4780 1588 4845 Fiat
1606 4779 1645 4843 R.

445 4993 449 5038 Ι
518 4988 535 5034 l.
552 4987 645 5036 Erreur
661 4988 694 5035 de
710 5002 789 5035 nom:
808 4989 827 5035 il
844 4989 921 5045 s‘agir-
937 4988 970 5035 de
988 4990 1032 5035 Ste
1051 4988 1190 5048 Walburgo
1207 4986 1238 5034 rlo
1257 4988 1361 5043 Furnos,
1375 5003 1474 5034 commo
1492 4987 1613 5046 l'inrlirpuc
1626 4986 1649 5032 la
1661 4982 1733 5031 bulle
1745 4983 1776 5029 do
1790 4997 1846 5044 pro-

445 5055 449 5118 Ι
497 5059 559 5106 riiorr
571 5061 647 5122 (lteq.
661 5062 738 5108 Aria.
751 5062 790 5119 58,
803 5061 821 5108 f.
834 5063 903 5121 243).
915 5089 947 5096 -
965 5065 986 5109 2.
999 5061 1038 5107 On
1057 5067 1148 5109 trouve
1161 5076 1197 5107 un
1213 5062 1278 5108 dean
1296 5060 1329 5107 <le
1349 5061 1437 5108 Buiree
1454 5061 1519 5107 dans
1536 5075 1570 5106 un
1588 5065 1645 5106 acte
1664 5072 1715 5104 non
1732 5055 1793 5101 dato
1811 5057 1846 5101 ‹lu

448 5123 450 5130 ¹
500 5133 579 5183 rieul.
598 5134 630 5182 de
650 5134 676 5183 S.
695 5132 865 5196 Jbrrruezemp
883 5133 914 5181 de
935 5134 1050 5181 Bdtlrrrne
1067 5134 1116 5193 (od.
1134 5135 1166 5182 de
1185 5136 1284 5188 Loisrro,
1298 5148 1323 5195 p.
1337 5136 1387 5192 73).
1405 5135 1425 5181 ll
1439 5134 1511 5194 s’rrgit
1525 5134 1589 5180 dans
1602 5133 1625 5179 lo
1638 5131 1773 5193 srrpplirpue
1785 5129 1847 5174 rl'urr

449 5243 451 5248 .
498 5202 562 5255 til-de
573 5208 687 5258 llutbieu
699 5207 733 5256 rle
746 5207 826 5255 Bous-s
837 5207 914 5270 (Hep.
928 5208 1004 5256 Acin.
1017 5210 1054 5266 58,
1068 5208 1087 5257 f.
1099 5208 1180 5270 251v).
1193 5235 1225 5243 -
1242 5209 1264 5257 3.
1280 5207 1384 5265 llerritlo,
1402 5206 1525 5264 (bastart,
1541 5206 1574 5263 ll,
1588 5208 1642 5263 297,
1661 5207 1715 5252 359.

449 5251 453 5436 l

441 5483 455 5640 l
