4650 6059
480 798 542 865 380
1007 800 1094 880 1847,
1118 801 1313 868 18000111.

480 972 572 1038 perp.
589 952 707 1038 capell.
724 950 763 1018 B.
782 951 830 1019 M.
847 953 881 1017 iu
898 954 980 1020 eccl.
997 953 1028 1019 S.
1044 950 1209 1032 Johannis
1235 954 1278 1021 de
1302 954 1539 1043 Poperingbes,
1556 959 1646 1026 dicte
1675 958 1828 1029 Morinen.

479 1056 577 1137 dioc,
593 1056 742 1123 noscitur
758 1056 941 1123 obtinere...
957 1095 1001 1106 -
1018 1055 1094 1124 Fiat
1110 1056 1151 1124 R.

525 1160 603 1227 Dat.
619 1160 720 1226 Avin.
739 1166 756 1225 6
772 1158 838 1229 kal.
855 1169 939 1248 sept.
956 1168 989 1227 a⁰
1007 1165 1046 1228 6⁰.
1060 1162 1133 1241 (14,
1152 1165 1220 1247 36).

533 1298 676 1382 1246.
1543 1321 1696 1404 1347,28
1710 1323 1795 1387 aorll.

523 1416 612 1502 Sign.
639 1417 671 1483 S.
696 1415 736 1483 V.
760 1414 988 1482 Theodericus
1014 1416 1055 1482 de
1071 1414 1249 1483 Bardeviic
1274 1416 1423 1502 clericus,
1440 1428 1475 1486 et
1490 1430 1686 1509 procurator
1700 1413 1828 1505 Zeberti,

480 1521 537 1588 filii
553 1521 725 1606 quondam
742 1520 831 1586 Petri
847 1520 889 1587 de
907 1520 1059 1606 Ypelare,
1083 1509 1194 1587 clerici
1222 1520 1382 1590 Leodien.
1398 1523 1485 1591 dioc.
1502 1521 1521 1606 f,
1537 1526 1629 1612 quod
1644 1527 1716 1615 ipse
1731 1526 1829 1595 Theo

479 1626 608 1693 dericus
623 1646 716 1712 perp.
733 1625 958 1711 capellaniam
973 1624 1086 1691 altaris
1102 1625 1134 1691 S.
1151 1624 1286 1693 Nicolai
1314 1627 1367 1692 siti
1392 1627 1426 1694 in
1450 1629 1531 1696 eccl.
1552 1618 1628 1719 [de]
1654 1630 1828 1713 Bardeviic,

480 1740 514 1796 et
529 1738 727 1816 procurator
741 1728 823 1795 dicti
839 1728 970 1795 Zeberti
995 1748 1071 1795 can.
1096 1737 1131 1795 et
1153 1731 1246 1814 preb.
1263 1730 1345 1798 eccl.
1363 1728 1493 1799 Montis
1508 1732 1539 1800 S.
1552 1731 1737 1820 Gertrudis,
1751 1736 1830 1804 dicte

479 1835 577 1916 dioc,
594 1855 678 1921 quos
693 1834 903 1914 obtinebant,
920 1834 1057 1900 nomine
1079 1834 1309 1920 procuratorio
1323 1834 1405 1902 dicti
1421 1836 1563 1919 Zeberti,
1580 1838 1696 1907 animo
1711 1860 1829 1927 pennu

479 1939 573 2006 tandi
604 1939 794 2027 buJ'usmodi
823 1938 1000 2020 beneficia,
1017 1959 1169 2025 quorum,
1195 1940 1323 2007 scilicet
1348 1943 1567 2010 canonicatus
1595 1952 1631 2010 et
1647 1949 1752 2032 preb,
1775 1967 1830 2014 sec

480 2044 689 2111 taxationem
715 2044 856 2125 decime,
877 2043 1034 2129 quinque,
1056 2052 1091 2110 et
1106 2043 1188 2111 dicti
1215 2043 1327 2111 altaris
1350 2045 1451 2112 trium
1478 2049 1690 2117 marcharum
1713 2052 1832 2137 argenti

481 2148 660 2215 redditus...
690 2148 841 2215 valorem
867 2168 1015 2215 annuum
1055 2168 1124 2215 non
1167 2148 1345 2231 excedunt,
1372 2150 1405 2215 in
1432 2152 1586 2220 manibus
1614 2153 1655 2222 R.
1683 2154 1721 2223 P.
1753 2155 1832 2223 dom.

483 2252 655 2319 camerarii
681 2252 783 2319 vestri
808 2251 1027 2338 resignarunt,
1044 2260 1079 2319 et
1094 2252 1185 2338 quod
1201 2252 1272 2339 ipse
1288 2255 1489 2322 camerarius
1504 2265 1592 2325 auct.
1604 2266 1718 2326 vestra
1732 2260 1833 2347 hujus

483 2356 575 2423 modi
598 2356 839 2441 resignationes
865 2357 993 2445 recepit
1018 2365 1053 2424 et
1074 2356 1236 2423 admisit:
1264 2378 1368 2443 quare
1391 2379 1486 2448 suppl
1511 2362 1621 2428 eidem
1645 2364 1678 2431 S.
1695 2363 1735 2432 V.
1751 2375 1832 2451 quat.

483 2460 693 2528 Theoderico
708 2461 861 2547 predicto
876 2462 918 2528 de
934 2461 1032 2528 dictis
1048 2481 1123 2528 can.
1138 2468 1174 2526 et
1189 2464 1281 2547 preb.
1294 2462 1342 2529 sic
1353 2483 1438 2546 vac,
1451 2471 1486 2530 et
1501 2464 1544 2531 de
1559 2466 1748 2554 capellania
1763 2467 1833 2535 dicti

484 2565 596 2632 altaris
616 2565 747 2652 prefato
762 2566 905 2632 Zeberto
920 2565 1102 2651 dignemini
1119 2566 1222 2632 etiam
1238 2587 1280 2632 ex
1296 2572 1387 2634 certa
1404 2568 1544 2637 scientia
1559 2570 1748 2657 providere,
1763 2593 1833 2659 quo

484 2671 566 2738 libet
580 2671 757 2739 detentore
773 2680 899 2753 amoto,
916 2671 1085 2757 quibusvis
1106 2672 1388 2740 reservationibus
1413 2682 1484 2740 tam
1508 2674 1710 2762 specialibus
1727 2676 1833 2765 [quarn

483 2775 707 2863 generalibus]
734 2776 835 2841 etiam
862 2776 904 2842 de
924 2775 1023 2844 dictis
1046 2779 1123 2843 ben.
1146 2775 1253 2857 laetis,
1269 2785 1304 2842 et
1320 2776 1448 2844 duobus
1464 2779 1536 2845 aliis
1550 2781 1627 2846 ben.
1643 2782 1728 2849 eccl.
1744 2781 1833 2869 ipsius

483 2878 682 2947 Theoderici
698 2900 766 2946 non
784 2881 917 2963 curatis,
933 2900 1074 2965 quorum
1099 2880 1201 2946 annui
1217 2879 1365 2947 redditus
1381 2882 1529 2949 valorem
1550 2904 1609 2950 sex
1629 2884 1831 2953 marcharum

484 2984 624 3070 argenti,
640 3005 706 3052 sec.
722 2983 910 3071 hujusmodi
926 2984 1147 3066 taxationem,
1163 3005 1232 3050 non
1248 2983 1550 3075 excedunt-Fiat
1565 3007 1627 3076 pro
1643 2997 1786 3077 utroque
1801 2988 1831 3055 R.

484 3146 489 3188 .·
528 3087 606 3156 Dat.
629 3090 729 3155 Avin.
755 3111 771 3175 5
795 3089 861 3157 kal.
885 3098 969 3176 sept.
992 3098 1026 3155 a⁰
1050 3093 1092 3155 6⁰.
1115 3090 1190 3174 (14,
1216 3090 1298 3174 32').

537 3229 675 3311 1247.
1539 3264 1635 3330 1347,
1649 3267 1695 3331 3⁰
1711 3254 1797 3313 aaut.

527 3348 742 3414 Sanctissimo
758 3349 792 3412 in
810 3347 944 3414 Christo
959 3347 1045 3434 patri
1061 3367 1101 3414 ac
1113 3347 1262 3428 domino,
1282 3348 1422 3414 domino
1445 3348 1623 3432 Clementi,
1639 3350 1755 3418 divine
1770 3371 1833 3439 pro

482 3451 630 3518 videntie
660 3462 870 3520 sacrosancte
903 3452 1054 3518 Romane
1085 3452 1225 3517 ecclesie
1256 3473 1387 3517 summo
1423 3453 1574 3539 pontifici
1659 3456 1833 3542 capitulum

483 3558 623 3624 ecclesie
640 3556 843 3625 Morinensis
857 3556 1189 3626 recommendatione
1206 3557 1321 3622 oscula
1338 3556 1462 3642 pedum
1477 3559 1663 3625 beatorum.
1687 3557 1834 3629 Beatissi-

482 3682 538 3728 ma
554 3662 585 3727 S.
603 3661 641 3728 V.
659 3670 778 3729 noscat
793 3661 883 3748 quod
898 3682 1004 3748 nuper
1020 3669 1166 3727 vacante
1182 3659 1349 3726 decanatu
1366 3661 1507 3727 ecclesie
1529 3659 1697 3729 Morinen.
1713 3684 1774 3750 per
1788 3666 1834 3729 ob.

484 3765 657 3833 Baldevini
682 3767 724 3833 de
751 3766 979 3833 Chanteraine
1009 3776 1029 3847 ¹,
1063 3764 1171 3831 ultimi
1209 3764 1313 3831 nostri
1348 3772 1383 3830 et
1419 3763 1509 3832 dicre
1546 3768 1688 3833 ecclesie
1712 3767 1835 3846 decani,

482 3872 634 3938 canonici
650 3872 791 3938 indicta
807 3873 888 3940 eccl.
904 3871 1088 3937 residentes
1098 3878 1132 3935 et
1148 3869 1332 3955 capitulum
1349 3868 1517 3950 facientes,
1530 3891 1574 3935 ne
1589 3871 1734 3938 ecclesia
1749 3881 1836 3938 ante·

481 3975 571 4041 dicta
589 3976 621 4040 iu
638 3978 737 4061 longa
764 3976 943 4042 eleccionis
967 3995 1071 4055 mora,
1099 3973 1368 4040 incumbentibus
1392 3974 1522 4058 magnis
1543 3976 1669 4059 guerris
1683 3983 1719 4042 et
1735 3975 1837 4043 dubiis

482 4080 515 4143 in
531 4081 679 4166 partibus
694 4083 736 4145 ab
754 4080 872 4145 emulis
886 4079 979 4164 regni
996 4077 1137 4144 Francie
1151 4078 1275 4144 nostris
1286 4077 1404 4143 vicinis
1416 4077 1449 4142 in
1466 4078 1690 4164 spiritualibus
1706 4088 1742 4146 et
1758 4089 1838 4147 tem-

480 4186 648 4270 poralibus
664 4185 805 4249 nimium
821 4184 1232 4269 gravaretur,unanimiter
1248 4191 1282 4248 et
1298 4179 1511 4249 concorditer
1521 4182 1555 4248 in
1571 4190 1725 4250 nostrum
1741 4183 1839 4251 deca·

481 4309 562 4354 num
578 4297 612 4353 et
628 4288 768 4354 ecclesie
784 4289 955 4355 antedicto
971 4288 1197 4353 venerabilem
1213 4287 1321 4353 virum
1338 4287 1380 4351 D.
1397 4286 1600 4372 Guydonem
1616 4287 1659 4354 de
1674 4286 1839 4355 Colleme-

481 4391 548 4472 dio,
565 4392 829 4459 concanonicum
845 4400 1023 4473 nostrum³,
1039 4393 1072 4457 in
1089 4412 1183 4457 sacro
1194 4390 1393 4456 sacerdotali
1409 4390 1525 4457 ordine
1538 4390 1771 4473 constitutum,
1783 4390 1840 4458 R¹⁸¹¹

483 4494 519 4562 P.
536 4504 570 4561 et
587 4495 855 4578 DomAnibaldi,
872 4496 1048 4563 cardinalis
1064 4494 1356 4582 episcTusculani,
1372 4494 1532 4560 dilectum
1543 4496 1840 4582 consanguineum,

482 4600 590 4666 virum
615 4601 729 4686 utique
756 4601 927 4687 ydoneum
943 4601 976 4667 in
993 4600 1216 4686 spiritualibus
1241 4605 1275 4663 et
1296 4599 1536 4684 temporalibus
1551 4599 1840 4687 circumspectum,

482 4705 731 4772 nominavimus
757 4714 791 4772 et
816 4706 927 4773 adhuc
953 4726 1067 4772 coram
1098 4704 1127 4769 S.
1152 4703 1193 4769 V.
1219 4703 1359 4790 pedibus
1383 4705 1604 4771 nominamus.
1631 4703 1838 4789 Quocirca...

482 4810 708 4896 supplicamus
723 4821 845 4897 quat...
864 4810 907 4877 de
930 4811 1023 4876 dicto
1037 4809 1245 4876 decanatu...
1258 4807 1350 4874 dicto
1365 4808 1505 4875 domino
1520 4807 1713 4894 Guydoni...
1729 4809 1840 4895 digne·

481 4914 563 4980 mini
591 4915 805 5002 providere...
824 4940 832 4999 ;
851 4938 929 4992 ¹non
957 4919 1044 4982 obst.
1075 4914 1166 5000 quod
1193 4914 1281 4980 idem
1308 4915 1398 4981 dom.
1427 4913 1550 5001 Guydo
1576 4915 1660 4981 eccl.-
1689 4914 1839 5003 parroch.

516 5123 537 5171 l.
550 5121 615 5170 Voir
626 5137 651 5170 n.
664 5125 734 5173 1240.
746 5150 778 5158 -
790 5127 812 5172 2.
826 5123 959 5171 Baudoulu
971 5124 1003 5171 dc
1016 5123 1187 5172 chantemine
1198 5128 1237 5172 est
1248 5123 1298 5172 cite
1310 5137 1408 5172 comme
1419 5122 1503 5185 doyen
1520 5136 1553 5170 cn
1570 5122 1633 5170 1329
1644 5127 1672 5171 et
1684 5123 1748 5171 1³³⁷
1757 5120 1839 5186 (0011.

483 5195 577 5252 clatet,
589 5195 620 5251 X,
634 5196 708 5256 11181)
720 5212 725 5245 :
736 5197 791 5244 voir
803 5211 828 5245 n.
841 5198 894 5254 686,
908 5199 966 5253 θῖἵς
979 5196 1086 5256 Duchet,
1103 5196 1202 5247 (1111111.
1213 5195 1244 5244 da
1258 5196 1424 5256 Tlrlrouurrrre,
1435 5211 1459 5246 n.
1469 5197 1524 5246 249.
1533 5223 1566 5232 -
1577 5196 1601 5244 8.
1612 5197 1673 5259 (luy
1684 5197 1718 5247 de
1729 5197 1840 5247 Colmieu

483 5269 574 5317 devint
586 5268 684 5329 eveque
695 5270 727 5317 ‹le
738 5269 824 5317 Veroli
836 5270 859 5318 lc
872 5272 901 5318 18
912 5268 970 5331 juin
984 5272 1046 5320 13ὄό
1057 5270 1160 5332 (suber,
1174 5271 1194 5331 1,
1206 5271 1275 5332 554).
1356 5308 1357 5311 η
