4650 6059
563 752 624 815 254
1117 750 1205 822 raro,
1228 749 1280 812 5-6
1299 749 1375 831 jun.

563 903 629 967 lrac
643 902 717 965 vice
732 901 775 966 ad
790 899 933 966 eandem
949 900 982 963 S.
998 898 1038 965 V.
1054 900 1183 986 possint
1198 906 1233 964 et
1248 897 1393 965 debeant
1408 901 1586 985 pertinere,
1602 908 1718 967 amoto
1735 904 1777 967 ab
1799 902 1925 968 eisdem

564 1003 714 1087 quolibet
729 1002 846 1068 illicito
861 1003 1047 1082 detentore,
1064 1002 1173 1066 eidem
1189 1000 1336 1078 Johanni
1353 1000 1486 1068 Morelli
1513 1004 1696 1089 dignemini
1723 1005 1924 1090 providere;

563 1128 630 1171 non
648 1109 734 1172 obst.
749 1105 840 1190 quod
853 1105 963 1171 dictus
977 1104 1152 1183 Johannes
1169 1103 1303 1170 Morelli
1319 1126 1412 1191 perp.
1437 1127 1510 1192 cap.
1525 1107 1568 1172 de
1585 1106 1750 1188 Boncour,
1767 1117 1804 1172 et
1820 1107 1860 1173 Β.
1878 1108 1925 1173 M.

564 1211 596 1274 in
613 1211 696 1275 eccl.
711 1209 865 1296 parroch.
881 1208 923 1274 de
940 1207 1158 1288 Miromonte,
1177 1208 1355 1275 Ebroicen.
1370 1220 1405 1274 et
1432 1211 1628 1277 Atrebaten.
1651 1211 1749 1292 dioc,
1777 1213 1925 1278 noscitur

564 1314 714 1379 obtinere
730 1336 737 1391 ;
754 1333 812 1377 seu
828 1312 918 1396 quod
933 1311 1053 1378 eadem
1068 1313 1100 1377 S.
1116 1311 1156 1377 V.
1172 1312 1265 1377 dicto
1287 1311 1434 1389 johanni
1451 1312 1493 1378 de
1509 1316 1638 1400 capella
1654 1315 1696 1380 de
1712 1316 1924 1401 Septemsali·

563 1419 665 1496 cibus,
684 1418 823 1483 Remen.
840 1415 938 1497 dioc,
954 1437 1001 1501 gr.
1017 1416 1134 1482 fecerit
1149 1437 1250 1501 spec,
1277 1416 1319 1481 de
1346 1439 1412 1501 qua
1438 1419 1683 1503 possessionem
1699 1418 1852 1484 nondum
1875 1429 1925 1485 est

563 1529 732 1586 assecutus
748 1543 756 1600 ;
773 1541 911 1604 quarum
927 1520 1188 1605 capellaniarum
1204 1520 1298 1585 valor
1314 1541 1445 1585 annuus
1464 1543 1630 1586 summam
1648 1543 1688 1606 30
1697 1522 1753 1588 lib.
1764 1521 1845 1587 Tur.
1858 1544 1925 1602 non

563 1624 706 1690 excedit.
721 1665 765 1674 -
781 1622 858 1687 Fiat
875 1623 915 1689 R.
930 1663 974 1673 -
996 1622 1229 1707 Quovismodo
1243 1631 1343 1689 vacet
1358 1624 1423 1690 hic.
1441 1623 1481 1689 R.

606 1728 687 1793 Dat.
703 1748 758 1813 ap.
774 1726 1022 1793 Villamnovam
1038 1748 1117 1793 non.
1131 1727 1215 1812 J'unii
1231 1734 1265 1792 a⁰
1282 1733 1325 1811 5⁰.
1339 1728 1406 1810 (ll,
1421 1729 1489 1813 25).

616 1862 919 1946 1001-1002.
1651 1880 1745 1962 1346,
1761 1898 1783 1960 5
1792 1878 1881 1958 juin.

607 1980 816 2066 Significatur
831 1979 863 2044 S.
879 1978 919 2045 V.
936 2001 976 2043 ex
992 1987 1087 2065 parte
1102 1978 1266 2057 johannis
1288 1978 1368 2046 dicti
1386 1980 1504 2061 Valke,
1531 1980 1617 2061 laici,
1642 1989 1676 2044 et
1702 1979 1811 2045 Marie
1834 1980 1925 2047 dicte

567 2086 713 2149 Dullarts
728 2084 885 2163 mulieris,
901 2082 1088 2149 Tomacen.
1104 2092 1140 2147 et
1153 2082 1341 2167 Trajecten.
1367 2084 1464 2164 dioc,
1492 2084 1582 2169 quod
1607 2084 1697 2164 olim,
1725 2084 1805 2169 ipsis
1832 2084 1926 2169 igno-

564 2190 712 2254 rantibus
742 2188 878 2273 aliquod
902 2187 1071 2252 intereos
1095 2184 1373 2271 impedimentum
1398 2188 1550 2266 existere,
1576 2195 1712 2272 propter
1742 2186 1834 2270 quod
1857 2207 1925 2253 non

564 2300 701 2377 possent
718 2292 861 2356 invicem
878 2288 1167 2355 matrimonialiter
1183 2288 1343 2374 copulari,
1355 2290 1605 2355 matrimonium
1622 2290 1654 2354 in
1671 2289 1756 2356 facie
1772 2291 1925 2371 ecclesie,

563 2396 691 2474 bannis,
699 2404 736 2460 ut
751 2395 853 2460 moris
868 2403 929 2474 est,
945 2392 1053 2472 editis,
1071 2400 1265 2477 opponente
1281 2412 1317 2457 se
1332 2393 1477 2473 nemine,
1489 2401 1729 2459 contraxerunt
1744 2402 1779 2459 et
1794 2395 1925 2479 prolem

565 2500 597 2562 in
623 2499 670 2563 sic
697 2507 871 2564 contracto
895 2495 1110 2561 matrimonio
1136 2504 1364 2581 procrearunt.
1392 2495 1478 2561 Cum
1502 2505 1616 2562 autem
1642 2498 1861 2583 postmodum
1883 2499 1925 2564 ad

564 2623 678 2668 eorum
695 2602 868 2667 devenerit
883 2600 1049 2679 notitiam,
1066 2598 1156 2683 quod
1173 2599 1206 2663 in
1222 2600 1324 2665 tertio
1339 2601 1637 2686 consanguinitatis
1657 2601 1762 2685 gradu
1778 2599 1924 2666 invicem

565 2728 599 2771 se
615 2707 794 2791 attingunt,
811 2705 851 2771 V.
867 2706 899 2771 S.
911 2704 1099 2790 supplicant
1111 2702 1130 2781 J
1134 2704 1284 2769 ohannes
1295 2712 1330 2768 et
1343 2702 1452 2769 Maria
1464 2704 1593 2790 prefati,
1604 2713 1695 2790 quat.
1711 2704 1754 2770 ad
1765 2703 1925 2770 evitanda

564 2811 732 2890 scandala,
756 2831 820 2894 que
847 2831 889 2874 ex
915 2805 1103 2893 hujusmodi
1124 2807 1329 2872 matrimonii
1357 2808 1577 2893 separatione,
1604 2809 1630 2873 si
1656 2808 1761 2889 fieret,
1786 2815 1925 2893 possent

563 2914 785 2979 verisimiliter
800 2913 930 2993 exoriri,
946 2932 1023 2978 cum
1039 2910 1119 2997 ipsis
1133 2918 1172 2976 ut
1187 2910 1221 2974 in
1237 2911 1284 2976 sic
1300 2918 1475 2977 contracto
1490 2911 1705 2978 matrimonio
1716 2911 1809 2977 licite
1819 2932 1925 2977 rema·

564 3038 642 3082 nere
658 3018 802 3098 valeant,
818 3015 999 3101 dignemini
1016 3014 1230 3100 dispensare3
1246 3016 1376 3101 prolem
1401 3023 1590 3101 susceptam
1618 3024 1653 3080 et
1678 3014 1925 3101 suscipiendam

564 3144 604 3185 ex
621 3121 669 3185 eis
684 3121 868 3205 legitimam
884 3119 1113 3184 decernentes.
1129 3158 1172 3166 -
1190 3116 1265 3183 Fiat
1281 3138 1340 3203 per
1355 3118 1582 3204 dyocesanum
1600 3118 1626 3184 si
1642 3119 1685 3183 sit
1702 3119 1759 3184 ita.
1777 3118 1818 3184 R.

612 3263 716 3325 1002.
734 3255 820 3321 Item
837 3275 932 3339 supp.
950 3253 1141 3338 Margarita,
1157 3263 1237 3318 nata
1253 3255 1422 3338 quondam
1438 3255 1602 3333 Johannis
1618 3257 1660 3321 de
1677 3256 1826 3338 Pastura,
1844 3256 1925 3322 Tor-

565 3360 790 3439 nacendioc,
807 3366 899 3442 quat.
923 3357 1002 3422 dare
1026 3358 1209 3442 dignemini
1236 3358 1268 3422 in
1285 3359 1460 3441 mandatis,
1570 3361 1676 3446 ipsam
1701 3359 1924 3445 Margaritam

566 3465 597 3528 in
616 3463 771 3548 hospitali
788 3481 972 3547 pauperum
987 3460 1239 3541 Aldenardensi,
1255 3459 1345 3526 dicte
1360 3462 1457 3545 dioc,
1473 3464 1516 3529 ad
1538 3485 1723 3551 pauperum
1739 3467 1923 3546 servitium,

566 3570 599 3633 in
616 3587 811 3633 conversam
827 3565 940 3651 recipi.
956 3605 998 3616 —
1016 3563 1090 3629 Fiat
1107 3564 1148 3630 R.

609 3672 687 3738 Dat.
703 3693 756 3756 ap.
772 3669 1019 3735 Villamnovam
1035 3689 1113 3734 non.
1126 3669 1210 3752 junii
1225 3677 1258 3734 a⁰
1275 3677 1317 3754 5⁰.
1335 3671 1401 3754 (11,
1419 3672 1487 3755 28).

617 3812 1746 3908 10031346,
1764 3826 1784 3888 6
1794 3825 1883 3905 juin.

606 3930 707 4016 Supp.
723 3928 898 4007 Johannes
922 3926 1067 3992 Gaudini
1092 3925 1135 3992 de
1160 3925 1325 4006 Bruxella,
1353 3927 1467 4006 laicus,
1494 3936 1530 3992 et
1556 3928 1716 4008 Elisabet,
1732 3930 1805 4013 ejus
1833 3951 1925 4010 uxor,

564 4033 781 4098 Cameracen.
798 4032 895 4111 dioc,
915 4030 992 4116 [pro
1008 4029 1075 4095 ind.
1093 4029 1125 4093 in
1142 4039 1204 4095 art.
1220 4029 1350 4116 mort.].
1367 4072 1410 4080 —
1427 4029 1505 4095 Fiat
1521 4031 1561 4096 R.

606 4138 683 4202 Dat.
700 4158 752 4221 ap.
769 4134 1015 4199 Villamnovam
1032 4137 1050 4197 8
1067 4134 1109 4198 id.
1123 4134 1206 4217 junii
1222 4141 1255 4198 a⁰
1272 4142 1313 4218 5⁰.
1331 4136 1398 4216 (11,
1416 4137 1499 4219 21l').

615 4272 763 4352 1004.
1646 4292 1741 4371 1546,
1758 4288 1778 4351 6
1789 4288 1880 4370 juin.

608 4389 755 4475 Exponit
771 4388 953 4465 Johannes,
970 4388 1210 4473 primogenitus
1219 4389 1304 4473 regis
1315 4388 1464 4470 Francie,
1473 4389 1683 4456 Normannie
1696 4401 1730 4457 et
1740 4394 1924 4477 Aquitanie

562 4493 639 4573 dux,
656 4494 754 4577 quod,
771 4493 849 4557 licet
865 4492 1058 4577 Amulpbus
1072 4491 1115 4556 de
1133 4491 1375 4578 Magnoponte,
1399 4516 1471 4559 can.
1500 4496 1581 4560 eccl.
1610 4494 1826 4561 Cameracen.
1845 4505 1866 4577 ¹,
1891 4506 1925 4562 et

562 4599 712 4661 nonnulli
729 4598 783 4663 alii
801 4604 876 4683 post
893 4618 980 4676 eum,
996 4596 1181 4681 prebendas
1196 4606 1284 4662 auct.
1300 4595 1455 4662 vestra'in
1466 4597 1586 4662 eadem
1602 4600 1683 4663 eccl.
1691 4606 1925 4683 expectarent,

561 4709 674 4766 tamen
702 4701 927 4787 postmodum,
950 4721 1023 4765 vac.
1051 4701 1084 4762 in
1110 4701 1229 4764 eadem
1254 4702 1335 4766 eccl.
1367 4706 1459 4786 preb.
1488 4723 1547 4786 per
1576 4709 1720 4767 mortem
1750 4703 1924 4787 quondam

561 4806 681 4888 Angeli
698 4806 740 4869 de
757 4806 943 4870 Peccorarii
961 4804 1003 4869 de
1021 4804 1124 4884 Urbe,
1141 4804 1231 4870 dicte
1248 4806 1329 4870 eccl.
1347 4827 1432 4886 ean,
1450 4807 1505 4891 qui
1522 4807 1555 4871 in
1582 4807 1734 4892 partibus
1762 4806 1925 4873 Romanis

562 4909 759 4989 decesserat,
776 4911 940 4988 Alermus,
957 4910 1065 4974 dictus
1083 4907 1232 4994 Moyses,
1249 4911 1397 4994 ejusdem
1414 4913 1495 4976 eccl.
1512 4933 1585 4977 can.
1602 4921 1621 4993 ²,
1633 4910 1688 4995 qui
1702 4909 1822 4976 eadem
1836 4920 1924 4977 auct.

598 5183 618 5228 l.
634 5181 693 5228 l'oir
706 5196 729 5229 n.
743 5181 781 5228 24.
794 5206 825 5215 -
838 5182 859 5227 2.
873 5178 933 5225 Voir
948 5194 971 5226 n.
985 5180 1038 5225 477.
