4650 6059
964 777 1051 850 1349,
1074 777 1144 841 1⁸¹3
1165 774 1339 857 septembre.
1764 781 1826 846 165

462 949 535 994 can.
553 936 588 993 et
603 930 691 1007 loce,
708 928 839 1012 capella
855 937 889 991 et
905 928 1093 1013 capellania
1108 930 1200 995 nulla
1222 929 1404 995 reservatio
1421 930 1510 995 facta
1529 930 1653 1010 fuisset,
1670 952 1728 997 seu
1744 933 1825 997 alias

462 1031 645 1096 eorundem
664 1033 886 1097 canonicatus
897 1041 932 1098 et
948 1033 1013 1099 loci
1029 1033 1204 1119 dispositio
1219 1034 1261 1100 ad
1278 1035 1393 1100 sedem
1409 1043 1517 1120 apost.
1533 1037 1716 1120 pertineret
1730 1060 1739 1116 ;
1757 1058 1824 1102 non

462 1139 548 1199 obst.
566 1133 657 1218 quod
673 1155 747 1199 can.
765 1135 798 1200 S.
813 1134 987 1220 Gangerici
1012 1135 1241 1219 cameracen„
1259 1147 1293 1203 et
1320 1138 1473 1223 parroch.
1490 1140 1668 1204 ecclesiam
1683 1140 1725 1204 de
1743 1139 1824 1206 Bus-

463 1240 565 1318 siaco,
581 1259 621 1303 ac
643 1247 859 1323 patronatum
872 1239 914 1304 de
931 1239 1110 1306 Villaribus
1136 1262 1235 1327 supra
1257 1241 1371 1322 Athie,
1394 1240 1619 1308 Matisconen.
1637 1253 1671 1308 et
1686 1245 1823 1309 Ambia-

463 1363 537 1407 nen.
555 1342 652 1421 dioc,
677 1343 827 1408 noscitur
852 1343 1013 1424 obtinere,
1034 1354 1069 1409 et
1093 1365 1192 1429 super
1207 1348 1299 1431 preb.
1312 1345 1453 1411 ecclesie
1463 1344 1495 1411 S.
1511 1345 1685 1431 Gaugerici
1702 1348 1822 1432 litiget,

463 1466 499 1511 ac
516 1466 594 1512 cum
610 1446 684 1511 aliis
700 1467 769 1511 non
786 1448 1007 1513 obstantibus.
1029 1485 1061 1495 —
1083 1446 1160 1514 Fiat
1178 1447 1219 1514 R.
1700 1472 1702 1475 ⁴

505 1549 584 1615 Dat.
600 1550 701 1615 Avin.
719 1571 737 1633 3
754 1550 821 1620 kal.
839 1560 924 1636 sept.
941 1558 974 1615 a⁰
991 1554 1034 1617 8⁰.
1052 1553 1122 1637 (19,
1143 1553 1231 1638 143).

514 1686 653 1768 1787.
1419 1724 1515 1789 1549,
1531 1711 1574 1770 1⁰r
1589 1707 1779 1791 septembre.

504 1805 607 1890 Supp.
624 1803 659 1870 N
662 1804 831 1888 (icolaus),
848 1806 879 1870 S.
898 1804 946 1870 M.
963 1806 997 1869 in
1013 1806 1068 1871 via
1091 1807 1162 1872 lata
1190 1806 1275 1873 diac.
1292 1807 1479 1888 cardinalis
1496 1817 1588 1891 quat.
1605 1809 1822 1874 collationem

469 1918 496 1975 et
510 1911 738 1997 provisionem
755 1911 956 1976 auctoritate
972 1909 1138 1977 ordinaria
1163 1909 1288 1975 factam
1312 1911 1519 1996 procuratori
1535 1920 1570 1976 et
1596 1911 1745 1976 familiari
1763 1933 1822 1977 suo

472 2013 682 2080 commensali
699 2012 850 2080 Waltero
865 2013 908 2080 de
926 2013 1127 2080 Hemetines
1144 2025 1164 2094 ¹,
1180 2012 1223 2079 de
1246 2034 1321 2080 cam.
1338 2022 1372 2080 et
1387 2017 1480 2100 preb.
1496 2015 1636 2081 ecclesie
1653 2015 1823 2096 Leodien.,

474 2138 537 2184 rac.
553 2138 612 2204 per
629 2120 683 2184 ob.
700 2118 871 2201 quondam
889 2117 1031 2184 Menrici
1057 2117 1143 2184 Galli
1159 2133 1181 2197 ²,
1198 2118 1300 2204 ipsius
1323 2118 1465 2184 ecclesie
1480 2119 1643 2199 canonici,
1659 2120 1716 2203 qui
1728 2128 1823 2185 extra

476 2222 587 2286 curiam
603 2222 694 2286 diem
710 2222 829 2287 clausit
846 2224 1171 2302 extremum,.etiam
1194 2221 1221 2287 si
1248 2221 1371 2287 fuerint
1393 2222 1581 2309 specialiter
1606 2224 1662 2287 vel
1687 2243 1824 2307 genera-

477 2324 538 2389 liter
553 2327 722 2406 reservati,
738 2326 921 2411 dignemini
939 2349 979 2391 ex
997 2336 1088 2392 certa
1104 2326 1246 2392 scientia
1272 2327 1469 2393 confirmare
1485 2336 1520 2392 et
1532 2330 1727 2412 approbare,
1743 2347 1824 2410 qua·

478 2446 593 2512 cunque
609 2430 853 2496 constitutione
869 2432 1036 2496 contraria
1062 2452 1131 2497 non
1159 2433 1256 2512 obst,
1273 2432 1326 2495 vel
1349 2431 1392 2496 de
1417 2432 1482 2497 illis
1504 2431 1658 2517 predicto
1674 2430 1825 2497 Waltero

479 2530 511 2595 (le
529 2555 617 2599 novo
633 2535 808 2619 providere
825 2556 902 2600 cum
918 2536 1073 2601 clausulis
1096 2544 1130 2601 et
1145 2556 1216 2601 mon
1240 2537 1326 2601 obst.
1339 2535 1511 2621 oportunis
1526 2558 1535 2614 3
1552 2556 1621 2600 non
1633 2539 1719 2601 obst.
1735 2536 1825 2619 quod

481 2633 505 2699 in
527 2638 555 2703 S.
573 2637 668 2702 Pauli
696 2647 730 2703 et
755 2638 962 2704 Cennacensi
990 2660 1030 2705 ac
1056 2638 1244 2705 Nivellensi
1272 2638 1490 2704 canonicatus
1515 2647 1549 2703 et
1576 2639 1773 2724 prebendas
1791 2649 1824 2704 et

482 2736 505 2803 S.
519 2740 656 2807 Dionisii
669 2743 828 2822 ecclesiis
845 2741 1006 2808 Leodien.
1031 2742 1179 2809 civitatis
1194 2751 1231 2807 et
1244 2742 1342 2824 dioc„
1359 2742 1528 2826 quandam
1548 2762 1641 2828 perp.
1658 2744 1823 2827 capellan.

482 2861 501 2905 s.
512 2866 546 2926 c,
569 2845 718 2911 noscitur
742 2848 904 2912 obtinere.
919 2882 963 2891 —
980 2845 1056 2911 Fiat
1072 2846 1114 2912 R.
1446 2858 1448 2862 ’

515 2947 586 3014 Dat.
603 2949 704 3013 Avin.
721 2948 787 3014 kal.
804 2959 889 3035 sept.
905 2958 938 3014 a⁰
955 2952 997 3014 8⁰.
1015 2951 1085 3035 (19,
1106 2971 1143 3034 14
1148 2951 1210 3034 3').

521 3086 656 3167 1788.
1424 3118 1518 3182 1549,
1536 3104 1578 3164 1er
1593 3100 1781 3183 septterrrbre.

511 3204 608 3289 Supp.
634 3204 774 3268 servitor
800 3212 909 3268 vester
934 3204 1089 3287 antiquus
1114 3202 1274 3268 Matheus
1295 3203 1337 3267 ad
1355 3204 1467 3267 latus³
1493 3202 1583 3285 quod
1611 3223 1685 3266 cum
1703 3202 1826 3265 virtute

476 3309 566 3383 gratie
583 3328 719 3393 perros
740 3328 776 3372 ro
793 3307 858 3372 kal.
872 3309 953 3391 jum,
970 3307 1188 3391 pontificatus
1204 3307 1305 3371 vestri
1319 3315 1352 3370 a⁰
1372 3314 1411 3386 1⁰,
1435 3306 1495 3371 sibi
1513 3306 1601 3371 tacte
1618 3307 1659 3370 de
1676 3326 1749 3390 can.
1766 3308 1825 3369 sub

474 3428 537 3495 exp.
552 3415 645 3496 preb.
658 3411 692 3474 in
709 3412 790 3475 eccl.
801 3412 1002 3474 Arnbianen.
1013 3411 1123 3494 plures
1138 3411 1325 3495 prebendas
1342 3410 1572 3495 acceptaverit
1588 3410 1775 3475 successive
1792 3419 1826 3473 et

473 3512 507 3578 de
521 3517 568 3580 eis
579 3515 677 3580 fuerit
694 3517 727 3579 in
744 3516 987 3600 possessionem
1003 3514 1167 3594 inductus,
1178 3515 1306 3578 nullam
1317 3522 1431 3578 tamen
1442 3534 1556 3578 earum
1573 3523 1711 3598 propter
1726 3533 1827 3578 reser-

473 3621 637 3684 vationem
653 3620 763 3704 potuit
776 3619 937 3697 obtinere,
950 3628 984 3683 et
1001 3639 1089 3682 nunc
1105 3618 1147 3682 de
1163 3638 1255 3682 novo
1269 3626 1393 3681 vacent
1409 3618 1590 3696 scolastria,
1608 3618 1828 3682 canonicatus

471 3733 498 3788 et
509 3727 602 3809 preb.
621 3724 653 3786 in
670 3723 761 3788 dicta
779 3722 919 3786 ecclesia
936 3743 994 3806 per
1011 3721 1246 3787 ob.Guillelrni
1263 3721 1304 3785 de
1318 3720 1492 3800 Crolriaco,
1506 3742 1606 3805 quarn
1622 3720 1826 3805 prebendam

469 3828 656 3914 acceptavit
672 3828 780 3892 dictus
805 3826 974 3904 lllatlreus,
992 3836 1082 3910 quat.
1099 3826 1140 3890 de
1161 3827 1252 3890 dicta
1276 3826 1449 3890 scolastria
1477 3824 1651 3910 provideat
1675 3846 1714 3889 ac
1730 3823 1827 3888 dictis

468 3952 535 3998 oen.
552 3941 588 3996 et
604 3933 696 4016 preb.
713 3931 887 4016 permittat
904 3931 1045 4015 pacifice
1060 3930 1289 4013 gaudere,n0n
1301 3932 1387 3994 obst.
1401 3929 1491 4012 quod
1507 3949 1581 3993 can.
1592 3938 1625 3992 et
1641 3930 1733 4013 preb.
1750 3948 1826 3991 curn

467 4036 615 4101 cantoria
632 4035 665 4098 in
683 4035 824 4100 ecclesia
836 4033 1233 4119 Morinem.,personatum
1245 4034 1287 4097 de
1305 4032 1389 4113 Rua,
1403 4034 1520 4117 capell.
1531 4032 1572 4097 de
1587 4030 1825 4109 Mola'incourt,

465 4140 673 4216 Ambianen„
686 4148 720 4203 et
737 4139 856 4223 capell.
873 4141 1104 4223 apostolorum
1121 4137 1163 4202 de
1181 4136 1455 4221 Clrampigniaco,
1468 4135 1624 4200 Parisien.
1635 4136 1731 4216 dioc,
1749 4157 1823 4200 nos-

466 4243 548 4308 citur
564 4243 728 4308 obtinere.
752 4281 784 4290 -
806 4242 882 4308 Fiat
901 4243 941 4308 R.

507 4347 588 4411 Dat.
604 4346 705 4411 Asin.
722 4346 788 4411 kal.
806 4357 890 4431 sept.
907 4357 939 4412 a⁰
957 4351 998 4412 8⁰.
1016 4349 1085 4430 (19,
1107 4350 1194 4430 144).
1231 4417 1235 4421 ,

518 4481 659 4563 1789.
1446 4516 1541 4580 1349,
1555 4517 1576 4579 3
1594 4498 1783 4582 septternbrc.

510 4599 610 4685 Supp.
626 4599 799 4676 Johannes
815 4600 856 4664 de
873 4600 1020 4684 Capella,
1037 4602 1198 4685 presbiter
1227 4601 1482 4685 Rotbomagen.,
1507 4601 1645 4667 clericus
1671 4598 1825 4663 fructerie

473 4699 592 4764 domini
610 4702 695 4785 regis
712 4700 862 4780 Francie,
880 4713 970 4785 quat.
988 4703 1047 4767 sibi
1065 4704 1107 4767 de
1123 4704 1237 4788 aliquo
1252 4707 1329 4769 ben.
1346 4703 1390 4768 ad
1406 4704 1481 4768 coll.
1495 4704 1627 4768 abbatis
1652 4712 1685 4767 et
1711 4722 1826 4768 mona·

477 4804 556 4867 sterii
579 4804 610 4869 S.
638 4804 813 4869 Trinitatis
840 4807 880 4869 de
911 4805 1087 4887 Fiscanno,
1104 4808 1194 4873 dicte
1220 4808 1317 4887 dioc,
1343 4807 1368 4871 si
1395 4828 1422 4871 c.
1440 4828 1468 4872 c.
1494 4812 1544 4887 60,
1561 4808 1586 4871 si
1603 4828 1628 4872 s
1645 4829 1674 4872 c.
1702 4827 1743 4889 40
1759 4806 1825 4878 rib..

480 4901 647 4988 dignemini
664 4908 849 4992 providere,
867 4911 1039 4994 presertim
1067 4932 1144 4976 cum
1172 4912 1261 4976 idem
1285 4910 1448 4995 presbiter
1470 4931 1529 4995 per
1556 4911 1702 4995 quinque
1718 4929 1825 4972 annos

485 5008 645 5075 continuos
661 5020 732 5074 tam
749 5010 891 5077 Parisius
907 5034 1008 5097 quam
1036 5016 1068 5079 in
1095 5015 1193 5082 Rom.
1220 5016 1309 5080 curia
1335 5035 1432 5100 super
1456 5031 1530 5080 can.
1547 5025 1581 5080 et
1608 5017 1698 5101 preb.
1723 5013 1760 5079 B.
1779 5014 1827 5081 M.

489 5131 717 5152 t*

516 5205 597 5257 11011
614 5225 638 5258 n.
652 5213 722 5259 1451.
735 5237 766 5247 ·-·
778 5215 800 5260 2.
814 5213 875 5260 Voir
886 5229 911 5262 n.
924 5216 977 5273 930,
991 5217 1044 5274 981,
1058 5217 1112 5264 995,
1126 5242 1156 5253 -·
1169 5217 1191 5265 3.
1199 5215 1265 5262 Volr
1276 5228 1301 5262 n.
1315 5216 1351 5273 18,
1365 5216 1434 5273 1121,
1450 5216 1518 5274 1150,
1532 5217 1601 5263 1251.

533 5296 584 5340 Anat.
599 5301 647 5342 Vat.
666 5302 725 5353 serg.
1758 5322 1781 5358 30
