4650 6059
487 732 549 798 264
1041 732 1130 807 1346,
1152 731 1192 795 1⁰r
1211 733 1293 796 aaut.

487 884 587 969 cepit,
614 884 726 949 extitit
757 892 950 963 assecutus3
979 882 1068 967 quod
1092 890 1212 967 postea
1237 902 1298 967 pro
1323 884 1418 949 altari
1443 882 1475 948 S.
1504 882 1647 949 Barbare
1671 886 1703 950 in
1720 888 1807 953 eccl.
1824 888 1854 953 S.

487 987 652 1065 Johannis
669 988 731 1053 Er.
748 989 781 1052 in
798 987 1011 1067 Buscoducis,
1028 986 1118 1051 dicte
1143 983 1305 1051 Leodien.
1319 987 1417 1068 dioc,
1434 988 1537 1052 etiam
1560 1009 1584 1052 s.
1602 1009 1641 1067 c.,
1659 990 1752 1074 cujus
1770 992 1853 1057 sruc-

486 1101 541 1156 tus
557 1093 657 1156 armni
675 1115 693 1176 4
711 1093 836 1158 march.
852 1112 920 1176 arg.
944 1111 1112 1156 summam
1135 1110 1204 1154 non
1230 1091 1408 1172 excedunt,
1425 1100 1584 1174 tanquam
1607 1093 1688 1177 juris
1708 1094 1853 1178 ignams,

488 1197 570 1259 alias
585 1205 697 1260 tamen
715 1196 887 1275 canonice,
903 1194 1105 1280 permutavit
1121 1214 1129 1273 ;
1146 1192 1237 1276 quod
1248 1213 1308 1277 per
1318 1201 1397 1259 octo
1413 1215 1520 1260 annos
1531 1197 1586 1259 vel
1599 1197 1686 1262 eirca
1703 1200 1853 1283 possedit

489 1308 523 1363 et
539 1298 647 1364 adbuc
663 1299 821 1383 possidet,
838 1300 963 1363 fructus
983 1296 1173 1383 percipiens
1197 1318 1239 1360 ex
1265 1297 1385 1361 eodem
1402 1298 1541 1382 pacifice
1558 1310 1592 1363 et
1609 1301 1732 1383 quiete,
1750 1311 1786 1367 et
1810 1304 1853 1368 ad

490 1423 607 1467 omnes
623 1404 755 1468 ordines
770 1403 922 1488 majores
938 1401 1104 1484 inquibus
1119 1420 1179 1485 per
1205 1400 1342 1465 eosdem
1359 1410 1438 1466 octo
1454 1421 1562 1466 annos
1577 1402 1790 1481 ministravit,
1807 1427 1851 1485 se,

490 1507 572 1571 alias
597 1515 709 1571 tamen
737 1507 810 1586 rite,
839 1506 916 1570 lecit
943 1502 1142 1590 promoveri.
1159 1503 1271 1586 Quare
1298 1524 1393 1589 supp.
1418 1504 1506 1569 idem
1534 1505 1611 1583 dux,
1632 1516 1723 1589 quat.
1744 1508 1853 1594 [dicto

442 1599 450 1619 .
489 1609 659 1695 Amoldo]
677 1630 766 1694 spec.
793 1630 840 1694 gr.
866 1609 1037 1686 facientes
1065 1626 1201 1671 omnem
1229 1608 1448 1672 inhabilitatis
1464 1616 1499 1671 et
1523 1608 1657 1673 inlamie
1673 1614 1852 1684 maculam.

489 1713 515 1776 si
528 1734 627 1797 quam
638 1714 873 1797 premissorum
889 1712 1066 1778 occasione
1083 1711 1260 1791 contraxit,
1277 1713 1459 1789 abolentes
1477 1732 1554 1777 eum
1579 1724 1616 1778 ut
1631 1715 1720 1800 prius
1736 1717 1851 1781 habili-

490 1826 572 1895 tare,
589 1838 628 1881 ac
644 1838 757 1881 secum
785 1837 883 1901 super
909 1815 1086 1900 premissis
1102 1814 1192 1898 quod
1217 1814 1406 1898 hujusmodi
1430 1816 1506 1895 def,
1532 1817 1669 1901 aliisque
1694 1820 1852 1904 predictis

489 1941 701 2003 nequaquam
717 1920 853 1998 obst.,in
871 1918 1032 2002 susceptis
1047 1938 1106 2003 per
1122 1938 1209 1997 eum,
1226 1925 1264 1982 ut
1276 1919 1465 2003 predicitur,
1472 1921 1641 1986 ordinibus
1654 1922 1849 1996 ministrare,

488 2043 527 2087 ac
544 2022 730 2106 predictum
753 2023 856 2086 altare
873 2022 904 2085 S.
921 2020 1065 2085 Barbare
1088 2021 1212 2084 virtute
1233 2020 1323 2086 dicte
1340 2024 1595 2107 pemrutationis
1612 2027 1800 2102 obtentum,
1817 2036 1848 2088 et

488 2126 554 2189 duo
570 2125 634 2190 alia
649 2127 726 2189 ben.
742 2126 835 2203 eccl,
852 2125 983 2189 etiamsi
999 2124 1056 2188 uni
1073 2124 1204 2189 illorum
1221 2144 1299 2188 cura
1322 2125 1496 2190 immineat
1513 2126 1709 2206 animarum,
1727 2128 1752 2192 si
1770 2130 1848 2194 alias

488 2227 548 2291 sibi
577 2229 738 2293 canonice
766 2228 987 2308 conferantur,
1006 2227 1108 2292 libere
1133 2229 1280 2313 recipere
1306 2239 1341 2293 et
1365 2229 1498 2293 insimul
1515 2230 1605 2295 licite
1629 2232 1783 2313 retinere,
1811 2255 1848 2298 ac

488 2330 559 2415 ipsa
587 2352 647 2416 pro
671 2332 744 2397 aliis
769 2331 941 2396 beneficiis
967 2332 1069 2395 semel
1095 2340 1130 2395 et
1154 2331 1277 2416 pluries
1303 2340 1492 2418 pennutare
1519 2335 1640 2414 valeat,
1656 2334 1848 2420 dispensare

487 2434 693 2517 dignemini,
718 2436 834 2520 quavis
850 2434 1091 2501 constitutione
1118 2436 1284 2501 contraria
1310 2457 1378 2501 non
1408 2439 1516 2514 obst.;
1542 2436 1667 2502 fruetus
1691 2461 1732 2503 ex
1758 2440 1849 2506 dicto

486 2540 580 2604 altari
598 2539 628 2604 S.
645 2539 799 2620 Barbare,
817 2548 853 2605 ut
878 2540 1091 2625 premittitur,
1108 2549 1286 2624 perceptos
1302 2540 1362 2603 sibi
1390 2539 1432 2604 de
1460 2539 1600 2605 uberiori
1626 2540 1718 2607 dono
1745 2544 1846 2627 gratie

486 2643 707 2709 remittentes.
729 2681 761 2691 -
784 2642 859 2708 Fiat
875 2640 916 2707 R.

531 2746 611 2811 Dat.
625 2748 725 2812 Avin.
743 2767 761 2830 3
778 2746 846 2812 kal.
863 2767 937 2831 aug.
954 2754 987 2812 a⁰
1005 2754 1047 2829 5⁰.
1064 2747 1130 2830 (ll,
1151 2752 1254 2829 114l').

538 2912 850 3001 1030-1035.

832 3034 978 3099 Rutulus
1007 3031 1239 3098 L'niversz'tatis
1263 3030 1498 3098 Parrbierrsis¹

529 3240 651 3318 Primo,
670 3242 770 3306 Petro
785 3243 827 3306 de
844 3240 1164 3305 Wascomolendino
1180 3256 1201 3319 ²,
1228 3244 1347 3326 presb,
1375 3261 1461 3324 mag.
1478 3241 1511 3304 in
1540 3250 1601 3304 art.
1619 3252 1652 3305 et
1676 3245 1750 3308 bac.
1772 3252 1847 3308 actu

484 3343 537 3406 lic.
554 3344 586 3405 in
603 3343 717 3423 tlreol,
734 3345 853 3409 rectori
877 3345 1029 3429 parroclr.
1058 3345 1139 3409 eccl.
1155 3344 1198 3409 de
1225 3343 1363 3430 Capella
1379 3345 1411 3408 in
1438 3344 1630 3425 Therascia,
1653 3344 1846 3410 Laudunen.

484 3446 580 3527 dioc,
598 3469 661 3531 que
677 3469 736 3533 per
753 3447 904 3512 inimicos
927 3449 1018 3533 regni
1033 3447 1184 3528 Francie,
1202 3449 1348 3532 quinque
1364 3450 1442 3512 armi
1459 3457 1535 3513 sunt
1548 3449 1661 3533 elapsi,
1673 3454 1845 3515 combusta

484 3550 546 3615 ruit
562 3560 596 3616 et
623 3552 709 3616 adeo
735 3550 919 3631 devastata,
947 3574 986 3616 ac
1013 3552 1116 3616 etiam
1141 3552 1284 3616 ecclesia
1309 3552 1458 3617 totaliter
1484 3552 1664 3630 destructa,
1691 3555 1782 3637 quod
1808 3576 1846 3617 er

484 3662 565 3719 tunc
581 3675 697 3739 parum
714 3675 807 3719 exea
823 3656 950 3736 habuit,
967 3677 1029 3721 nec
1045 3665 1195 3741 speratur
1220 3679 1238 3721 a
1266 3659 1369 3741 longo
1392 3665 1544 3742 tempore
1573 3656 1771 3722 infuturum
1788 3658 1844 3723 sibi

484 3761 627 3825 multum
653 3761 775 3838 valere,
802 3768 893 3843 quat.
917 3761 1092 3846 providere
1119 3761 1301 3845 dignemini
1327 3761 1369 3825 de
1396 3764 1472 3825 ben.
1496 3763 1578 3826 eccl.
1596 3782 1624 3825 c.
1649 3781 1678 3825 c.
1695 3761 1750 3825 rel
1768 3783 1792 3826 s.
1808 3782 1846 3839 c,

484 3865 614 3929 etiamsi
639 3864 739 3948 dign,
757 3867 810 3929 rel
826 3867 1043 3951 prepositura,
1060 3888 1119 3930 seu
1133 3886 1230 3951 pers,
1250 3874 1308 3931 aut
1333 3867 1565 3950 patronagium
1593 3865 1738 3944 existat;
1758 3866 1847 3951 cujus

483 3970 607 4035 fructus
624 4021 674 4048 ....,
691 3971 717 4034 si
735 3992 762 4035 c.
781 3991 808 4034 c.
839 3992 908 4050 roo,
925 3972 951 4034 si
975 3992 1055 4035 vero
1080 3993 1105 4036 s.
1133 3992 1162 4036 c.
1188 3970 1285 4035 fuerit
1304 3990 1344 4055 70
1370 3971 1427 4034 lib.
1448 3968 1526 4035 Tur.
1551 3990 1653 4055 parv,
1682 3989 1750 4033 sec.
1778 3979 1843 4033 tax.

483 4073 622 4153 decime,
639 4075 787 4139 valorem
804 4095 951 4138 annuum
967 4096 1035 4138 non
1059 4077 1236 4156 excedant,
1254 4076 1296 4140 ad
1318 4077 1446 4140 coll.....
1467 4076 1567 4159 episc.
1584 4082 1618 4139 et
1635 4094 1708 4158 cap.
1725 4094 1766 4139 ac
1782 4074 1844 4138 sin·

482 4180 631 4259 gulorum
650 4180 888 4243 canonicorum
904 4180 985 4243 eccl.
1002 4178 1226 4256 Cameracen.,
1243 4180 1373 4244 etiamsi
1400 4180 1532 4244 ratione
1555 4197 1688 4253 suarum
1704 4178 1845 4262 dignita-

482 4291 554 4343 tum
572 4280 624 4342 vel
648 4290 886 4363 personatuum
899 4301 957 4345 seu
974 4282 1160 4349 olliciorum
1180 4305 1243 4367 que
1257 4283 1412 4347 obtinent
1429 4282 1462 4346 in
1480 4282 1599 4346 eadem
1621 4283 1704 4346 eccl.
1722 4280 1846 4363 aliquid

482 4383 632 4446 conferre
649 4384 804 4461 habeant,
821 4390 1007 4467 spectante,
1025 4386 1057 4450 in
1084 4389 1165 4453 eccl.
1183 4387 1339 4465 cathedr,
1356 4386 1419 4451 civ.
1445 4387 1498 4450 rel
1523 4386 1610 4450 dioc.
1628 4385 1845 4450 Cameracen.

481 4495 538 4547 aut
553 4484 631 4549 alibi
648 4485 836 4568 ubicunque
856 4485 944 4571 [vac.
968 4490 1021 4551 vel
1037 4489 1175 4574 vacat.,]
1203 4490 1313 4554 eidem
1329 4488 1430 4554 Petro
1447 4488 1627 4572 dignemini
1645 4486 1845 4571 provideret

480 4609 550 4653 non
566 4591 651 4653 obst.
668 4588 757 4672 quod
773 4589 958 4673 predictam
974 4593 1055 4656 eccl.
1071 4592 1113 4656 de
1139 4592 1285 4678 Capella,
1312 4602 1346 4657 et
1362 4614 1437 4658 can.
1454 4602 1488 4657 et
1516 4595 1607 4678 preb.
1625 4590 1656 4654 S.
1674 4588 1844 4655 Laurentii

480 4688 661 4756 Belvacen.
681 4714 689 4770 ;
715 4692 807 4775 cujus
822 4693 991 4777 prebende
1007 4694 1132 4760 fructus
1148 4698 1298 4761 valorem
1319 4717 1356 4760 ro
1378 4696 1434 4761 lib.
1451 4695 1554 4760 Paris.
1571 4695 1673 4758 libere
1689 4693 1724 4759 in
1748 4694 1845 4764 scolis

478 4814 548 4859 non
572 4796 748 4871 excedunt,
773 4817 812 4861 ac
828 4818 900 4862 can.
917 4801 976 4863 sub
993 4820 1067 4884 exp.
1084 4804 1175 4884 preb.
1194 4799 1361 4866 Morinen.
1375 4801 1599 4877 ecclesiarum,
1617 4810 1705 4864 auct.
1723 4808 1843 4877 restra,

479 4897 630 4964 noscitur
645 4901 805 4964 obtinere.
822 4942 864 4951 -
882 4899 956 4966 Fiat
973 4900 1014 4969 R.

481 5059 724 5073 ’Ἁ-

513 5166 533 5213 l.
549 5166 651 5224 Debitio,
669 5165 790 5224 (lan-tul,
803 5167 833 5226 ll,
846 5171 960 5216 ortt-bod.
972 5196 1004 5206 -
1016 5172 1038 5216 ⁸2.
1052 5169 1091 5221 Id,
1103 5172 1156 5230 596,
1171 5172 1224 5217 025.
