4650 6059
996 784 1083 858 1342,
1107 784 1126 848 9
1147 783 1322 863 septembre.
1810 794 1846 859 41

488 953 562 1016 mag.
581 931 766 999 Leomardi
783 934 827 1002 de
842 933 1009 1015 Gravelia,
1017 934 1172 1000 Senensis
1188 955 1272 1014 can,
1280 942 1372 1018 quat.
1389 934 1450 1000 sibi
1466 935 1509 1001 de
1525 955 1597 1001 can.
1614 945 1649 1002 et
1658 940 1749 1022 preb.
1762 941 1848 1024 [vac.

488 1037 533 1102 rel
547 1039 675 1121 iamt]
692 1038 725 1102 in
742 1040 826 1104 eccl.
842 1038 875 1103 S.
892 1038 985 1105 Pauli
1002 1038 1162 1105 Leodien.
1179 1039 1362 1122 dignemini
1379 1039 1564 1124 providere,
1577 1060 1645 1106 non
1659 1044 1744 1108 obst.
1757 1045 1850 1126 quod

486 1140 566 1206 idern
584 1140 765 1218 lohannes
780 1142 814 1208 in
833 1142 916 1210 eccl.
932 1142 963 1207 S.
979 1141 1144 1220 Johannis
1164 1141 1324 1208 Leodien.
1350 1142 1537 1209 custodiam
1562 1152 1596 1209 ct
1621 1145 1655 1211 in
1677 1146 1708 1212 S.
1733 1148 1849 1213 Amati

486 1243 678 1325 lisiacensis,
703 1246 900 1312 Atrebaten.
924 1246 1022 1326 dioc,
1047 1253 1172 1312 canet
1197 1248 1288 1330 preb.
1305 1266 1346 1311 ac
1362 1246 1568 1312 scolastriam
1594 1249 1675 1314 eccl.
1698 1250 1850 1318 noscitur

485 1348 645 1430 obtinere,
660 1369 805 1432 quorum
820 1349 991 1416 scolastrie
1006 1357 1041 1414 et
1057 1349 1276 1416 canonicatus
1290 1357 1326 1414 et
1341 1349 1512 1435 prebende
1526 1351 1669 1417 ecclesie
1684 1352 1716 1419 S.
1732 1356 1846 1422 Amati

483 1451 616 1532 tructus,
632 1452 785 1519 redditus
806 1461 841 1520 et
856 1462 1040 1538 proventus
1055 1453 1156 1519 annui
1174 1452 1271 1518 unius
1286 1453 1388 1519 solius
1403 1454 1573 1538 prebende
1588 1454 1690 1540 ipsius
1706 1456 1849 1525 ecclesie

483 1554 512 1621 8.
525 1555 645 1622 Amati
665 1556 833 1622 fructus...
849 1577 919 1624 non
935 1556 1113 1624 excedunt.
1129 1597 1173 1608 -
1190 1555 1268 1622 Fiat
1284 1556 1325 1624 R.

523 1659 603 1725 Dat.
619 1680 674 1746 ap.
690 1659 938 1727 Villamnovam
956 1682 973 1745 5
992 1660 1035 1726 id.
1051 1669 1136 1747 sept.
1153 1668 1186 1725 a⁰
1206 1668 1244 1729 1⁰.
1263 1658 1306 1743 (Ι,
1328 1661 1429 1745 1831).

532 1796 645 1879 199.
1463 1830 1557 1893 1392,
1576 1831 1595 1894 9
1612 1812 1801 1897 septembre.

521 1915 627 2000 Supp.
641 1914 803 1995 Thomas
820 1915 907 1980 filius
922 1914 1093 1999 quondam
1117 1913 1252 1997 Jaquini
1278 1913 1320 1979 de
1347 1912 1515 1994 MostierS,
1541 1915 1632 1979 cler.·
1646 1916 1845 1979 Atrebaten.

481 2018 578 2097 dioc,
595 2018 736 2085 studens
751 2017 895 2086 Parisios
911 2018 945 2084 in
958 2019 1031 2103 jure
1046 2039 1131 2098 can,
1148 2026 1183 2082 et
1199 2017 1255 2082 diu
1271 2017 1398 2083 studuit
1413 2018 1602 2083 Aurelianis
1619 2019 1650 2082 in
1666 2019 1739 2102 jure
1755 2018 1818 2085 civ.
1835 2042 1845 2097 ;

481 2123 536 2206 qui
554 2121 729 2206 Jaquinus,
745 2123 816 2207 ejus
830 2131 936 2208 pater,
952 2122 1032 2187 dum
1049 2121 1133 2186 vixit
1149 2121 1210 2187 fuit
1225 2121 1268 2187 de
1283 2122 1396 2187 robbis
1410 2122 1538 2201 vestris,
1556 2130 1590 2187 et
1613 2130 1724 2187 vester
1739 2122 1848 2190 fidelis

482 2247 520 2292 ac
535 2225 681 2292 devotus
706 2227 849 2293 servitor
861 2249 870 2306 ;
899 2236 989 2311 quat.
1018 2226 1078 2292 sibi
1103 2225 1146 2291 de
1173 2246 1248 2291 can.
1265 2234 1299 2290 et
1323 2229 1415 2311 preb.
1432 2226 1514 2291 eccl.
1532 2226 1758 2308 Cameracen.,
1787 2235 1845 2291 aut

484 2328 681 2410 Tornacen.,
705 2329 761 2395 vel
786 2330 993 2410 Atrebatem,
1020 2349 1095 2395 vac.
1125 2329 1180 2392 vel
1204 2337 1324 2408 vacat,
1352 2328 1534 2412 dignemini
1559 2330 1734 2414 providere
1753 2351 1844 2410 ;non

484 2436 567 2498 obst.
584 2432 678 2517 quod
692 2453 769 2498 can.
785 2441 820 2498 et
835 2436 927 2519 preb.
944 2434 1025 2499 eccl.
1042 2435 1074 2499 S.
1091 2432 1269 2517 Gaugerici
1286 2433 1501 2498 Cameracen.
1517 2434 1667 2500 noscitur
1682 2435 1846 2500 obtinere.

484 2575 522 2586 —
539 2535 762 2602 P10videmus
776 2536 837 2602 sibi
854 2537 897 2603 de
911 2537 1078 2603 decanatu
1099 2538 1130 2601 8.
1148 2536 1323 2621 Gangerici
1339 2536 1394 2602 hic
1410 2544 1562 2616 vacante,
1578 2536 1621 2600 de
1645 2558 1712 2620 quo
1736 2537 1845 2622 provi-

481 2638 638 2706 deremus
654 2639 836 2707 Francisco
850 2641 1109 2727 Auschapelletz
1125 2652 1147 2721 ¹,
1172 2639 1314 2706 sednon
1331 2641 1404 2705 vult
1419 2648 1606 2725 acceptare,
1632 2649 1666 2705 et
1692 2641 1743 2706 cui
1770 2662 1848 2727 pos-

483 2752 535 2807 tea
559 2742 703 2808 fecimus
717 2743 861 2827 gratiam
876 2746 911 2808 in
923 2743 1064 2809 ecclesia
1082 2742 1298 2807 Cameracen.
1315 2784 1358 2794 -
1374 2742 1449 2808 Fiat
1465 2752 1561 2809 motu
1576 2744 1721 2828 proprio.
1740 2743 1780 2810 R.

524 2846 603 2911 Dat.
620 2867 674 2932 ap.
690 2845 938 2913 villamnovam
958 2867 974 2931 5
993 2845 1036 2910 id.
1052 2855 1136 2932 sept.
1154 2855 1187 2910 a⁰
1207 2854 1245 2910 1⁰.
1264 2845 1307 2930 (Ι,
1328 2849 1429 2930 1841).

532 2984 654 3065 200.
1464 3016 1559 3079 1342,
1576 3015 1595 3077 9
1612 2997 1800 3081 septembre.

524 3103 626 3187 Supp.
644 3100 813 3165 Gerardus
828 3098 870 3164 de
885 3101 1047 3178 Arbent0,
1064 3099 1288 3164 thesaurarius
1311 3099 1393 3163 eccl.
1410 3097 1447 3161 B.
1466 3095 1514 3161 M.
1525 3097 1567 3162 de
1585 3097 1743 3184 Escoyes‚
1754 3110 1846 3182 quat.

486 3208 538 3269 sibi
555 3206 690 3270 decan.
708 3205 789 3269 eccl.
807 3202 966 3267 Leorlien.
983 3203 1164 3287 dignemini
1183 3203 1357 3287 providere
1374 3212 1408 3266 et
1424 3205 1514 3287 preb.
1526 3223 1692 3266 reservare
1712 3224 1842 3267 necnon

486 3309 590 3393 dign...
607 3309 662 3372 vel
680 3308 755 3386 off.;
774 3328 840 3372 non
859 3310 943 3372 obst.
961 3307 1050 3391 quod
1068 3307 1099 3369 in
1128 3308 1158 3369 8.
1178 3307 1269 3370 Pauli
1299 3305 1492 3388 Lugclunen.
1510 3327 1581 3369 can.
1605 3316 1637 3369 et
1654 3307 1841 3391 portionem

486 3434 519 3477 ac
546 3415 577 3477 in
607 3412 647 3477 B.
669 3410 717 3476 bl.
748 3411 954 3497 Escoyarum
985 3413 1066 3475 eccl.
1099 3432 1170 3474 cau.
1197 3420 1230 3475 et
1256 3413 1346 3496 preb.
1377 3432 1415 3475 ac
1446 3410 1682 3474 thesaurariam
1711 3432 1841 3476 necnon

488 3518 633 3599 parroclr.
653 3516 734 3580 eccl.
751 3514 794 3579 de
810 3514 917 3595 Clara,
936 3514 1181 3597 Rotlromagen.
1198 3514 1294 3591 dioc,
1311 3514 1458 3577 noscitur
1482 3515 1642 3578 obtinere.
1659 3556 1701 3563 —
1719 3514 1744 3578 F
1748 3516 1793 3579 iat
1810 3515 1841 3578 in

487 3622 559 3685 eccl.
576 3621 608 3683 8.
626 3618 714 3697 Justi
733 3617 928 3702 Lugdunen.
945 3618 987 3681 de
1004 3639 1075 3684 can.
1093 3622 1152 3681 sub
1169 3639 1243 3701 exp.
1261 3620 1350 3702 preb.
1370 3617 1408 3680 R.

525 3726 600 3789 Dat.
618 3746 672 3808 ap.
690 3723 937 3787 Villamnovam
955 3743 971 3804 5
989 3721 1031 3785 id.
1049 3733 1132 3804 sept.
1150 3731 1182 3783 a“
1203 3730 1239 3785 1⁰.
1258 3720 1300 3801 (fl,
1323 3723 1423 3803 183).

531 3887 641 3967 201.
1463 3917 1556 3978 1542,
1575 3916 1593 3976 9
1610 3898 1799 3980 septentiam:

522 4006 638 4090 Suppl.
655 4004 688 4071 S.
705 4002 744 4066 l'.
761 4002 810 4066 sui
828 4001 969 4065 humiles
986 4010 1020 4064 et
1037 4001 1150 4065 devoti
1180 4000 1366 4079 servitores,
1395 4000 1554 4081 magistri,
1577 4000 1688 4083 jurati,
1707 3999 1843 4072 scabini,

488 4122 619 4193 totaque
638 4106 838 4172 universitas
854 4105 976 4169 civium
995 4104 1163 4180 leodien,
1192 4104 1408 4168 devotissima
1433 4104 1553 4187 pedum
1578 4104 1712 4166 obscula
1731 4105 1846 4167 berito-

489 4233 562 4276 rurn.
589 4212 693 4276 Pater
717 4211 782 4289 S¹¹¹‘'‚
815 4230 889 4273 curn
915 4209 994 4271 olim
1022 4211 1099 4272 bon.
1128 4230 1228 4272 mem.
1246 4208 1302 4270 8⁰¹⁰
1318 4209 1350 4270 in
1368 4207 1500 4270 Christo
1532 4206 1616 4288 patri
1634 4227 1674 4269 ac
1697 4206 1844 4278 domino,

488 4316 568 4380 dom.
586 4314 735 4393 Jolranni
753 4333 841 4398 pape
858 4310 996 4390 xxii...
1008 4309 1543 4395 supplicaverirmrsproJolranne
1561 4311 1648 4389 Solu,
1667 4312 1743 4375 cler.
1761 4311 1845 4375 Leo-

487 4420 575 4497 dien.,
600 4420 689 4485 fideli
712 4426 838 4491 nostr0,
856 4426 948 4499 quat.
961 4416 1020 4480 sibi
1038 4416 1213 4500 providere
1230 4416 1420 4496 dignaretur
1436 4416 1477 4478 de
1494 4416 1606 4497 aliquo
1621 4418 1696 4479 ben.
1711 4436 1844 4499 compe-

488 4526 562 4588 tenti
580 4547 605 4588 s.
624 4546 663 4599 c.,
681 4530 857 4607 spectante
871 4519 913 4584 acl
930 4519 1005 4583 coll.
1022 4540 1079 4582 seu
1096 4519 1382 4603 presentationem
1400 4519 1452 4581 vel
1470 4519 1694 4601 provisionem
1713 4519 1796 4583 Rev.
1809 4519 1844 4582 P.

487 4627 566 4692 dour.
583 4628 687 4713 episc.
704 4624 904 4702 Tornacen„
932 4623 984 4688 cui
1009 4622 1245 4707 supplicationi
1273 4632 1385 4686 nostre
1413 4643 1471 4686 sua
1500 4623 1606 4705 gratia
1624 4622 1769 4701 favente,
1786 4642 1845 4706 per

488 4752 553 4796 suas
580 4733 711 4795 litteras
738 4728 884 4813 providit
910 4739 944 4792 et
968 4727 1142 4792 mandavit
1170 4726 1346 4810 provideri,
1371 4727 1552 4790 secundum
1578 4747 1711 4790 suarum
1739 4726 1847 4791 corati-

487 4838 629 4899 uentiam
643 4835 842 4909 litterarum,
859 4830 1012 4894 datarum
1038 4830 1191 4894 kalendis
1207 4831 1345 4913 augusti,
1357 4830 1574 4914 pontificatus
1586 4830 1734 4912 ejusdem
1757 4850 1847 4894 anno

487 4937 781 5022 decimoseptimo.
800 4935 936 5000 Etcum
954 4935 1080 4998 nullum
1108 4934 1310 4998 beneficium
1334 4955 1374 4997 ex
1399 4934 1586 5017 hujusmodi
1614 4934 1721 5015 grattia
1749 4933 1846 4997 suerit

488 5055 650 5108 assecutus
667 5062 727 5126 per
742 5039 993 5105 revocationem
1021 5038 1110 5103 dom.
1137 5038 1321 5117 Benedicti,
1347 5038 1446 5101 vestri
1473 5038 1714 5122 predecessoris
1731 5037 1847 5098 imme-

518 5225 532 5269 i.
545 5224 605 5269 l'oir
618 5238 642 5269 ll.
657 5225 678 5267 3.
696 5222 733 5266 111.
