<?xml version="1.0" encoding="UTF-8"?>
<!DOCTYPE html PUBLIC "-//W3C//DTD XHTML 1.0 Transitional//EN"
    "http://www.w3.org/TR/xhtml1/DTD/xhtml1-transitional.dtd">
<html xmlns="http://www.w3.org/1999/xhtml" xml:lang="en" lang="en">
 <head>
  <title>
</title>
<meta http-equiv="Content-Type" content="text/html;charset=utf-8" />
  <meta name='ocr-system' content='tesseract 3.04.00' />
  <meta name='ocr-capabilities' content='ocr_page ocr_carea ocr_par ocr_line ocrx_word'/>
</head>
<body>
  <div class='ocr_page' id='page_1' title='image "./suppliquesdeclm00goog_0590.png"; bbox 0 0 4650 6059; ppageno 0'>
   <div class='ocr_carea' id='block_1_1' title="bbox 1022 785 1854 860">
    <p class='ocr_par' dir='ltr' id='par_1_1' title="bbox 1022 785 1854 860">
     <span class='ocr_line' id='line_1_1' title="bbox 1022 785 1854 860; baseline 0.008 -11"><span class='ocrx_word' id='word_1_1' title='bbox 1022 786 1110 860; x_wconf 80' lang='lat'><strong>1350,</strong></span> <span class='ocrx_word' id='word_1_2' title='bbox 1134 785 1219 849; x_wconf 80' lang='lat'>16-17</span> <span class='ocrx_word' id='word_1_3' title='bbox 1240 787 1320 851; x_wconf 71' lang='lat' dir='ltr'><strong>solt.</strong></span> <span class='ocrx_word' id='word_1_4' title='bbox 1793 791 1854 856; x_wconf 78' lang='lat'><strong>583</strong></span> 
     </span>
    </p>
   </div>
   <div class='ocr_carea' id='block_1_2' title="bbox 484 935 1855 1228">
    <p class='ocr_par' dir='ltr' id='par_1_2' title="bbox 484 935 1855 1228">
     <span class='ocr_line' id='line_1_2' title="bbox 485 935 1855 1027; baseline 0.003 -24"><span class='ocrx_word' id='word_1_5' title='bbox 485 939 521 1003; x_wconf 91' lang='lat' dir='ltr'><strong>in</strong></span> <span class='ocrx_word' id='word_1_6' title='bbox 550 948 613 1003; x_wconf 87' lang='lat' dir='ltr'><strong>art.</strong></span> <span class='ocrx_word' id='word_1_7' title='bbox 637 937 767 1021; x_wconf 90' lang='lat' dir='ltr'><strong>regenti</strong></span> <span class='ocrx_word' id='word_1_8' title='bbox 793 937 826 1001; x_wconf 87' lang='lat' dir='ltr'><strong>in</strong></span> <span class='ocrx_word' id='word_1_9' title='bbox 853 936 943 1001; x_wconf 90' lang='lat' dir='ltr'><strong>curia</strong></span> <span class='ocrx_word' id='word_1_10' title='bbox 959 935 1123 1013; x_wconf 89' lang='lat' dir='ltr'><strong>Romana,</strong></span> <span class='ocrx_word' id='word_1_11' title='bbox 1147 935 1350 1001; x_wconf 88' lang='lat' dir='ltr'><strong>beneficium</strong></span> <span class='ocrx_word' id='word_1_12' title='bbox 1377 938 1459 1003; x_wconf 92' lang='lat' dir='ltr'><strong>eccl.</strong></span> <span class='ocrx_word' id='word_1_13' title='bbox 1485 938 1527 1004; x_wconf 91' lang='lat' dir='ltr'><strong>ad</strong></span> <span class='ocrx_word' id='word_1_14' title='bbox 1554 940 1630 1005; x_wconf 93' lang='lat' dir='ltr'><strong>coll.</strong></span> <span class='ocrx_word' id='word_1_15' title='bbox 1654 940 1802 1027; x_wconf 87' lang='lat' dir='ltr'>episcopi</span> <span class='ocrx_word' id='word_1_16' title='bbox 1821 950 1855 1007; x_wconf 91' lang='lat' dir='ltr'><strong>et</strong></span> 
     </span>
     <span class='ocr_line' id='line_1_3' title="bbox 484 1039 1855 1128; baseline 0.002 -20"><span class='ocrx_word' id='word_1_17' title='bbox 484 1042 626 1128; x_wconf 89' lang='lat' dir='ltr'><strong>capituli</strong></span> <span class='ocrx_word' id='word_1_18' title='bbox 651 1040 819 1106; x_wconf 91' lang='lat' dir='ltr'><strong>Morinen.</strong></span> <span class='ocrx_word' id='word_1_19' title='bbox 842 1039 1016 1126; x_wconf 89' lang='lat' dir='ltr'><strong>providere</strong></span> <span class='ocrx_word' id='word_1_20' title='bbox 1036 1039 1230 1124; x_wconf 85' lang='lat' dir='ltr'><strong>dignemini.</strong></span> <span class='ocrx_word' id='word_1_21' title='bbox 1245 1081 1289 1090; x_wconf 91' lang='lat'>—</span> <span class='ocrx_word' id='word_1_22' title='bbox 1305 1039 1381 1106; x_wconf 91' lang='lat' dir='ltr'><strong>Fiat</strong></span> <span class='ocrx_word' id='word_1_23' title='bbox 1396 1042 1501 1107; x_wconf 88' lang='lat' dir='ltr'><strong>etiam</strong></span> <span class='ocrx_word' id='word_1_24' title='bbox 1516 1043 1542 1107; x_wconf 90' lang='lat' dir='ltr'><strong>si</strong></span> <span class='ocrx_word' id='word_1_25' title='bbox 1560 1044 1594 1107; x_wconf 93' lang='lat' dir='ltr'><strong>in</strong></span> <span class='ocrx_word' id='word_1_26' title='bbox 1610 1047 1693 1110; x_wconf 91' lang='lat' dir='ltr'><strong>eccl.</strong></span> <span class='ocrx_word' id='word_1_27' title='bbox 1709 1045 1797 1111; x_wconf 86' lang='lat' dir='ltr'><strong>cath.</strong></span> <span class='ocrx_word' id='word_1_28' title='bbox 1815 1045 1855 1111; x_wconf 90' lang='lat' dir='ltr'><strong>R.</strong></span> 
     </span>
     <span class='ocr_line' id='line_1_4' title="bbox 532 1144 1233 1228; baseline -0.003 -17"><span class='ocrx_word' id='word_1_29' title='bbox 532 1149 615 1211; x_wconf 89' lang='lat' dir='ltr'><strong>Dat.</strong></span> <span class='ocrx_word' id='word_1_30' title='bbox 631 1146 731 1210; x_wconf 76' lang='lat' dir='ltr'><strong>Avin.</strong></span> <span class='ocrx_word' id='word_1_31' title='bbox 749 1148 768 1210; x_wconf 91' lang='lat'>8</span> <span class='ocrx_word' id='word_1_32' title='bbox 785 1144 829 1210; x_wconf 88' lang='lat' dir='ltr'><strong>id.</strong></span> <span class='ocrx_word' id='word_1_33' title='bbox 845 1165 919 1228; x_wconf 88' lang='lat' dir='ltr'><strong>aug.</strong></span> <span class='ocrx_word' id='word_1_34' title='bbox 936 1152 970 1209; x_wconf 91' lang='lat' dir='ltr'><strong>a⁰</strong></span> <span class='ocrx_word' id='word_1_35' title='bbox 987 1152 1029 1225; x_wconf 84' lang='lat'><strong>9⁰.</strong></span> <span class='ocrx_word' id='word_1_36' title='bbox 1047 1146 1124 1228; x_wconf 89' lang='grc'>(20,</span> <span class='ocrx_word' id='word_1_37' title='bbox 1146 1145 1233 1226; x_wconf 88' lang='lat'><strong>110).</strong></span> 
     </span>
    </p>
   </div>
   <div class='ocr_carea' id='block_1_3' title="bbox 538 1309 1811 1405">
    <p class='ocr_par' dir='ltr' id='par_1_3' title="bbox 538 1309 1811 1405">
     <span class='ocr_line' id='line_1_5' title="bbox 538 1309 1811 1405; baseline -0.001 -17"><span class='ocrx_word' id='word_1_38' title='bbox 538 1309 690 1392; x_wconf 74' lang='lat'>2046·</span> <span class='ocrx_word' id='word_1_39' title='bbox 1565 1343 1649 1405; x_wconf 77' lang='lat'><em>1350</em></span> <span class='ocrx_word' id='word_1_40' title='bbox 1665 1326 1707 1387; x_wconf 80' lang='lat'><strong>16</strong></span> <span class='ocrx_word' id='word_1_41' title='bbox 1723 1329 1811 1388; x_wconf 73' lang='lat' dir='ltr'><strong>actii.</strong></span> 
     </span>
    </p>
   </div>
   <div class='ocr_carea' id='block_1_4' title="bbox 481 1423 1856 1618">
    <p class='ocr_par' dir='ltr' id='par_1_4' title="bbox 481 1423 1856 1618">
     <span class='ocr_line' id='line_1_6' title="bbox 531 1423 1854 1513; baseline 0.002 -21"><span class='ocrx_word' id='word_1_42' title='bbox 531 1429 636 1513; x_wconf 88' lang='lat' dir='ltr'><strong>Supp.</strong></span> <span class='ocrx_word' id='word_1_43' title='bbox 652 1425 815 1509; x_wconf 85' lang='lat' dir='ltr'><strong>Georgius</strong></span> <span class='ocrx_word' id='word_1_44' title='bbox 831 1423 986 1503; x_wconf 87' lang='lat' dir='ltr'><strong>Clenkes,</strong></span> <span class='ocrx_word' id='word_1_45' title='bbox 1004 1423 1056 1488; x_wconf 92' lang='lat' dir='ltr'><strong>lic.</strong></span> <span class='ocrx_word' id='word_1_46' title='bbox 1074 1424 1108 1488; x_wconf 91' lang='lat' dir='ltr'><strong>in</strong></span> <span class='ocrx_word' id='word_1_47' title='bbox 1124 1432 1187 1489; x_wconf 88' lang='lat' dir='ltr'><strong>art.</strong></span> <span class='ocrx_word' id='word_1_48' title='bbox 1203 1432 1238 1489; x_wconf 93' lang='lat' dir='ltr'><strong>et</strong></span> <span class='ocrx_word' id='word_1_49' title='bbox 1252 1426 1328 1490; x_wconf 89' lang='lat' dir='ltr'><strong>bac.</strong></span> <span class='ocrx_word' id='word_1_50' title='bbox 1344 1425 1379 1489; x_wconf 91' lang='lat' dir='ltr'><strong>in</strong></span> <span class='ocrx_word' id='word_1_51' title='bbox 1394 1425 1531 1510; x_wconf 86' lang='lat' dir='ltr'><strong>legibus,</strong></span> <span class='ocrx_word' id='word_1_52' title='bbox 1554 1426 1742 1494; x_wconf 89' lang='lat' dir='ltr'><strong>Tomacen.</strong></span> <span class='ocrx_word' id='word_1_53' title='bbox 1757 1428 1854 1510; x_wconf 81' lang='lat' dir='ltr'><strong>dioc,</strong></span> 
     </span>
     <span class='ocr_line' id='line_1_7' title="bbox 481 1527 1856 1618; baseline 0.001 -21"><span class='ocrx_word' id='word_1_54' title='bbox 481 1541 584 1616; x_wconf 89' lang='lat' dir='ltr'><strong>quat.</strong></span> <span class='ocrx_word' id='word_1_55' title='bbox 609 1530 669 1596; x_wconf 87' lang='lat' dir='ltr'><strong>sibi</strong></span> <span class='ocrx_word' id='word_1_56' title='bbox 695 1529 737 1594; x_wconf 91' lang='lat' dir='ltr'><strong>de</strong></span> <span class='ocrx_word' id='word_1_57' title='bbox 764 1531 838 1592; x_wconf 90' lang='lat' dir='ltr'><strong>ben.</strong></span> <span class='ocrx_word' id='word_1_58' title='bbox 867 1527 950 1593; x_wconf 88' lang='lat' dir='ltr'><strong>eccl.</strong></span> <span class='ocrx_word' id='word_1_59' title='bbox 967 1548 996 1592; x_wconf 91' lang='lat' dir='ltr'><strong>c.</strong></span> <span class='ocrx_word' id='word_1_60' title='bbox 1013 1548 1042 1593; x_wconf 90' lang='lat' dir='ltr'><strong>c.</strong></span> <span class='ocrx_word' id='word_1_61' title='bbox 1058 1528 1123 1592; x_wconf 85' lang='lat' dir='ltr'><strong>vel.</strong></span> <span class='ocrx_word' id='word_1_62' title='bbox 1140 1548 1166 1593; x_wconf 94' lang='lat' dir='ltr'><strong>s.</strong></span> <span class='ocrx_word' id='word_1_63' title='bbox 1182 1549 1221 1609; x_wconf 91' lang='lat' dir='ltr'><strong>c.,</strong></span> <span class='ocrx_word' id='word_1_64' title='bbox 1244 1528 1375 1593; x_wconf 89' lang='lat' dir='ltr'><strong>etiamsi</strong></span> <span class='ocrx_word' id='word_1_65' title='bbox 1400 1529 1534 1610; x_wconf 86' lang='lat' dir='ltr'><strong>vicaria,</strong></span> <span class='ocrx_word' id='word_1_66' title='bbox 1560 1531 1718 1612; x_wconf 87' lang='lat' dir='ltr'><strong>officium,</strong></span> <span class='ocrx_word' id='word_1_67' title='bbox 1743 1553 1856 1618; x_wconf 90' lang='lat' dir='ltr'><strong>perso-</strong></span> 
     </span>
    </p>
   </div>
   <div class='ocr_carea' id='block_1_5' title="bbox 479 1630 1946 2340">
    <p class='ocr_par' dir='ltr' id='par_1_5' title="bbox 480 1630 1856 1717">
     <span class='ocr_line' id='line_1_8' title="bbox 480 1630 1856 1717; baseline -0.001 -17"><span class='ocrx_word' id='word_1_68' title='bbox 480 1645 599 1714; x_wconf 77' lang='lat' dir='ltr'><strong>natuS,</strong></span> <span class='ocrx_word' id='word_1_69' title='bbox 627 1632 778 1699; x_wconf 89' lang='lat' dir='ltr'><strong>custodia</strong></span> <span class='ocrx_word' id='word_1_70' title='bbox 806 1631 859 1695; x_wconf 89' lang='lat' dir='ltr'><strong>vel</strong></span> <span class='ocrx_word' id='word_1_71' title='bbox 895 1630 1043 1715; x_wconf 89' lang='lat' dir='ltr'><strong>regimen</strong></span> <span class='ocrx_word' id='word_1_72' title='bbox 1076 1631 1242 1695; x_wconf 91' lang='lat' dir='ltr'><strong>scolarum</strong></span> <span class='ocrx_word' id='word_1_73' title='bbox 1268 1632 1399 1712; x_wconf 84' lang='lat' dir='ltr'><strong>existat,</strong></span> <span class='ocrx_word' id='word_1_74' title='bbox 1427 1642 1602 1717; x_wconf 83' lang='lat' dir='ltr'>spectante</span> <span class='ocrx_word' id='word_1_75' title='bbox 1634 1636 1856 1701; x_wconf 90' lang='lat' dir='ltr'><strong>communiter</strong></span> 
     </span>
    </p>

    <p class='ocr_par' dir='ltr' id='par_1_6' title="bbox 479 1735 1856 1831">
     <span class='ocr_line' id='line_1_9' title="bbox 479 1735 1856 1831; baseline 0.001 -28"><span class='ocrx_word' id='word_1_76' title='bbox 479 1741 543 1803; x_wconf 77' lang='lat' dir='ltr'><strong>vel</strong></span> <span class='ocrx_word' id='word_1_77' title='bbox 561 1738 694 1804; x_wconf 82' lang='lat' dir='ltr'><strong>divisim</strong></span> <span class='ocrx_word' id='word_1_78' title='bbox 718 1736 767 1829; x_wconf 76' lang='lat' dir='ltr'><strong>ad¹</strong></span> <span class='ocrx_word' id='word_1_79' title='bbox 788 1735 1044 1831; x_wconf 72' lang='lat' dir='ltr'><strong>collationem...</strong></span> <span class='ocrx_word' id='word_1_80' title='bbox 1072 1735 1232 1820; x_wconf 86' lang='lat' dir='ltr'><strong>episcopi,</strong></span> <span class='ocrx_word' id='word_1_81' title='bbox 1256 1735 1374 1801; x_wconf 89' lang='lat' dir='ltr'><strong>decani</strong></span> <span class='ocrx_word' id='word_1_82' title='bbox 1391 1745 1426 1801; x_wconf 92' lang='lat' dir='ltr'><strong>et</strong></span> <span class='ocrx_word' id='word_1_83' title='bbox 1442 1738 1579 1823; x_wconf 92' lang='lat' dir='ltr'><strong>capituli</strong></span> <span class='ocrx_word' id='word_1_84' title='bbox 1607 1740 1747 1804; x_wconf 89' lang='lat' dir='ltr'><strong>ecclesie</strong></span> <span class='ocrx_word' id='word_1_85' title='bbox 1773 1739 1856 1805; x_wconf 90' lang='lat' dir='ltr'><strong>Tor-</strong></span> 
     </span>
    </p>

    <p class='ocr_par' dir='ltr' id='par_1_7' title="bbox 480 1837 1855 1924">
     <span class='ocr_line' id='line_1_10' title="bbox 480 1837 1855 1924; baseline 0.001 -16"><span class='ocrx_word' id='word_1_86' title='bbox 480 1863 620 1922; x_wconf 82' lang='lat' dir='ltr'><strong>nacen,</strong></span> <span class='ocrx_word' id='word_1_87' title='bbox 633 1841 736 1906; x_wconf 89' lang='lat' dir='ltr'><strong>etiam</strong></span> <span class='ocrx_word' id='word_1_88' title='bbox 752 1840 779 1904; x_wconf 90' lang='lat' dir='ltr'><strong>si</strong></span> <span class='ocrx_word' id='word_1_89' title='bbox 796 1840 828 1903; x_wconf 92' lang='lat' dir='ltr'><strong>in</strong></span> <span class='ocrx_word' id='word_1_90' title='bbox 845 1837 1029 1903; x_wconf 85' lang='lat' dir='ltr'><strong>cathedrali</strong></span> <span class='ocrx_word' id='word_1_91' title='bbox 1045 1838 1187 1903; x_wconf 87' lang='lat' dir='ltr'><strong>ecclesia</strong></span> <span class='ocrx_word' id='word_1_92' title='bbox 1202 1838 1335 1920; x_wconf 85' lang='lat' dir='ltr'><strong>existat,</strong></span> <span class='ocrx_word' id='word_1_93' title='bbox 1348 1840 1373 1905; x_wconf 91' lang='lat' dir='ltr'><strong>si</strong></span> <span class='ocrx_word' id='word_1_94' title='bbox 1388 1840 1478 1924; x_wconf 93' lang='lat' dir='ltr'><strong>quod</strong></span> <span class='ocrx_word' id='word_1_95' title='bbox 1494 1841 1527 1905; x_wconf 90' lang='lat' dir='ltr'><strong>in</strong></span> <span class='ocrx_word' id='word_1_96' title='bbox 1543 1843 1693 1923; x_wconf 88' lang='lat' dir='ltr'><strong>ecclesia,</strong></span> <span class='ocrx_word' id='word_1_97' title='bbox 1707 1844 1855 1923; x_wconf 80' lang='lat' dir='ltr'><strong>civitate,</strong></span> 
     </span>
    </p>

    <p class='ocr_par' dir='ltr' id='par_1_8' title="bbox 483 1940 1854 2032">
     <span class='ocr_line' id='line_1_11' title="bbox 483 1940 1854 2032; baseline 0.001 -22"><span class='ocrx_word' id='word_1_98' title='bbox 483 1948 543 2010; x_wconf 73' lang='lat' dir='ltr'><strong>vel</strong></span> <span class='ocrx_word' id='word_1_99' title='bbox 573 1944 698 2011; x_wconf 90' lang='lat' dir='ltr'><strong>diocesi</strong></span> <span class='ocrx_word' id='word_1_100' title='bbox 725 1943 911 2007; x_wconf 85' lang='lat' dir='ltr'><strong>Tomacen.</strong></span> <span class='ocrx_word' id='word_1_101' title='bbox 936 1949 1035 2005; x_wconf 88' lang='lat' dir='ltr'><strong>vacat</strong></span> <span class='ocrx_word' id='word_1_102' title='bbox 1061 1940 1104 2005; x_wconf 90' lang='lat' dir='ltr'><strong>ad</strong></span> <span class='ocrx_word' id='word_1_103' title='bbox 1130 1962 1267 2027; x_wconf 89' lang='lat' dir='ltr'><strong>presens</strong></span> <span class='ocrx_word' id='word_1_104' title='bbox 1293 1944 1346 2007; x_wconf 85' lang='lat' dir='ltr'><strong>vel</strong></span> <span class='ocrx_word' id='word_1_105' title='bbox 1371 1964 1448 2009; x_wconf 91' lang='lat' dir='ltr'><strong>cum</strong></span> <span class='ocrx_word' id='word_1_106' title='bbox 1473 1947 1653 2026; x_wconf 89' lang='lat' dir='ltr'><strong>vacaverit,</strong></span> <span class='ocrx_word' id='word_1_107' title='bbox 1672 1946 1854 2032; x_wconf 87' lang='lat' dir='ltr'><strong>dignemini</strong></span> 
     </span>
    </p>

    <p class='ocr_par' dir='ltr' id='par_1_9' title="bbox 480 2046 1946 2137">
     <span class='ocr_line' id='line_1_12' title="bbox 480 2046 1946 2137; baseline -0.003 -24"><span class='ocrx_word' id='word_1_108' title='bbox 480 2049 667 2137; x_wconf 83' lang='lat' dir='ltr'><strong>providere</strong></span> <span class='ocrx_word' id='word_1_109' title='bbox 683 2072 690 2127; x_wconf 90' lang='lat'>;</span> <span class='ocrx_word' id='word_1_110' title='bbox 707 2069 775 2112; x_wconf 92' lang='lat' dir='ltr'><strong>non</strong></span> <span class='ocrx_word' id='word_1_111' title='bbox 793 2051 878 2114; x_wconf 87' lang='lat' dir='ltr'><strong>obst.</strong></span> <span class='ocrx_word' id='word_1_112' title='bbox 895 2046 984 2130; x_wconf 89' lang='lat' dir='ltr'><strong>quod</strong></span> <span class='ocrx_word' id='word_1_113' title='bbox 1001 2046 1164 2131; x_wconf 81' lang='lat' dir='ltr'><strong>capellan.</strong></span> <span class='ocrx_word' id='word_1_114' title='bbox 1182 2047 1214 2111; x_wconf 89' lang='lat' dir='ltr'><strong>in</strong></span> <span class='ocrx_word' id='word_1_115' title='bbox 1231 2047 1373 2112; x_wconf 87' lang='lat' dir='ltr'><strong>ecclesia</strong></span> <span class='ocrx_word' id='word_1_116' title='bbox 1388 2048 1541 2133; x_wconf 85' lang='lat' dir='ltr'><strong>parroch.</strong></span> <span class='ocrx_word' id='word_1_117' title='bbox 1559 2049 1589 2114; x_wconf 88' lang='lat' dir='ltr'><strong>S.</strong></span> <span class='ocrx_word' id='word_1_118' title='bbox 1608 2050 1705 2134; x_wconf 86' lang='lat' dir='ltr'><strong>Eligii</strong></span> <span class='ocrx_word' id='word_1_119' title='bbox 1719 2051 1855 2137; x_wconf 89' lang='lat' dir='ltr'><strong>Eynen-</strong></span> <span class='ocrx_word' id='word_1_120' title='bbox 1943 2102 1946 2109; x_wconf 89' lang='lat'><strong>.</strong></span> 
     </span>
    </p>

    <p class='ocr_par' dir='ltr' id='par_1_10' title="bbox 482 2149 1768 2340">
     <span class='ocr_line' id='line_1_13' title="bbox 482 2149 1768 2239; baseline -0.001 -20"><span class='ocrx_word' id='word_1_121' title='bbox 482 2156 543 2233; x_wconf 89' lang='lat' dir='ltr'><strong>sis,</strong></span> <span class='ocrx_word' id='word_1_122' title='bbox 561 2155 711 2239; x_wconf 85' lang='lat' dir='ltr'><strong>predicte</strong></span> <span class='ocrx_word' id='word_1_123' title='bbox 728 2152 825 2232; x_wconf 77' lang='lat' dir='ltr'><strong>dioc,</strong></span> <span class='ocrx_word' id='word_1_124' title='bbox 849 2159 1007 2216; x_wconf 89' lang='lat' dir='ltr'><strong>noscatur</strong></span> <span class='ocrx_word' id='word_1_125' title='bbox 1023 2150 1185 2215; x_wconf 89' lang='lat' dir='ltr'><strong>obtinere.</strong></span> <span class='ocrx_word' id='word_1_126' title='bbox 1200 2191 1244 2198; x_wconf 95' lang='lat'>-</span> <span class='ocrx_word' id='word_1_127' title='bbox 1261 2149 1337 2214; x_wconf 90' lang='lat' dir='ltr'><strong>Fiat</strong></span> <span class='ocrx_word' id='word_1_128' title='bbox 1353 2150 1386 2214; x_wconf 92' lang='lat' dir='ltr'><strong>in</strong></span> <span class='ocrx_word' id='word_1_129' title='bbox 1403 2150 1508 2216; x_wconf 83' lang='lat' dir='ltr'><strong>forma</strong></span> <span class='ocrx_word' id='word_1_130' title='bbox 1524 2173 1628 2235; x_wconf 90' lang='lat' dir='ltr'><strong>usque</strong></span> <span class='ocrx_word' id='word_1_131' title='bbox 1644 2161 1709 2218; x_wconf 87' lang='lat' dir='ltr'><strong>etc.</strong></span> <span class='ocrx_word' id='word_1_132' title='bbox 1727 2152 1768 2219; x_wconf 92' lang='lat' dir='ltr'><strong>R.</strong></span> 
     </span>
     <span class='ocr_line' id='line_1_14' title="bbox 535 2253 1282 2340; baseline -0.007 -18"><span class='ocrx_word' id='word_1_133' title='bbox 535 2259 617 2322; x_wconf 88' lang='lat' dir='ltr'><strong>Dat.</strong></span> <span class='ocrx_word' id='word_1_134' title='bbox 633 2258 731 2321; x_wconf 73' lang='lat' dir='ltr'><strong>Avin.</strong></span> <span class='ocrx_word' id='word_1_135' title='bbox 753 2275 789 2339; x_wconf 91' lang='lat'><strong>17</strong></span> <span class='ocrx_word' id='word_1_136' title='bbox 806 2255 872 2320; x_wconf 89' lang='lat' dir='ltr'><strong>kal.</strong></span> <span class='ocrx_word' id='word_1_137' title='bbox 888 2262 973 2340; x_wconf 85' lang='lat' dir='ltr'><strong>sept.</strong></span> <span class='ocrx_word' id='word_1_138' title='bbox 989 2262 1022 2318; x_wconf 86' lang='lat' dir='ltr'><strong>a⁰</strong></span> <span class='ocrx_word' id='word_1_139' title='bbox 1039 2262 1080 2333; x_wconf 85' lang='lat'><strong>9⁰.</strong></span> <span class='ocrx_word' id='word_1_140' title='bbox 1098 2254 1174 2338; x_wconf 88' lang='lat'><strong>(20,</strong></span> <span class='ocrx_word' id='word_1_141' title='bbox 1195 2253 1282 2336; x_wconf 90' lang='lat'><strong>111).</strong></span> 
     </span>
    </p>
   </div>
   <div class='ocr_carea' id='block_1_6' title="bbox 483 2420 1860 3561">
    <p class='ocr_par' dir='ltr' id='par_1_11' title="bbox 541 2420 1813 2517">
     <span class='ocr_line' id='line_1_15' title="bbox 541 2420 1813 2517; baseline 0.002 -19"><span class='ocrx_word' id='word_1_142' title='bbox 541 2420 693 2501; x_wconf 82' lang='grc'>2047.</span> <span class='ocrx_word' id='word_1_143' title='bbox 1553 2452 1708 2517; x_wconf 61' lang='lat'><strong>1350,‘17</strong></span> <span class='ocrx_word' id='word_1_144' title='bbox 1724 2441 1813 2501; x_wconf 78' lang='grc' dir='ltr'><strong><em>αοίιί.</em></strong></span> 
     </span>
    </p>

    <p class='ocr_par' dir='ltr' id='par_1_12' title="bbox 483 2533 1860 3455">
     <span class='ocr_line' id='line_1_16' title="bbox 533 2533 1856 2625; baseline 0.003 -24"><span class='ocrx_word' id='word_1_145' title='bbox 533 2538 637 2622; x_wconf 82' lang='lat' dir='ltr'><strong>Supp.</strong></span> <span class='ocrx_word' id='word_1_146' title='bbox 664 2535 838 2613; x_wconf 85' lang='lat' dir='ltr'><strong>Johannes</strong></span> <span class='ocrx_word' id='word_1_147' title='bbox 862 2533 904 2598; x_wconf 91' lang='lat' dir='ltr'><strong>de</strong></span> <span class='ocrx_word' id='word_1_148' title='bbox 930 2534 1083 2614; x_wconf 89' lang='lat' dir='ltr'><strong>Bolonia,</strong></span> <span class='ocrx_word' id='word_1_149' title='bbox 1111 2534 1201 2599; x_wconf 93' lang='lat' dir='ltr'><strong>dom.</strong></span> <span class='ocrx_word' id='word_1_150' title='bbox 1222 2533 1264 2600; x_wconf 90' lang='lat' dir='ltr'><strong>de</strong></span> <span class='ocrx_word' id='word_1_151' title='bbox 1290 2533 1501 2619; x_wconf 86' lang='lat' dir='ltr'><strong>Mongascon</strong></span> <span class='ocrx_word' id='word_1_152' title='bbox 1522 2545 1541 2615; x_wconf 86' lang='lat'><strong>¹,</strong></span> <span class='ocrx_word' id='word_1_153' title='bbox 1558 2546 1651 2621; x_wconf 89' lang='lat' dir='ltr'><strong>quat.</strong></span> <span class='ocrx_word' id='word_1_154' title='bbox 1678 2538 1856 2625; x_wconf 89' lang='lat' dir='ltr'><strong>[Michaeli</strong></span> 
     </span>
     <span class='ocr_line' id='line_1_17' title="bbox 485 2636 1857 2726; baseline 0.001 -20"><span class='ocrx_word' id='word_1_155' title='bbox 485 2644 655 2722; x_wconf 88' lang='lat' dir='ltr'><strong>Dencart,</strong></span> <span class='ocrx_word' id='word_1_156' title='bbox 681 2638 882 2726; x_wconf 85' lang='lat' dir='ltr'><strong>presbitero]</strong></span> <span class='ocrx_word' id='word_1_157' title='bbox 914 2636 1081 2704; x_wconf 89' lang='lat' dir='ltr'><strong>Morinen.</strong></span> <span class='ocrx_word' id='word_1_158' title='bbox 1106 2638 1203 2718; x_wconf 72' lang='lat' dir='ltr'><strong>dioc,</strong></span> <span class='ocrx_word' id='word_1_159' title='bbox 1220 2637 1262 2703; x_wconf 91' lang='lat' dir='ltr'><strong>de</strong></span> <span class='ocrx_word' id='word_1_160' title='bbox 1278 2641 1354 2704; x_wconf 92' lang='lat' dir='ltr'><strong>ben.</strong></span> <span class='ocrx_word' id='word_1_161' title='bbox 1371 2640 1453 2704; x_wconf 92' lang='lat' dir='ltr'><strong>eccl.</strong></span> <span class='ocrx_word' id='word_1_162' title='bbox 1470 2660 1498 2704; x_wconf 94' lang='lat' dir='ltr'><strong>c.</strong></span> <span class='ocrx_word' id='word_1_163' title='bbox 1516 2660 1544 2704; x_wconf 94' lang='lat' dir='ltr'><strong>c.</strong></span> <span class='ocrx_word' id='word_1_164' title='bbox 1560 2643 1614 2706; x_wconf 88' lang='lat' dir='ltr'><strong>vel</strong></span> <span class='ocrx_word' id='word_1_165' title='bbox 1631 2663 1656 2707; x_wconf 95' lang='lat' dir='ltr'><strong>s.</strong></span> <span class='ocrx_word' id='word_1_166' title='bbox 1688 2664 1727 2722; x_wconf 93' lang='lat' dir='ltr'><strong>c.,</strong></span> <span class='ocrx_word' id='word_1_167' title='bbox 1755 2644 1857 2708; x_wconf 88' lang='lat' dir='ltr'><strong>etiam</strong></span> 
     </span>
     <span class='ocr_line' id='line_1_18' title="bbox 483 2742 1858 2834; baseline 0.002 -25"><span class='ocrx_word' id='word_1_168' title='bbox 483 2754 673 2834; x_wconf 88' lang='lat' dir='ltr'><strong>personatu</strong></span> <span class='ocrx_word' id='word_1_169' title='bbox 688 2747 743 2809; x_wconf 88' lang='lat' dir='ltr'><strong>vel</strong></span> <span class='ocrx_word' id='word_1_170' title='bbox 760 2744 872 2810; x_wconf 88' lang='lat' dir='ltr'><strong>officio</strong></span> <span class='ocrx_word' id='word_1_171' title='bbox 888 2751 947 2808; x_wconf 93' lang='lat' dir='ltr'><strong>aut</strong></span> <span class='ocrx_word' id='word_1_172' title='bbox 962 2742 1261 2822; x_wconf 89' lang='lat' dir='ltr'><strong>administratione,</strong></span> <span class='ocrx_word' id='word_1_173' title='bbox 1274 2751 1450 2828; x_wconf 89' lang='lat' dir='ltr'><strong>spectante</strong></span> <span class='ocrx_word' id='word_1_174' title='bbox 1467 2746 1690 2811; x_wconf 91' lang='lat' dir='ltr'><strong>communiter</strong></span> <span class='ocrx_word' id='word_1_175' title='bbox 1705 2749 1759 2810; x_wconf 88' lang='lat' dir='ltr'><strong>vel</strong></span> <span class='ocrx_word' id='word_1_176' title='bbox 1774 2747 1858 2812; x_wconf 82' lang='lat' dir='ltr'><strong>divi-</strong></span> 
     </span>
     <span class='ocr_line' id='line_1_19' title="bbox 484 2847 1858 2934; baseline -0.001 -16"><span class='ocrx_word' id='word_1_177' title='bbox 484 2853 555 2918; x_wconf 88' lang='lat' dir='ltr'><strong>sim</strong></span> <span class='ocrx_word' id='word_1_178' title='bbox 573 2850 616 2916; x_wconf 87' lang='lat' dir='ltr'><strong>ad</strong></span> <span class='ocrx_word' id='word_1_179' title='bbox 632 2850 878 2916; x_wconf 90' lang='lat' dir='ltr'><strong>collationem...</strong></span> <span class='ocrx_word' id='word_1_180' title='bbox 906 2848 1065 2933; x_wconf 83' lang='lat' dir='ltr'><strong>episcopi,</strong></span> <span class='ocrx_word' id='word_1_181' title='bbox 1081 2847 1201 2913; x_wconf 90' lang='lat' dir='ltr'><strong>decani</strong></span> <span class='ocrx_word' id='word_1_182' title='bbox 1217 2856 1252 2913; x_wconf 92' lang='lat' dir='ltr'><strong>et</strong></span> <span class='ocrx_word' id='word_1_183' title='bbox 1268 2848 1404 2934; x_wconf 88' lang='lat' dir='ltr'><strong>capituli</strong></span> <span class='ocrx_word' id='word_1_184' title='bbox 1431 2847 1701 2934; x_wconf 91' lang='lat' dir='ltr'><strong>singulorumque</strong></span> <span class='ocrx_word' id='word_1_185' title='bbox 1723 2852 1858 2916; x_wconf 88' lang='lat' dir='ltr'><strong>canoni-</strong></span> 
     </span>
     <span class='ocr_line' id='line_1_20' title="bbox 486 2951 1859 3040; baseline -0.001 -18"><span class='ocrx_word' id='word_1_186' title='bbox 486 2976 611 3022; x_wconf 90' lang='lat' dir='ltr'><strong>corum</strong></span> <span class='ocrx_word' id='word_1_187' title='bbox 626 2955 833 3034; x_wconf 79' lang='lat' dir='ltr'><strong>Atrebatem,</strong></span> <span class='ocrx_word' id='word_1_188' title='bbox 849 2974 924 3018; x_wconf 87' lang='lat' dir='ltr'><strong>vac.</strong></span> <span class='ocrx_word' id='word_1_189' title='bbox 941 2955 996 3017; x_wconf 84' lang='lat' dir='ltr'><strong>vel</strong></span> <span class='ocrx_word' id='word_1_190' title='bbox 1011 2960 1131 3033; x_wconf 72' lang='lat' dir='ltr'><strong>vacat,</strong></span> <span class='ocrx_word' id='word_1_191' title='bbox 1149 2951 1332 3037; x_wconf 91' lang='lat' dir='ltr'><strong>dignemini</strong></span> <span class='ocrx_word' id='word_1_192' title='bbox 1359 2952 1552 3038; x_wconf 88' lang='lat' dir='ltr'><strong>providere;</strong></span> <span class='ocrx_word' id='word_1_193' title='bbox 1579 2975 1647 3019; x_wconf 91' lang='lat' dir='ltr'><strong>non</strong></span> <span class='ocrx_word' id='word_1_194' title='bbox 1660 2957 1745 3021; x_wconf 90' lang='lat' dir='ltr'><strong>obst.</strong></span> <span class='ocrx_word' id='word_1_195' title='bbox 1769 2956 1859 3040; x_wconf 90' lang='lat' dir='ltr'><strong>quod</strong></span> 
     </span>
     <span class='ocr_line' id='line_1_21' title="bbox 486 3055 1859 3148; baseline -0.001 -22"><span class='ocrx_word' id='word_1_196' title='bbox 486 3058 650 3148; x_wconf 86' lang='lat' dir='ltr'><strong>parroch.</strong></span> <span class='ocrx_word' id='word_1_197' title='bbox 673 3058 850 3124; x_wconf 90' lang='lat' dir='ltr'><strong>ecclesiam</strong></span> <span class='ocrx_word' id='word_1_198' title='bbox 873 3057 916 3122; x_wconf 89' lang='lat' dir='ltr'><strong>de</strong></span> <span class='ocrx_word' id='word_1_199' title='bbox 945 3055 1104 3121; x_wconf 83' lang='lat' dir='ltr'><strong>Merkisia</strong></span> <span class='ocrx_word' id='word_1_200' title='bbox 1130 3076 1236 3141; x_wconf 92' lang='lat' dir='ltr'><strong>prope</strong></span> <span class='ocrx_word' id='word_1_201' title='bbox 1252 3055 1429 3137; x_wconf 90' lang='lat' dir='ltr'><strong>Calesium,</strong></span> <span class='ocrx_word' id='word_1_202' title='bbox 1452 3055 1543 3122; x_wconf 88' lang='lat' dir='ltr'><strong>dicte</strong></span> <span class='ocrx_word' id='word_1_203' title='bbox 1567 3055 1735 3124; x_wconf 88' lang='lat' dir='ltr'><strong>Morinen.</strong></span> <span class='ocrx_word' id='word_1_204' title='bbox 1762 3058 1859 3141; x_wconf 83' lang='lat' dir='ltr'><strong>dioc,</strong></span> 
     </span>
     <span class='ocr_line' id='line_1_22' title="bbox 488 3159 1860 3249; baseline 0 -21"><span class='ocrx_word' id='word_1_205' title='bbox 488 3186 560 3249; x_wconf 89' lang='lat' dir='ltr'><strong>que</strong></span> <span class='ocrx_word' id='word_1_206' title='bbox 577 3184 636 3248; x_wconf 94' lang='lat' dir='ltr'><strong>per</strong></span> <span class='ocrx_word' id='word_1_207' title='bbox 651 3163 812 3247; x_wconf 88' lang='lat' dir='ltr'><strong>Anglicos</strong></span> <span class='ocrx_word' id='word_1_208' title='bbox 822 3170 872 3226; x_wconf 92' lang='lat' dir='ltr'><strong>est</strong></span> <span class='ocrx_word' id='word_1_209' title='bbox 882 3161 1111 3246; x_wconf 89' lang='lat' dir='ltr'><strong>multipliciter</strong></span> <span class='ocrx_word' id='word_1_210' title='bbox 1123 3159 1467 3241; x_wconf 85' lang='lat' dir='ltr'><strong>devastata,noscitur</strong></span> <span class='ocrx_word' id='word_1_211' title='bbox 1474 3161 1625 3226; x_wconf 88' lang='lat' dir='ltr'><strong>obtinere</strong></span> <span class='ocrx_word' id='word_1_212' title='bbox 1630 3186 1638 3241; x_wconf 93' lang='lat'>;</span> <span class='ocrx_word' id='word_1_213' title='bbox 1653 3184 1754 3246; x_wconf 85' lang='lat' dir='ltr'><strong>quam</strong></span> <span class='ocrx_word' id='word_1_214' title='bbox 1767 3185 1860 3249; x_wconf 92' lang='lat' dir='ltr'><strong>para-</strong></span> 
     </span>
     <span class='ocr_line' id='line_1_23' title="bbox 489 3265 1860 3350; baseline -0.002 -16"><span class='ocrx_word' id='word_1_215' title='bbox 489 3281 549 3334; x_wconf 89' lang='lat' dir='ltr'><strong>tus</strong></span> <span class='ocrx_word' id='word_1_216' title='bbox 567 3277 618 3331; x_wconf 90' lang='lat' dir='ltr'><strong>est</strong></span> <span class='ocrx_word' id='word_1_217' title='bbox 634 3268 812 3346; x_wconf 87' lang='lat' dir='ltr'><strong>dimittere,</strong></span> <span class='ocrx_word' id='word_1_218' title='bbox 830 3287 907 3332; x_wconf 90' lang='lat' dir='ltr'><strong>cum</strong></span> <span class='ocrx_word' id='word_1_219' title='bbox 922 3266 1036 3349; x_wconf 83' lang='lat' dir='ltr'><strong>vigore</strong></span> <span class='ocrx_word' id='word_1_220' title='bbox 1053 3266 1146 3329; x_wconf 89' lang='lat' dir='ltr'><strong>istius</strong></span> <span class='ocrx_word' id='word_1_221' title='bbox 1161 3265 1266 3348; x_wconf 89' lang='lat' dir='ltr'><strong>gratie</strong></span> <span class='ocrx_word' id='word_1_222' title='bbox 1282 3266 1525 3350; x_wconf 88' lang='lat' dir='ltr'><strong>possessionem</strong></span> <span class='ocrx_word' id='word_1_223' title='bbox 1550 3267 1685 3331; x_wconf 88' lang='lat' dir='ltr'><strong>alterius</strong></span> <span class='ocrx_word' id='word_1_224' title='bbox 1708 3267 1860 3333; x_wconf 88' lang='lat' dir='ltr'><strong>beneficii</strong></span> 
     </span>
     <span class='ocr_line' id='line_1_24' title="bbox 489 3368 1425 3455; baseline -0.003 -17"><span class='ocrx_word' id='word_1_225' title='bbox 489 3371 605 3438; x_wconf 90' lang='lat' dir='ltr'><strong>curati</strong></span> <span class='ocrx_word' id='word_1_226' title='bbox 621 3372 761 3455; x_wconf 82' lang='lat' dir='ltr'><strong>pacifice</strong></span> <span class='ocrx_word' id='word_1_227' title='bbox 776 3371 874 3435; x_wconf 85' lang='lat' dir='ltr'><strong>fuerit</strong></span> <span class='ocrx_word' id='word_1_228' title='bbox 890 3380 1102 3435; x_wconf 90' lang='lat' dir='ltr'><strong>assecutus...</strong></span> <span class='ocrx_word' id='word_1_229' title='bbox 1128 3410 1171 3417; x_wconf 91' lang='lat'>—</span> <span class='ocrx_word' id='word_1_230' title='bbox 1196 3368 1272 3434; x_wconf 90' lang='lat' dir='ltr'><strong>Fiat</strong></span> <span class='ocrx_word' id='word_1_231' title='bbox 1295 3380 1361 3435; x_wconf 89' lang='lat' dir='ltr'><strong>etc.</strong></span> <span class='ocrx_word' id='word_1_232' title='bbox 1386 3370 1425 3435; x_wconf 90' lang='lat' dir='ltr'><strong>R.</strong></span> 
     </span>
    </p>

    <p class='ocr_par' dir='ltr' id='par_1_13' title="bbox 538 3475 1296 3561">
     <span class='ocr_line' id='line_1_25' title="bbox 538 3475 1296 3561; baseline -0.003 -21"><span class='ocrx_word' id='word_1_233' title='bbox 538 3477 622 3540; x_wconf 88' lang='lat' dir='ltr'><strong>Dat.</strong></span> <span class='ocrx_word' id='word_1_234' title='bbox 637 3476 738 3540; x_wconf 82' lang='lat' dir='ltr'><strong>Avin.</strong></span> <span class='ocrx_word' id='word_1_235' title='bbox 759 3482 795 3539; x_wconf 90' lang='lat'><strong>16</strong></span> <span class='ocrx_word' id='word_1_236' title='bbox 811 3475 877 3540; x_wconf 90' lang='lat' dir='ltr'><strong>kal.</strong></span> <span class='ocrx_word' id='word_1_237' title='bbox 901 3484 985 3561; x_wconf 88' lang='lat' dir='ltr'><strong>sept.</strong></span> <span class='ocrx_word' id='word_1_238' title='bbox 1002 3482 1035 3540; x_wconf 87' lang='lat' dir='ltr'><strong>a⁰</strong></span> <span class='ocrx_word' id='word_1_239' title='bbox 1052 3484 1094 3555; x_wconf 82' lang='lat'><strong>9⁰.</strong></span> <span class='ocrx_word' id='word_1_240' title='bbox 1111 3476 1187 3557; x_wconf 83' lang='lat'><strong>(20,</strong></span> <span class='ocrx_word' id='word_1_241' title='bbox 1209 3475 1296 3557; x_wconf 83' lang='lat'><strong>112).</strong></span> 
     </span>
    </p>
   </div>
   <div class='ocr_carea' id='block_1_7' title="bbox 545 3639 1817 3736">
    <p class='ocr_par' dir='ltr' id='par_1_14' title="bbox 545 3639 1817 3736">
     <span class='ocr_line' id='line_1_26' title="bbox 545 3639 1817 3736; baseline 0 -18"><span class='ocrx_word' id='word_1_242' title='bbox 545 3639 697 3721; x_wconf 77' lang='lat'><strong>2048·</strong></span> <span class='ocrx_word' id='word_1_243' title='bbox 1560 3673 1654 3736; x_wconf 73' lang='lat'><strong>1550,</strong></span> <span class='ocrx_word' id='word_1_244' title='bbox 1672 3671 1714 3736; x_wconf 83' lang='lat'><strong>17</strong></span> <span class='ocrx_word' id='word_1_245' title='bbox 1729 3659 1817 3719; x_wconf 69' lang='lat' dir='ltr'><strong>nott.</strong></span> 
     </span>
    </p>
   </div>
   <div class='ocr_carea' id='block_1_8' title="bbox 452 3755 1861 4989">
    <p class='ocr_par' dir='ltr' id='par_1_15' title="bbox 452 3755 1861 4989">
     <span class='ocr_line' id='line_1_27' title="bbox 452 3755 1861 3842; baseline 0.001 -22"><span class='ocrx_word' id='word_1_246' title='bbox 452 3766 457 3773; x_wconf 80' lang='lat'><strong><em>‘</em></strong></span> <span class='ocrx_word' id='word_1_247' title='bbox 537 3758 642 3841; x_wconf 85' lang='lat' dir='ltr'><strong>Supp.</strong></span> <span class='ocrx_word' id='word_1_248' title='bbox 675 3755 881 3820; x_wconf 85' lang='lat' dir='ltr'><strong>Godefredus</strong></span> <span class='ocrx_word' id='word_1_249' title='bbox 908 3756 949 3821; x_wconf 89' lang='lat' dir='ltr'><strong>de</strong></span> <span class='ocrx_word' id='word_1_250' title='bbox 973 3755 1125 3836; x_wconf 88' lang='lat' dir='ltr'><strong>Bolonia,</strong></span> <span class='ocrx_word' id='word_1_251' title='bbox 1150 3757 1246 3821; x_wconf 93' lang='lat' dir='ltr'><strong>miles</strong></span> <span class='ocrx_word' id='word_1_252' title='bbox 1268 3770 1289 3837; x_wconf 88' lang='lat'><strong>²,</strong></span> <span class='ocrx_word' id='word_1_253' title='bbox 1320 3765 1411 3841; x_wconf 91' lang='lat' dir='ltr'><strong>quat.</strong></span> <span class='ocrx_word' id='word_1_254' title='bbox 1445 3756 1581 3842; x_wconf 89' lang='lat' dir='ltr'><strong>[clerico</strong></span> <span class='ocrx_word' id='word_1_255' title='bbox 1612 3777 1672 3821; x_wconf 92' lang='lat' dir='ltr'><strong>suo</strong></span> <span class='ocrx_word' id='word_1_256' title='bbox 1702 3765 1736 3820; x_wconf 88' lang='lat' dir='ltr'><strong>et</strong></span> <span class='ocrx_word' id='word_1_257' title='bbox 1766 3758 1861 3822; x_wconf 86' lang='lat' dir='ltr'><strong>fami-</strong></span> 
     </span>
     <span class='ocr_line' id='line_1_28' title="bbox 491 3859 1859 3945; baseline -0.001 -19"><span class='ocrx_word' id='word_1_258' title='bbox 491 3862 568 3927; x_wconf 83' lang='lat' dir='ltr'><strong>liari</strong></span> <span class='ocrx_word' id='word_1_259' title='bbox 584 3860 735 3937; x_wconf 90' lang='lat' dir='ltr'><strong>Johanni</strong></span> <span class='ocrx_word' id='word_1_260' title='bbox 752 3860 912 3926; x_wconf 89' lang='lat' dir='ltr'><strong>Chatardi</strong></span> <span class='ocrx_word' id='word_1_261' title='bbox 929 3873 950 3940; x_wconf 86' lang='lat'><strong>³,</strong></span> <span class='ocrx_word' id='word_1_262' title='bbox 966 3862 1125 3945; x_wconf 89' lang='lat' dir='ltr'><strong>magistro</strong></span> <span class='ocrx_word' id='word_1_263' title='bbox 1151 3862 1184 3926; x_wconf 87' lang='lat' dir='ltr'><strong>in</strong></span> <span class='ocrx_word' id='word_1_264' title='bbox 1211 3869 1282 3940; x_wconf 71' lang='lat' dir='ltr'><strong>art,</strong></span> <span class='ocrx_word' id='word_1_265' title='bbox 1299 3860 1469 3944; x_wconf 87' lang='lat' dir='ltr'><strong>quondam</strong></span> <span class='ocrx_word' id='word_1_266' title='bbox 1486 3860 1627 3925; x_wconf 85' lang='lat' dir='ltr'><strong>Parisios</strong></span> <span class='ocrx_word' id='word_1_267' title='bbox 1643 3859 1806 3945; x_wconf 91' lang='lat' dir='ltr'><strong>studenti]</strong></span> <span class='ocrx_word' id='word_1_268' title='bbox 1827 3861 1859 3924; x_wconf 93' lang='lat' dir='ltr'><strong>in</strong></span> 
     </span>
     <span class='ocr_line' id='line_1_29' title="bbox 490 3962 1859 4050; baseline -0.001 -18"><span class='ocrx_word' id='word_1_269' title='bbox 490 3986 591 4032; x_wconf 85' lang='lat' dir='ltr'><strong>sacra</strong></span> <span class='ocrx_word' id='word_1_270' title='bbox 617 3965 750 4050; x_wconf 89' lang='lat' dir='ltr'><strong>pagina,</strong></span> <span class='ocrx_word' id='word_1_271' title='bbox 778 3964 820 4029; x_wconf 91' lang='lat' dir='ltr'><strong>de</strong></span> <span class='ocrx_word' id='word_1_272' title='bbox 847 3985 919 4030; x_wconf 89' lang='lat' dir='ltr'><strong>can.</strong></span> <span class='ocrx_word' id='word_1_273' title='bbox 936 3974 970 4030; x_wconf 94' lang='lat' dir='ltr'><strong>et</strong></span> <span class='ocrx_word' id='word_1_274' title='bbox 986 3968 1077 4050; x_wconf 89' lang='lat' dir='ltr'><strong>preb.</strong></span> <span class='ocrx_word' id='word_1_275' title='bbox 1105 3966 1246 4031; x_wconf 89' lang='lat' dir='ltr'><strong>ecclesie</strong></span> <span class='ocrx_word' id='word_1_276' title='bbox 1273 3966 1349 4031; x_wconf 93' lang='lat' dir='ltr'><strong>coll.</strong></span> <span class='ocrx_word' id='word_1_277' title='bbox 1376 3965 1407 4030; x_wconf 88' lang='lat' dir='ltr'><strong>S.</strong></span> <span class='ocrx_word' id='word_1_278' title='bbox 1432 3964 1583 4048; x_wconf 79' lang='lat' dir='ltr'><strong>Quintini</strong></span> <span class='ocrx_word' id='word_1_279' title='bbox 1610 3962 1859 4046; x_wconf 91' lang='lat' dir='ltr'><strong>Melbodiensis,</strong></span> 
     </span>
     <span class='ocr_line' id='line_1_30' title="bbox 492 4066 1859 4154; baseline 0.001 -20"><span class='ocrx_word' id='word_1_280' title='bbox 492 4070 714 4135; x_wconf 90' lang='lat' dir='ltr'><strong>Cameracen.</strong></span> <span class='ocrx_word' id='word_1_281' title='bbox 740 4068 837 4149; x_wconf 84' lang='lat' dir='ltr'><strong>dioc,</strong></span> <span class='ocrx_word' id='word_1_282' title='bbox 862 4088 937 4134; x_wconf 90' lang='lat' dir='ltr'><strong>vac.</strong></span> <span class='ocrx_word' id='word_1_283' title='bbox 964 4068 1135 4152; x_wconf 87' lang='lat' dir='ltr'><strong>quondam</strong></span> <span class='ocrx_word' id='word_1_284' title='bbox 1151 4089 1211 4154; x_wconf 94' lang='lat' dir='ltr'><strong>per</strong></span> <span class='ocrx_word' id='word_1_285' title='bbox 1237 4071 1291 4134; x_wconf 93' lang='lat' dir='ltr'><strong>ob.</strong></span> <span class='ocrx_word' id='word_1_286' title='bbox 1316 4066 1444 4133; x_wconf 89' lang='lat' dir='ltr'><strong>Nicasii</strong></span> <span class='ocrx_word' id='word_1_287' title='bbox 1466 4068 1508 4133; x_wconf 90' lang='lat' dir='ltr'><strong>de</strong></span> <span class='ocrx_word' id='word_1_288' title='bbox 1525 4068 1751 4133; x_wconf 89' lang='lat' dir='ltr'><strong>Wanvrechin</strong></span> <span class='ocrx_word' id='word_1_289' title='bbox 1764 4084 1786 4149; x_wconf 85' lang='lat'><strong>⁴,</strong></span> <span class='ocrx_word' id='word_1_290' title='bbox 1803 4071 1859 4154; x_wconf 91' lang='lat' dir='ltr'><strong>qui</strong></span> 
     </span>
     <span class='ocr_line' id='line_1_31' title="bbox 493 4172 1860 4258; baseline 0 -19"><span class='ocrx_word' id='word_1_291' title='bbox 493 4183 592 4239; x_wconf 85' lang='lat' dir='ltr'><strong>extra</strong></span> <span class='ocrx_word' id='word_1_292' title='bbox 621 4172 720 4238; x_wconf 92' lang='lat' dir='ltr'><strong>Rom.</strong></span> <span class='ocrx_word' id='word_1_293' title='bbox 745 4174 872 4238; x_wconf 88' lang='lat' dir='ltr'><strong>curiam</strong></span> <span class='ocrx_word' id='word_1_294' title='bbox 896 4173 1049 4252; x_wconf 90' lang='lat' dir='ltr'><strong>decessit,</strong></span> <span class='ocrx_word' id='word_1_295' title='bbox 1075 4194 1115 4238; x_wconf 88' lang='lat' dir='ltr'><strong>eo</strong></span> <span class='ocrx_word' id='word_1_296' title='bbox 1142 4174 1234 4258; x_wconf 90' lang='lat' dir='ltr'><strong>quod</strong></span> <span class='ocrx_word' id='word_1_297' title='bbox 1260 4180 1339 4238; x_wconf 91' lang='lat' dir='ltr'><strong>ante</strong></span> <span class='ocrx_word' id='word_1_298' title='bbox 1367 4173 1438 4256; x_wconf 89' lang='lat' dir='ltr'><strong>ejus</strong></span> <span class='ocrx_word' id='word_1_299' title='bbox 1465 4175 1519 4237; x_wconf 92' lang='lat' dir='ltr'><strong>ob.</strong></span> <span class='ocrx_word' id='word_1_300' title='bbox 1534 4172 1642 4238; x_wconf 82' lang='lat' dir='ltr'><strong>fuerat</strong></span> <span class='ocrx_word' id='word_1_301' title='bbox 1664 4174 1734 4237; x_wconf 89' lang='lat' dir='ltr'><strong>sedi</strong></span> <span class='ocrx_word' id='word_1_302' title='bbox 1751 4182 1860 4258; x_wconf 80' lang='lat' dir='ltr'><strong>apost</strong></span> 
     </span>
     <span class='ocr_line' id='line_1_32' title="bbox 493 4276 1859 4361; baseline -0.001 -17"><span class='ocrx_word' id='word_1_303' title='bbox 493 4285 676 4357; x_wconf 88' lang='lat' dir='ltr'><strong>reservata,</strong></span> <span class='ocrx_word' id='word_1_304' title='bbox 700 4298 758 4342; x_wconf 91' lang='lat' dir='ltr'><strong>seu</strong></span> <span class='ocrx_word' id='word_1_305' title='bbox 782 4277 848 4342; x_wconf 90' lang='lat' dir='ltr'><strong>alio</strong></span> <span class='ocrx_word' id='word_1_306' title='bbox 875 4278 994 4359; x_wconf 91' lang='lat' dir='ltr'><strong>quovis</strong></span> <span class='ocrx_word' id='word_1_307' title='bbox 1020 4277 1123 4342; x_wconf 92' lang='lat' dir='ltr'><strong>modo</strong></span> <span class='ocrx_word' id='word_1_308' title='bbox 1148 4278 1182 4340; x_wconf 94' lang='lat' dir='ltr'><strong>in</strong></span> <span class='ocrx_word' id='word_1_309' title='bbox 1211 4278 1300 4342; x_wconf 86' lang='lat' dir='ltr'><strong>curia</strong></span> <span class='ocrx_word' id='word_1_310' title='bbox 1329 4276 1514 4357; x_wconf 86' lang='lat' dir='ltr'><strong>vacaverit,</strong></span> <span class='ocrx_word' id='word_1_311' title='bbox 1542 4276 1652 4342; x_wconf 91' lang='lat' dir='ltr'><strong>eidem</strong></span> <span class='ocrx_word' id='word_1_312' title='bbox 1677 4276 1859 4361; x_wconf 87' lang='lat' dir='ltr'><strong>dignemini</strong></span> 
     </span>
     <span class='ocr_line' id='line_1_33' title="bbox 494 4380 1860 4470; baseline -0.002 -22"><span class='ocrx_word' id='word_1_313' title='bbox 494 4381 672 4470; x_wconf 83' lang='lat' dir='ltr'><strong>providere</strong></span> <span class='ocrx_word' id='word_1_314' title='bbox 690 4402 766 4447; x_wconf 92' lang='lat' dir='ltr'><strong>cum</strong></span> <span class='ocrx_word' id='word_1_315' title='bbox 782 4380 991 4466; x_wconf 88' lang='lat' dir='ltr'><strong>plenitudine</strong></span> <span class='ocrx_word' id='word_1_316' title='bbox 1004 4381 1086 4465; x_wconf 87' lang='lat' dir='ltr'><strong>juris</strong></span> <span class='ocrx_word' id='word_1_317' title='bbox 1102 4381 1255 4446; x_wconf 90' lang='lat' dir='ltr'><strong>canonici</strong></span> <span class='ocrx_word' id='word_1_318' title='bbox 1272 4388 1306 4445; x_wconf 88' lang='lat' dir='ltr'><strong>et</strong></span> <span class='ocrx_word' id='word_1_319' title='bbox 1322 4381 1477 4445; x_wconf 92' lang='lat' dir='ltr'><strong>omnibus</strong></span> <span class='ocrx_word' id='word_1_320' title='bbox 1493 4380 1568 4445; x_wconf 91' lang='lat' dir='ltr'><strong>aliis</strong></span> <span class='ocrx_word' id='word_1_321' title='bbox 1594 4381 1660 4446; x_wconf 90' lang='lat' dir='ltr'><strong>suis</strong></span> <span class='ocrx_word' id='word_1_322' title='bbox 1683 4381 1810 4465; x_wconf 90' lang='lat' dir='ltr'><strong>juribus</strong></span> <span class='ocrx_word' id='word_1_323' title='bbox 1826 4390 1860 4445; x_wconf 89' lang='lat' dir='ltr'><strong>et</strong></span> 
     </span>
     <span class='ocr_line' id='line_1_34' title="bbox 495 4484 1861 4573; baseline -0.002 -21"><span class='ocrx_word' id='word_1_324' title='bbox 495 4485 711 4573; x_wconf 86' lang='lat' dir='ltr'><strong>pertinentiis</strong></span> <span class='ocrx_word' id='word_1_325' title='bbox 737 4486 899 4550; x_wconf 90' lang='lat' dir='ltr'><strong>universis</strong></span> <span class='ocrx_word' id='word_1_326' title='bbox 911 4508 920 4563; x_wconf 90' lang='lat'>;</span> <span class='ocrx_word' id='word_1_327' title='bbox 946 4506 1015 4550; x_wconf 92' lang='lat' dir='ltr'><strong>non</strong></span> <span class='ocrx_word' id='word_1_328' title='bbox 1043 4488 1128 4550; x_wconf 89' lang='lat' dir='ltr'><strong>obst.</strong></span> <span class='ocrx_word' id='word_1_329' title='bbox 1154 4485 1244 4569; x_wconf 92' lang='lat' dir='ltr'><strong>quod</strong></span> <span class='ocrx_word' id='word_1_330' title='bbox 1271 4507 1375 4551; x_wconf 90' lang='lat' dir='ltr'><strong>unum</strong></span> <span class='ocrx_word' id='word_1_331' title='bbox 1399 4484 1600 4550; x_wconf 89' lang='lat' dir='ltr'><strong>beneficium</strong></span> <span class='ocrx_word' id='word_1_332' title='bbox 1615 4506 1641 4550; x_wconf 77' lang='lat' dir='ltr'><strong>S.</strong></span> <span class='ocrx_word' id='word_1_333' title='bbox 1658 4506 1686 4551; x_wconf 94' lang='lat' dir='ltr'><strong>c.</strong></span> <span class='ocrx_word' id='word_1_334' title='bbox 1705 4506 1744 4570; x_wconf 88' lang='lat'><strong>34</strong></span> <span class='ocrx_word' id='word_1_335' title='bbox 1761 4486 1861 4550; x_wconf 88' lang='lat' dir='ltr'><strong>libras</strong></span> 
     </span>
     <span class='ocr_line' id='line_1_35' title="bbox 498 4589 1861 4670; baseline -0.001 -15"><span class='ocrx_word' id='word_1_336' title='bbox 498 4590 613 4670; x_wconf 80' lang='lat' dir='ltr'><strong>Paris,</strong></span> <span class='ocrx_word' id='word_1_337' title='bbox 629 4590 813 4655; x_wconf 90' lang='lat' dir='ltr'><strong>secundum</strong></span> <span class='ocrx_word' id='word_1_338' title='bbox 829 4590 960 4655; x_wconf 89' lang='lat' dir='ltr'><strong>decime</strong></span> <span class='ocrx_word' id='word_1_339' title='bbox 976 4590 1195 4670; x_wconf 87' lang='lat' dir='ltr'><strong>taxationem,</strong></span> <span class='ocrx_word' id='word_1_340' title='bbox 1212 4611 1281 4655; x_wconf 93' lang='lat' dir='ltr'><strong>non</strong></span> <span class='ocrx_word' id='word_1_341' title='bbox 1297 4590 1472 4670; x_wconf 87' lang='lat' dir='ltr'><strong>excedens,</strong></span> <span class='ocrx_word' id='word_1_342' title='bbox 1496 4590 1650 4655; x_wconf 89' lang='lat' dir='ltr'><strong>obtineat</strong></span> <span class='ocrx_word' id='word_1_343' title='bbox 1666 4611 1706 4655; x_wconf 88' lang='lat' dir='ltr'><strong>ac</strong></span> <span class='ocrx_word' id='word_1_344' title='bbox 1722 4589 1764 4655; x_wconf 92' lang='lat' dir='ltr'><strong>ad</strong></span> <span class='ocrx_word' id='word_1_345' title='bbox 1779 4589 1861 4655; x_wconf 92' lang='lat' dir='ltr'><strong>duas</strong></span> 
     </span>
     <span class='ocr_line' id='line_1_36' title="bbox 500 4693 1861 4780; baseline -0.001 -20"><span class='ocrx_word' id='word_1_346' title='bbox 500 4695 696 4760; x_wconf 88' lang='lat' dir='ltr'><strong>collationes</strong></span> <span class='ocrx_word' id='word_1_347' title='bbox 719 4695 821 4760; x_wconf 91' lang='lat' dir='ltr'><strong>etiam</strong></span> <span class='ocrx_word' id='word_1_348' title='bbox 848 4696 892 4761; x_wconf 89' lang='lat' dir='ltr'><strong>sit</strong></span> <span class='ocrx_word' id='word_1_349' title='bbox 916 4704 1107 4780; x_wconf 89' lang='lat' dir='ltr'><strong>expectans,</strong></span> <span class='ocrx_word' id='word_1_350' title='bbox 1135 4695 1217 4760; x_wconf 88' lang='lat' dir='ltr'><strong>alias</strong></span> <span class='ocrx_word' id='word_1_351' title='bbox 1255 4696 1289 4760; x_wconf 91' lang='lat' dir='ltr'><strong>in</strong></span> <span class='ocrx_word' id='word_1_352' title='bbox 1319 4704 1430 4760; x_wconf 89' lang='lat' dir='ltr'><strong>vestra</strong></span> <span class='ocrx_word' id='word_1_353' title='bbox 1460 4693 1732 4760; x_wconf 83' lang='lat' dir='ltr'><strong>vicecancellaria</strong></span> <span class='ocrx_word' id='word_1_354' title='bbox 1763 4693 1861 4758; x_wconf 85' lang='lat' dir='ltr'><strong>latius</strong></span> 
     </span>
     <span class='ocr_line' id='line_1_37' title="bbox 502 4800 992 4866; baseline 0.004 -2"><span class='ocrx_word' id='word_1_355' title='bbox 502 4800 758 4865; x_wconf 89' lang='lat' dir='ltr'><strong>declarandas...</strong></span> <span class='ocrx_word' id='word_1_356' title='bbox 784 4842 827 4849; x_wconf 88' lang='lat'><strong>-—</strong></span> <span class='ocrx_word' id='word_1_357' title='bbox 851 4801 928 4866; x_wconf 89' lang='lat' dir='ltr'><strong>Fiat</strong></span> <span class='ocrx_word' id='word_1_358' title='bbox 952 4800 992 4866; x_wconf 91' lang='lat' dir='ltr'><strong>R.</strong></span> 
     </span>
     <span class='ocr_line' id='line_1_38' title="bbox 545 4903 1307 4989; baseline 0 -22"><span class='ocrx_word' id='word_1_359' title='bbox 545 4904 622 4969; x_wconf 89' lang='lat' dir='ltr'><strong>Dat.</strong></span> <span class='ocrx_word' id='word_1_360' title='bbox 638 4904 738 4969; x_wconf 83' lang='lat' dir='ltr'><strong>Avin.</strong></span> <span class='ocrx_word' id='word_1_361' title='bbox 759 4909 795 4969; x_wconf 93' lang='lat'><strong>16</strong></span> <span class='ocrx_word' id='word_1_362' title='bbox 812 4903 878 4970; x_wconf 88' lang='lat' dir='ltr'><strong>kal.</strong></span> <span class='ocrx_word' id='word_1_363' title='bbox 894 4914 978 4989; x_wconf 93' lang='lat' dir='ltr'><strong>sept.</strong></span> <span class='ocrx_word' id='word_1_364' title='bbox 996 4918 1030 4970; x_wconf 85' lang='lat' dir='ltr'><strong>a⁰</strong></span> <span class='ocrx_word' id='word_1_365' title='bbox 1046 4919 1091 4985; x_wconf 89' lang='lat'><strong>90.</strong></span> <span class='ocrx_word' id='word_1_366' title='bbox 1109 4906 1185 4987; x_wconf 86' lang='grc'>(20,</span> <span class='ocrx_word' id='word_1_367' title='bbox 1207 4904 1307 4986; x_wconf 64' lang='lat' dir='ltr'><strong>112l).</strong></span> 
     </span>
    </p>
   </div>
   <div class='ocr_carea' id='block_1_9' title="bbox 538 5211 1798 5274">
    <p class='ocr_par' dir='ltr' id='par_1_16' title="bbox 538 5211 1798 5274">
     <span class='ocr_line' id='line_1_39' title="bbox 538 5211 1798 5274; baseline -0.002 -12"><span class='ocrx_word' id='word_1_368' title='bbox 538 5218 556 5264; x_wconf 91' lang='lat' dir='ltr'><strong>l.</strong></span> <span class='ocrx_word' id='word_1_369' title='bbox 568 5217 628 5266; x_wconf 73' lang='lat' dir='ltr'><strong>l&#39;oir</strong></span> <span class='ocrx_word' id='word_1_370' title='bbox 639 5232 663 5266; x_wconf 89' lang='lat' dir='ltr'><strong>n.</strong></span> <span class='ocrx_word' id='word_1_371' title='bbox 677 5218 748 5266; x_wconf 76' lang='lat'><strong>1403.</strong></span> <span class='ocrx_word' id='word_1_372' title='bbox 760 5243 791 5253; x_wconf 92' lang='lat'>-</span> <span class='ocrx_word' id='word_1_373' title='bbox 803 5218 826 5265; x_wconf 83' lang='lat'><strong>2.</strong></span> <span class='ocrx_word' id='word_1_374' title='bbox 841 5216 900 5263; x_wconf 79' lang='lat' dir='ltr'><strong>l&#39;oir</strong></span> <span class='ocrx_word' id='word_1_375' title='bbox 913 5231 936 5264; x_wconf 92' lang='lat' dir='ltr'><strong>n.</strong></span> <span class='ocrx_word' id='word_1_376' title='bbox 949 5218 1004 5273; x_wconf 74' lang='lat'><strong>955,</strong></span> <span class='ocrx_word' id='word_1_377' title='bbox 1020 5218 1089 5265; x_wconf 81' lang='grc'>1000,</span> <span class='ocrx_word' id='word_1_378' title='bbox 1102 5242 1134 5252; x_wconf 90' lang='grc'><strong>-</strong></span> <span class='ocrx_word' id='word_1_379' title='bbox 1151 5218 1174 5263; x_wconf 88' lang='grc'><strong>3.</strong></span> <span class='ocrx_word' id='word_1_380' title='bbox 1188 5213 1293 5274; x_wconf 84' lang='lat' dir='ltr'><strong>Denlflc,</strong></span> <span class='ocrx_word' id='word_1_381' title='bbox 1311 5214 1406 5274; x_wconf 64' lang='lat' dir='ltr'><strong>Citari,</strong></span> <span class='ocrx_word' id='word_1_382' title='bbox 1419 5213 1454 5271; x_wconf 91' lang='lat' dir='ltr'><strong>ll,</strong></span> <span class='ocrx_word' id='word_1_383' title='bbox 1467 5214 1523 5262; x_wconf 76' lang='lat'><strong>6³4.</strong></span> <span class='ocrx_word' id='word_1_384' title='bbox 1536 5239 1569 5249; x_wconf 90' lang='lat'><em>-</em></span> <span class='ocrx_word' id='word_1_385' title='bbox 1580 5213 1605 5262; x_wconf 76' lang='lat' dir='ltr'><strong>l.</strong></span> <span class='ocrx_word' id='word_1_386' title='bbox 1617 5212 1678 5260; x_wconf 83' lang='lat' dir='ltr'><strong>Voir</strong></span> <span class='ocrx_word' id='word_1_387' title='bbox 1689 5226 1716 5260; x_wconf 90' lang='lat' dir='ltr'><strong>n.</strong></span> <span class='ocrx_word' id='word_1_388' title='bbox 1729 5211 1798 5260; x_wconf 74' lang='lat'><strong>1844.</strong></span> 
     </span>
    </p>
   </div>
   <div class='ocr_carea' id='block_1_10' title="bbox 0 0 2359 6052">
    <p class='ocr_par' dir='ltr' id='par_1_17' title="bbox 0 0 2359 6052">
     <span class='ocr_line' id='line_1_40' title="bbox 0 0 2359 6052; baseline 0 0"><span class='ocrx_word' id='word_1_389' title='bbox 0 0 2359 6052; x_wconf 95' lang='lat' dir='ltr'><strong> </strong></span> 
     </span>
    </p>
   </div>
  </div>
 </body>
</html>
