4650 6059
953 789 1041 866 1844,
1065 789 1117 854 2·7
1137 807 1227 858 mara
1716 795 1775 861 157

414 939 593 1025 pertinebat
607 945 645 1004 et
660 937 812 1024 pertinet
825 937 870 1006 ad
883 959 996 1025 regem
1017 939 1138 1024 Anglie
1159 948 1195 1006 et
1213 940 1241 1007 si
1264 941 1348 1007 alias
1369 941 1491 1010 viderit
1513 943 1671 1030 expedire
1687 954 1706 1009 ¹.
1731 944 1774 1014 R.

363 1127 364 1138 ἵ
448 1043 525 1110 Dat.
540 1061 598 1129 ap.
614 1040 872 1109 villamnovam
889 1044 908 1109 8
924 1041 992 1109 kal.
1007 1051 1107 1110 mart.
1123 1050 1158 1109 a⁰
1175 1051 1217 1110 2⁰.
1234 1045 1287 1129 (4,
1304 1045 1395 1130 219).

453 1179 563 1264 672.
1470 1215 1565 1280 1344,
1582 1217 1602 1260 a
1626 1219 1729 1263 mars.

447 1299 501 1365 S*
514 1299 628 1366 Pater.
639 1297 694 1363 Ex
705 1295 917 1363 ordinatione
929 1317 1036 1383 nuper
1047 1295 1136 1363 facta
1147 1317 1207 1384 per
1218 1296 1290 1364 dec.
1306 1306 1342 1364 et
1353 1298 1538 1384 capitulum
1553 1298 1775 1366 Tomacensis

410 1404 495 1484 eccl,
511 1403 547 1468 in
564 1423 632 1488 qua
655 1400 784 1468 dudum
806 1399 914 1467 fuistis
940 1400 1121 1468 canonicus
1147 1404 1239 1487 preb.
1267 1411 1302 1467 et
1328 1401 1582 1468 archidiaconus
1597 1413 1617 1484 ²,
1645 1412 1680 1479 et
1709 1425 1774 1489 que

407 1508 446 1573 de
468 1527 618 1594 persona
641 1513 755 1571 vestra
776 1505 956 1593 plurimum
978 1506 1101 1573 meruit
1122 1506 1292 1588 honorari,
1314 1505 1357 1573 ad
1379 1506 1513 1572 laudem
1536 1506 1616 1585 Jesu
1640 1507 1775 1590 Christi,

408 1610 629 1698 redemptoris
644 1609 760 1691 nostri,
772 1617 808 1675 et
822 1608 1058 1694 gloriosissime
1073 1607 1218 1694 Virginis
1229 1609 1399 1695 genitricis
1410 1630 1479 1692 sue,
1492 1610 1526 1676 in
1536 1611 1629 1697 cujus
1638 1613 1775 1679 nomine

407 1725 438 1780 et
462 1715 597 1782 honore
620 1711 751 1800 prefata
778 1711 919 1780 fundata
944 1720 995 1778 est
1019 1711 1172 1793 ecclesia,
1199 1711 1337 1798 singulis
1362 1713 1518 1795 sabbatis,
1538 1713 1704 1782 inchoatis
1730 1716 1775 1782 ibi

407 1819 554 1906 vesperis
569 1816 673 1906 ipsius
694 1814 735 1883 B.
751 1813 805 1898 V.,·
817 1816 969 1903 pulsatur
993 1837 1118 1903 magna
1143 1837 1311 1903 campana
1325 1825 1450 1890 vocata
1474 1817 1595 1900 Maria,
1613 1826 1649 1884 et
1674 1840 1776 1886 cano·

406 1922 481 2003 uici,
509 1919 681 2008 capellani
708 1919 879 2004 ceterique
905 1919 1045 1987 chorum
1072 1920 1175 2007 ipsius
1200 1921 1342 1988 ecclesie
1368 1921 1620 2007 frequentantes
1642 1942 1775 2009 proces·

405 2025 582 2093 sionaliter
603 2022 773 2092 accedunt
802 2030 884 2090 aute
914 2023 1107 2109 ymaginem
1133 2023 1236 2111 ipsius
1261 2025 1483 2092 sacratissime
1516 2025 1652 2110 virginis
1680 2035 1776 2096 extra

405 2129 548 2196 chorum
566 2127 780 2208 existentem,
794 2133 831 2192 et
851 2126 1012 2193 inchoata
1027 2126 1071 2191 ibi
1088 2126 1183 2193 flexis
1197 2128 1336 2213 genibus
1351 2137 1386 2195 et
1408 2128 1638 2215 sollempniter
1651 2132 1776 2197 decan-

403 2243 476 2298 tata
500 2229 693 2319 antiphona
715 2227 816 2295 Salve
830 2229 962 2318 Regina
977 2229 1137 2315 dictaque
1152 2251 1220 2297 una
1242 2233 1386 2301 collecta
1400 2240 1423 2315 ¹²,
1439 2232 1598 2319 incipitur
1609 2234 1674 2300 alia
1689 2236 1777 2305 anti·

405 2336 519 2423 phona
531 2333 643 2401 Alma
665 2333 896 2421 Redemptoris
912 2332 1029 2399 Mater
1043 2342 1079 2400 et
1094 2334 1128 2399 in
1143 2355 1292 2420 regressu
1317 2335 1360 2401 ad
1384 2336 1524 2402 chorum
1548 2335 1777 2422 sollempniter

404 2441 618 2521 demutatur,
633 2447 669 2505 et
682 2446 722 2504 ut
737 2436 905 2505 ordinatio
927 2437 1118 2524 hujusmodi
1142 2438 1334 2525 diligentius
1360 2440 1555 2504 observetur
1569 2447 1661 2506 certa
1676 2457 1778 2524 pecu·

406 2545 460 2609 nia
478 2563 542 2630 pro
557 2541 749 2631 pulsatione
761 2561 926 2629 campane
942 2549 977 2608 et
992 2542 1166 2609 canonicis
1187 2551 1223 2609 et
1238 2541 1312 2608 aliis
1327 2541 1466 2610 chorum
1487 2542 1777 2628 frequentantibus

405 2661 488 2714 tunc
504 2647 551 2714 rbi
565 2645 779 2735 presentibus
803 2645 968 2728 tribuitur,
984 2654 1122 2733 propter
1147 2666 1213 2731 que
1236 2668 1278 2711 ex
1304 2667 1395 2712 nunc
1421 2646 1478 2712 illa
1493 2646 1577 2718 hora
1603 2645 1671 2712 fere
1686 2653 1777 2712 totus

405 2750 553 2838 populus
567 2748 756 2816 Tornacen.
766 2748 800 2813 in
816 2747 909 2814 dicta
920 2749 1062 2816 ecclesia
1078 2758 1311 2836 congregatur.
1327 2749 1440 2834 Quare
1455 2770 1551 2837 supp.
1562 2750 1594 2815 S.
1610 2748 1650 2815 V.
1667 2749 1776 2815 eidem

406 2855 479 2922 dec.
494 2861 532 2920 et
548 2873 636 2940 cap,
651 2861 744 2938 quat.
754 2851 900 2937 aliquam
915 2851 1160 2938 indulgentiam
1176 2873 1279 2938 perp,
1292 2852 1335 2918 de
1352 2873 1418 2936 qua
1435 2851 1544 2918 eidem
1557 2852 1589 2917 S.
1601 2851 1775 2951 placuqrit,

407 2957 565 3024 omnibus
575 2977 656 3023 vere
670 2955 900 3043 penitentibus
914 2963 950 3021 et
971 2955 1132 3023 confessis
1157 2963 1194 3023 et
1219 2955 1263 3024 ad
1286 2956 1412 3023 dictam
1436 2956 1613 3023 ecclesiam
1636 2955 1670 3020 in
1685 2954 1777 3021 dicta

408 3062 489 3130 hora
503 3059 755 3129 confluentibus
768 3067 805 3128 et
825 3059 1036 3146 presentibus
1060 3059 1247 3128 concedere
1273 3059 1466 3145 dignemini,
1482 3047 1520 3126 ut
1542 3068 1673 3125 crescat
1695 3057 1775 3124 inibi

409 3166 522 3253 populi
534 3164 685 3244 devotio,
702 3172 897 3250 procuretur
912 3165 1000 3230 salus
1016 3164 1204 3229 animarum
1219 3173 1254 3229 et
1270 3184 1331 3250 pro
1348 3164 1443 3229 vobis
1465 3173 1627 3249 perpetua
1643 3163 1686 3226 ibi
1703 3163 1776 3227 furr-

410 3272 503 3338 datur
517 3270 630 3338 oratio
645 3269 821 3336 Salvatori.
837 3309 881 3320 -
905 3268 982 3334 Fiat
997 3269 1039 3334 de
1059 3290 1119 3334 100
1134 3269 1251 3335 diebus
1263 3269 1296 3334 iu
1309 3268 1459 3353 quolibet
1475 3270 1615 3333 sabbato
1633 3266 1672 3332 R.
1687 3304 1719 3318 -
1740 3276 1775 3334 et

413 3377 450 3441 sit
463 3384 631 3463 perpetuo
646 3373 805 3440 duratura
821 3372 862 3438 R.

454 3480 534 3546 Dat.
551 3499 607 3565 ap.
624 3476 871 3543 villamnovam
889 3481 907 3541 6
924 3497 1004 3542 non.
1021 3486 1117 3542 mart.
1134 3485 1168 3542 a⁰
1188 3484 1229 3541 2⁰.
1247 3479 1299 3560 (4,
1317 3478 1410 3560 229l')

363 3657 364 3664 ¹
460 3616 1731 3712 673.134,r,7mars‚

363 3723 365 3802 i
454 3736 556 3822 Supp.
573 3733 757 3814 Johannes,
773 3733 874 3819 episc.
892 3731 1083 3812 Forlivien,
1099 3740 1110 3776 ³
1125 3740 1216 3816 quat.
1244 3732 1391 3818 [Jacobo
1418 3732 1459 3797 de
1484 3732 1620 3798 Codolis
1635 3744 1655 3812 ⁴,
1683 3731 1773 3818 dec]

420 3840 490 3905 eccl.
508 3837 548 3903 B.
562 3836 613 3903 M.
625 3837 838 3922 Tongrensis,
854 3835 1016 3902 Leodien.
1040 3835 1139 3917 dioc,
1155 3836 1211 3921 qui
1228 3836 1290 3901 sibi
1307 3837 1340 3900 in
1356 3837 1522 3920 legatione
1546 3837 1725 3902 commissa
1742 3836 1775 3898 in

420 3945 558 4026 partibus
574 3941 736 4008 Leodien.
752 3949 788 4007 et
804 3939 983 4006 Brabantie
1007 3941 1149 4006 fideliter
1176 3951 1210 4005 et
1237 3940 1361 4005 devote
1388 3940 1534 4020 servivit,
1551 3948 1585 4003 et
1610 3960 1677 4004 non
1705 3938 1776 4002 sine

421 4048 540 4134 magnis
570 4045 739 4112 laboribus
768 4052 804 4110 et
837 4046 1002 4131 expensis
1018 4048 1095 4111 ben.
1113 4046 1195 4110 eccl.
1219 4066 1247 4110 c.
1266 4065 1294 4110 c.
1325 4044 1378 4109 vel
1395 4065 1420 4110 s.
1437 4065 1476 4124 c,
1493 4044 1596 4108 etiam
1618 4043 1644 4107 si
1675 4043 1776 4127 dign,

422 4169 493 4233 pers.
519 4152 577 4216 vel
604 4150 661 4217 off.
688 4149 822 4231 existat,
849 4149 894 4215 ad
920 4150 1007 4228 coll,
1026 4157 1102 4229 etc,
1130 4149 1242 4234 episc,
1267 4148 1415 4233 capituli,
1436 4167 1476 4212 ac
1503 4166 1776 4230 quorumcunque

365 4161 374 4420 ἱ
423 4257 627 4337 prelatorum,
642 4273 702 4319 seu
717 4254 944 4339 cujuscunque
971 4253 1107 4318 alterius
1123 4253 1185 4318 civ.
1197 4261 1232 4319 et
1258 4251 1345 4317 dioc.
1367 4249 1538 4330 Leodien.,
1554 4249 1778 4316 communiter

424 4361 465 4423 vel
479 4358 624 4438 divisim,
643 4356 732 4444 [vac.
747 4357 802 4421 vel
817 4355 959 4442 vacat.],
976 4355 1215 4421 conferendum
1241 4355 1360 4435 eidem,
1383 4354 1566 4438 dignemini
1583 4374 1751 4419 reservare
1768 4377 1776 4433 ;

448 4549 472 4600 ai
488 4545 545 4593 (ld.
559 4543 669 4593 t'oiiota.

370 4693 373 4804 Ι
449 4715 468 4762 l.
480 4715 516 4763 he
526 4715 556 4763 21
572 4712 718 4776 septembre
730 4713 793 4761 1³47
804 4712 830 4761 la
848 4711 932 4762 meme
944 4715 1057 4776 paroisse
1068 4713 1101 4761 «lc
1113 4712 1213 4760 Firulen
1226 4712 1268 4759 fut
1290 4709 1412 4759 nillicitdc
1433 4725 1479 4773 par
1500 4711 1618 4773 l'abbayu
1630 4711 1778 4758 norbertine

370 4809 374 4876 Ι
425 4786 576 4844 «ieCnrxton,
588 4802 623 4836 au
634 4785 736 4836 diocese
746 4786 779 4835 de
790 4787 907 4846 Lincoln,
920 4794 954 4847 ct,
967 4802 1032 4850 pour
1050 4787 1205 4835 ‹lesraisons
1223 4785 1374 4845 idemque,
1392 4784 1441 4832 elle
1453 4784 1489 4831 lui
1502 4785 1544 4831 fut
1556 4783 1677 4832 accrmlee
1690 4785 1777 4846 (Blim.

427 4858 541 4918 Parnm
560 4861 582 4916 1,
596 4861 644 4910 lar
656 4876 662 4918 ;
674 4859 763 4924 Papiri
773 4859 880 4921 Ldterr,
893 4861 943 4920 111,
959 4862 1011 4920 140,
1023 4863 1078 4916 252,
1092 4860 1161 4920 382).
1173 4887 1205 4894 —
1216 4862 1240 4908 2.
1253 4859 1337 4907 l’ierrc
1349 4858 1431 4918 linger
1442 4858 1484 4906 fut
1495 4857 1570 4907 chau.
1582 4857 1614 4906 de
1623 4857 1734 4907 'l'ouruni
1745 4873 1778 4908 cn

428 4935 477 4984 18ae
486 4947 512 4986 et
522 4934 623 4985 archid
633 4933 667 4984 de
678 4933 754 4984 Gauri
769 4950 776 4993 ;
788 4936 843 4984 roir
855 4949 880 4984 u.
893 4936 921 4982 ll
937 4950 943 4992 ;
955 4934 1038 4994 Vidal,
1051 4948 1077 4985 n
1090 4934 1160 4982 7329.
1175 4961 1207 4968 -
1217 4934 1239 4981 3.
1248 4932 1321 4988 dean,
1330 4935 1492 4993 aupamvant
1501 4930 1658 4980 archidiacre
1665 4931 1699 4979 ‹le
1709 4931 1776 4988 Port

370 5063 372 5084 Ι
426 5021 451 5056 rr
460 5009 522 5058 iiior.
532 5009 567 5060 rie
578 5006 643 5058 Toni
655 5007 760 5069 (Eubel,
774 5007 794 5068 1,
807 5009 876 5070 363).
888 5036 921 5044 -
938 5009 961 5057 l.
978 5007 1090 5068 deoques
1100 5007 1132 5056 de
1145 5005 1253 5064 (valoris,
1266 5005 1299 5054 de
1311 5005 1407 5060 Panno,
1420 5010 1458 5053 est
1470 5004 1521 5054 cite
1533 5018 1631 5053 commo
1642 5004 1727 5066 ‹loyou
1744 5005 1778 5054 de

429 5079 491 5132 h'fD.
500 5083 679 5145 tlongreeen
691 5083 754 5131 1317
764 5098 771 5140 ;
781 5095 816 5130 on
828 5084 978 5132 mentiorme
989 5096 1034 5130 ron
1047 5095 1191 5130 eucoeescur
1202 5079 1282 5128 (riuos
1293 5093 1325 5128 eu
1338 5079 1400 5126 1345
1412 5078 1494 5141 (Thya
1504 5092 1545 5141 ap.
1555 5076 1622 5125 Aura.
1633 5075 1665 5124 da
1676 5076 1778 5127 turma

369 5197 372 5208 .
428 5151 762 5220 interamnanam·
772 5154 852 5215 atat.
865 5155 909 5215 lv,
918 5155 1063 5218 11119198).
1074 5154 1186 5215 deoquee
1196 5157 1302 5202 mourut
1310 5149 1371 5201 cure
1379 5150 1411 5200 de
1420 5152 1530 5201 Diutber
1541 5152 1565 5200 le
1575 5152 1607 5198 22
1616 5148 1701 5210 juillet
1714 5152 1778 5199 lana

369 5231 371 5256 ¹
430 5227 528 5289 (hirech,
541 5228 620 5288 riou„
632 5230 688 5288 313,
700 5230 754 5290 aba,
767 5229 836 5292 364).
