4650 6059
479 802 518 865 98
1022 798 1111 871 1343,
1134 798 1168 861 21
1188 798 1299 879 juillet.

482 953 571 1032 dere,
599 973 665 1017 non
694 956 779 1018 obst.
807 952 1076 1038 quod'parrocb.
1105 953 1186 1018 eccl.
1215 950 1253 1017 B.
1282 949 1330 1017 M.
1357 951 1400 1017 de
1425 950 1622 1034 Cabanesio,
1652 954 1848 1021 Rutbenen.

481 1057 579 1136 dioc,
596 1056 744 1121 noscitur
759 1057 921 1121 obtinere.
936 1096 980 1105 -
996 1055 1073 1121 Fiat
1093 1056 1133 1121 R.

524 1204 608 1262 438.
629 1196 715 1261 Item
731 1217 826 1282 supp.
841 1196 1026 1262 Richardus
1038 1194 1137 1260 Probi
1149 1194 1294 1259 hominis
1305 1193 1347 1258 de
1360 1194 1391 1259 S.
1406 1192 1571 1260 Marcello
1579 1195 1676 1280 juxta
1690 1196 1846 1277 Parisius,

480 1309 590 1367 rector
616 1302 698 1366 eccl.
722 1300 763 1365 de
780 1300 953 1382 Vrageloe,
977 1299 1064 1364 dioc.
1080 1298 1278 1378 Tomacen.,
1301 1298 1380 1364 olim
1397 1298 1500 1364 famil.
1516 1308 1551 1365 et
1567 1320 1642 1385 cap.
1659 1320 1846 1366 commem.

481 1426 520 1469 ac
547 1405 794 1469 administrator
809 1404 857 1468 sui
883 1403 1017 1489 hospitii
1041 1423 1101 1487 per
1121 1423 1156 1465 12
1182 1423 1286 1467 annos
1309 1410 1344 1468 et
1367 1422 1471 1487 usque
1492 1402 1536 1467 ad
1551 1402 1641 1468 diem
1657 1404 1708 1469 sui
1735 1406 1847 1469 obitus

481 1510 592 1573 extitit
609 1509 705 1592 eique
722 1508 862 1573 fideliter
871 1507 1061 1587 deservivit,
1078 1515 1115 1571 ut
1131 1506 1164 1570 111
1181 1506 1308 1572 eisdem
1322 1507 1493 1573 beneficiis
1508 1527 1576 1572 non
1592 1507 1770 1574 residendo
1785 1529 1846 1594 pro

480 1623 634 1697 tempore
654 1613 824 1697 percipere
852 1620 975 1697 posset,
1000 1611 1123 1676 virtute
1149 1611 1312 1696 privilegii
1327 1611 1460 1697 prefato
1485 1611 1574 1677 dom.
1599 1612 1759 1677 cardinali
1788 1634 1847 1698 per

482 1717 512 1782 S.
541 1716 580 1782 V.
612 1716 740 1796 indulti,
775 1715 866 1800 quod
898 1715 1108 1801 privilegium
1138 1736 1158 1780 a
1189 1715 1244 1780 die
1274 1716 1384 1782 obitus
1413 1716 1639 1801 prenominati
1667 1715 1846 1782 cardinalis

481 1821 655 1905 expiravit,
677 1829 769 1904 quat.
794 1819 913 1898 eidem,
936 1818 991 1903 qui
1008 1819 1095 1884 circa
1118 1820 1351 1885 executionem
1368 1828 1403 1885 et
1418 1820 1662 1886 ordinationem
1678 1824 1844 1887 bonorum

481 1924 599 2009 prefati
627 1922 804 1989 cardinalis
831 1922 990 1987 continue
1015 1922 1182 1988 laboravit
1197 1931 1232 1987 et
1248 1923 1358 1988 adhuc
1380 1923 1523 2005 laborat,
1539 1923 1721 2010 dignemini
1738 1924 1846 1990 indul-

480 2049 557 2112 gere
573 2027 663 2112 quod
684 2049 703 2092 a
716 2028 770 2092 die
785 2026 903 2091 mortis
913 2025 1089 2091 cardinalis
1098 2025 1239 2112 predicti
1253 2046 1357 2111 usque
1366 2027 1409 2093 ad
1418 2029 1642 2114 septemnium
1658 2029 1846 2094 litterarum

481 2132 592 2197 studio
616 2130 831 2197 insistendo...
859 2137 1040 2215 proventus
1062 2129 1301 2195 beneficiorum
1325 2152 1459 2197 suorum
1475 2131 1646 2218 percipere
1660 2134 1788 2198 valeat.
1804 2172 1846 2184 -

483 2235 559 2301 Fiat
576 2238 609 2301 111
627 2237 732 2302 forma
747 2236 790 2301 ad
805 2234 996 2300 triennium.
1014 2234 1062 2300 R.

525 2381 609 2441 439.
638 2375 724 2439 Item
748 2396 843 2461 supp.
871 2373 988 2438 Petrus
1004 2372 1124 2438 Chasle
1141 2384 1159 2455 ¹,
1175 2374 1322 2459 phisicus
1344 2373 1463 2459 prefati
1480 2373 1569 2439 dom.
1585 2372 1773 2454 cardinalis,
1790 2373 1845 2458 qui

483 2474 593 2538 eidem
620 2475 721 2559 longo
744 2483 897 2563 tempore
913 2487 948 2542 et
963 2498 1066 2561 usque
1090 2476 1132 2542 ad
1152 2477 1243 2542 diem
1259 2477 1308 2542 sui
1324 2478 1435 2543 obitus
1451 2477 1598 2557 servivit,
1615 2486 1707 2561 quat.
1723 2477 1787 2543 sibi
1802 2477 1845 2543 de

482 2580 558 2642 ben.
572 2579 653 2643 0001.
665 2600 693 2644 0.
705 2600 733 2644 0.
743 2581 796 2644 vel
809 2603 834 2645 S.
847 2602 886 2661 c.,
900 2589 1077 2667 spectante
1092 2582 1315 2647 communiter
1329 2583 1384 2646 vel
1399 2581 1530 2647 divisim
1547 2580 1591 2646 ad
1606 2581 1846 2666 cujuscumque

482 2702 539 2745 seu
567 2704 851 2768 quorumcumque
864 2685 950 2765 coll,
974 2685 1102 2769 siquod
1118 2685 1151 2750 111
1169 2687 1260 2766 eccl,
1278 2686 1341 2751 civ.
1357 2686 1411 2750 vel
1427 2686 1514 2751 (1100.
1530 2684 1718 2751 Tomacen.
1744 2693 1845 2751 vacat

481 2786 534 2849 vel
563 2808 639 2852 eum
665 2790 845 2869 vacaverit,
872 2788 1053 2873 dignemini
1073 2789 1273 2875 providere;
1300 2810 1370 2855 non
1397 2792 1483 2856 obst.
1505 2788 1595 2873 quod
1610 2775 1685 2854 can.
1701 2795 1736 2853 et
1752 2792 1845 2874 preb.

482 2891 563 2956 eccl.
581 2891 611 2957 S.
626 2891 714 2957 Petri
731 2893 773 2957 de
797 2892 991 2958 Commines
1014 2901 1048 2958 et
1071 2895 1224 2979 patrocli.
1241 2895 1322 2959 eccl.
1339 2894 1382 2960 de
1398 2893 1567 2977 Vulvaing
1582 2912 1622 2957 ac
1638 2893 1846 2978 capellanias

482 2994 524 3058 de
541 2994 713 3077 Haudion,
741 2996 957 3082 hospitalium
982 2996 1036 3061 SS.
1061 2996 1179 3074 Jacobi
1205 2998 1247 3063 de
1271 2996 1450 3078 Wastines,
1475 2996 1627 3061 Nicbasii
1652 2994 1845 3078 InsulensiS,

483 3097 519 3161 B.
539 3098 586 3164 M.
603 3100 636 3164 in
665 3100 917 3166 Ardembourcb
931 3121 971 3166 ac
988 3121 1061 3166 can.
1085 3104 1145 3166 sub
1161 3123 1238 3188 exp.
1254 3104 1345 3188 preb.
1363 3103 1395 3165 in
1412 3102 1493 3166 eccl.
1510 3100 1542 3165 S.
1559 3100 1745 3166 Donatiani
1764 3099 1845 3165 Bru-

481 3203 598 3285 gensis,
624 3203 809 3269 Tomacen.
840 3204 1367 3283 (1100.,11000111110111111010-
1394 3203 1473 3269 Fiat
1499 3203 1543 3268 ad
1569 3204 1646 3269 coll.
1673 3202 1777 3288 episc.
1809 3210 1845 3268 et

482 3306 616 3389 capituli
634 3308 857 3371 communiter
872 3308 925 3371 vel
941 3308 1072 3373 divisim
1084 3309 1241 3393 usquead
1253 3329 1418 3375 summam
1436 3310 1478 3374 80
1493 3309 1549 3373 lib.
1566 3328 1595 3373 0.
1611 3328 1651 3389 0.,
1667 3327 1707 3391 50
1722 3328 1749 3372 s.
1762 3328 1791 3374 0.
1803 3306 1844 3372 R.

524 3449 613 3508 440.
644 3443 729 3508 ltem
754 3464 848 3530 supp.
872 3444 891 3522 J
894 3445 1045 3511 ohannes
1062 3445 1184 3512 Folieti
1200 3447 1242 3512 de
1259 3448 1302 3511 W
1304 3447 1426 3528 aseriis,
1442 3448 1654 3512 Attrebaten.
1671 3445 1771 3526 dioc,
1787 3445 1843 3529 qui

480 3546 561 3611 dicti
589 3547 766 3611 cardinalis
792 3548 893 3614 famil.
920 3550 1124 3614 domesticus
1147 3557 1182 3614 et
1205 3551 1283 3616 cler.
1299 3570 1432 3615 camere
1448 3570 1506 3615 sue
1521 3570 1581 3635 per
1595 3550 1721 3615 multos
1737 3567 1845 3613 annos

481 3651 592 3715 extitit
623 3659 657 3716 et
687 3653 749 3717 sibi
781 3653 814 3718 111
845 3654 957 3720 0111010
987 3675 1120 3720 camere
1153 3676 1256 3740 usque
1287 3655 1329 3720 ad
1360 3656 1448 3720 diem
1480 3653 1528 3719 sui
1560 3652 1671 3719 obitus
1701 3651 1845 3717 fideliter

480 3755 667 3836 deservivit,
695 3766 786 3840 quat.
810 3757 871 3822 sibi
887 3761 930 3821 (10
956 3760 1032 3823 ben.
1048 3759 1130 3823 0001.
1147 3779 1176 3824 0.
1203 3779 1242 3839 0.,
1265 3758 1357 3843 cujus
1378 3757 1568 3837 redditus...,
1584 3775 1650 3820 sec.
1667 3756 1844 3839 antiquam

480 3869 548 3925 tax.
575 3860 715 3941 decime,
732 3882 897 3926 summam
914 3864 955 3926 80
979 3870 1013 3926 et
1036 3882 1061 3926 s.
1085 3882 1124 3940 e.,
1149 3862 1218 3927 sive
1239 3882 1323 3948 pers.
1340 3862 1394 3926 vel
1411 3860 1467 3927 011.
1484 3861 1617 3939 existat,
1635 3878 1676 3942 50
1690 3858 1749 3923 lib.
1765 3856 1842 3923 Tur.

480 3985 572 4049 parv.
589 3986 656 4030 non
674 3964 850 4044 excedunt,
867 3965 910 4031 ad
921 3966 1017 4030 coll...
1034 3965 1136 4051 episc.
1153 3964 1377 4045 Cameracen,
1395 3965 1484 4052 [vac.
1500 3964 1554 4027 vel
1571 3960 1709 4047 vacat.,]
1729 3961 1842 4046 digne·

476 4068 561 4150 mini
588 4069 785 4152 providere;
808 4089 876 4134 non
901 4071 986 4134 obst.
1008 4069 1098 4152 quod
1121 4070 1240 4156 capell.
1257 4069 1298 4135 de
1317 4069 1472 4148 Mesnilo,
1488 4066 1677 4133 Tomacen.
1693 4065 1792 4145 dioc,
1809 4070 1842 4129 et

482 4192 555 4235 can.
569 4172 599 4235 S.
612 4174 726 4237 Amati
743 4174 904 4252 Duacen,
917 4176 1130 4238 Attrebaten.
1146 4173 1244 4255 dioc,
1255 4176 1314 4238 sub
1325 4195 1401 4260 exp.
1412 4175 1504 4259 preb.
1517 4169 1667 4236 noscitur
1679 4168 1840 4234 obtinere.

481 4314 523 4324 -
541 4274 617 4340 Fiat
635 4275 673 4341 R.
1598 4298 1600 4302 ’

525 4378 604 4443 Dat.
622 4399 675 4464 ap.
689 4379 937 4445 Villamnovam
959 4402 994 4445 12
1012 4380 1079 4447 kal.
1097 4403 1171 4466 aug.
1188 4390 1222 4447 a‘'
1240 4389 1281 4447 2⁰.

523 4525 608 4583 441.
640 4518 741 4603 Supp.
774 4518 924 4583 Andreas
954 4519 996 4583 de
1029 4518 1187 4606 Maupilis
1215 4518 1257 4583 de
1290 4518 1473 4596 Florentia,
1505 4516 1678 4594 diaeonus,
1701 4517 1778 4580 bac.
1808 4513 1840 4576 in

482 4624 555 4706 leg,
583 4632 661 4688 actu
688 4624 800 4707 legens
826 4623 1021 4702 Aurelianis,
1048 4645 1152 4709 nepos
1179 4623 1268 4689 dom.
1290 4621 1433 4699 Andree,
1450 4619 1502 4683 tit.
1519 4618 1550 4683 S.
1567 4618 1719 4683 Susanne
1734 4612 1839 4702 presb.

481 4727 670 4806 cardinalis,
688 4736 778 4812 quat.
795 4728 856 4791 sibi
869 4727 911 4791 de
924 4727 978 4791 SS.
991 4727 1156 4805 Jobarmis
1172 4736 1205 4791 et
1224 4726 1402 4812 Reparate,
1420 4722 1595 4802 Lucan.,et
1606 4720 1649 4786 de
1665 4720 1697 4786 S.
1715 4717 1839 4784 Donati

412 4878 421 4892 .
477 4833 572 4916 juxta
603 4830 730 4897 Lucam
761 4832 959 4896 secularium
991 4842 1026 4897 et
1057 4833 1307 4916 collegiatarum
1338 4829 1420 4893 eccl.
1452 4825 1662 4912 prioratibus,
1693 4844 1767 4890 vac.
1782 4842 1841 4908 per

480 4944 624 5001 mortem
655 4934 735 5000 dicti
767 4934 856 5001 dom.
889 4936 1073 5015 cardinalis,
1102 4936 1155 5020 qui
1188 4936 1297 5000 dictos
1319 4933 1488 5019 prioratus
1513 4953 1555 4995 ex
1572 4928 1754 4995 collatione
1784 4947 1840 4992 seu

482 5039 698 5106 concessione
721 5050 828 5125 apost.
856 5040 1040 5116 obtinebat,
1066 5039 1174 5103 eidem
1202 5037 1336 5103 Andree
1361 5037 1543 5122 dignemini
1560 5033 1747 5121 providere,
1774 5052 1839 5097 11011

517 5265 536 5311 l.
557 5264 617 5310 l'oir
634 5278 658 5310 n.
678 5264 731 5312 121.
