4650 6059
830 739 918 815 1352,
939 738 981 818 24
1002 738 1199 822 septenbrod
1220 740 1350 809 octobre.
1709 744 1770 821 645

459 893 606 975 2475·
1369 921 1464 991 1352,
1481 930 1521 993 24
1538 909 1728 995 septembre.
1744 917 1746 921 ’

452 1011 556 1096 Supp.
572 1007 803 1093 G(uillelmus)
820 1006 862 1072 de
879 1005 1062 1088 Bellosorti,
1087 1008 1276 1075 vicecomes
1300 1010 1467 1094 Turenne,
1493 1022 1585 1096 quat.
1602 1033 1664 1078 suo
1679 1011 1772 1078 fami-

408 1115 482 1180 liari
500 1112 648 1192 Johanni
664 1112 707 1177 de
723 1109 904 1192 Bemard0,
920 1110 1042 1177 clerico
1059 1110 1275 1179 Lemovicen.
1291 1114 1395 1195 dioc,
1405 1113 1448 1179 de
1464 1117 1616 1201 parroch.
1633 1117 1715 1181 eccl.
1731 1116 1773 1182 de

409 1218 444 1284 N
446 1214 826 1304 oortpennis,Morinen.
842 1214 940 1295 dioc,
956 1215 1049 1300 cujus
1063 1215 1219 1283 fructus...
1238 1222 1277 1283 60
1293 1219 1392 1283 libras
1406 1219 1530 1285 Turon.
1546 1240 1773 1305 parv.,secun-

408 1323 491 1389 dum
513 1320 726 1386 taxationem
751 1318 883 1383 decime
906 1319 1003 1403 [non]
1028 1319 1196 1386 excedunt
1220 1322 1405 1403 annuatim,
1428 1343 1501 1388 vac.
1517 1344 1577 1409 per
1593 1326 1647 1389 ob.
1663 1322 1772 1389 ultimi

407 1424 550 1491 rectoris
566 1423 662 1502 illius,
679 1422 736 1506 qui
753 1430 849 1486 extra
868 1420 965 1487 Rom.
981 1422 1106 1488 curiam
1122 1424 1274 1505 decessit,
1291 1432 1326 1489 et
1341 1434 1421 1490 ante
1436 1426 1507 1510 ejus
1523 1429 1576 1491 ob.
1593 1434 1773 1501 reservata.

408 1529 514 1594 etiam
530 1528 556 1592 si
573 1527 640 1591 alio
657 1524 895 1611 quovismodo
911 1526 981 1610 ejus
996 1527 1133 1592 collatio
1149 1527 1193 1592 ad
1205 1528 1236 1594 S.
1250 1527 1289 1594 V.
1302 1530 1366 1594 hac
1380 1529 1455 1594 vice
1471 1528 1581 1595 forsan
1596 1530 1773 1615 pertineat,

408 1630 595 1717 dignemini
611 1629 786 1715 providere
805 1651 813 1706 ;
830 1648 943 1693 secum
960 1629 1093 1715 insuper
1115 1651 1214 1716 super
1235 1631 1376 1697 deiectu·
1392 1633 1492 1697 etatis
1514 1653 1615 1716 quem
1637 1633 1773 1719 patitur,

409 1757 487 1802 cum
505 1734 654 1800 nondum
673 1732 706 1796 in
725 1754 741 1797 2
746 1745 791 1817 5⁰,
808 1733 887 1798 licet
903 1734 935 1797 in
954 1747 1011 1797 210
1034 1734 1135 1799 etatis
1161 1755 1220 1799 sue
1247 1755 1338 1800 anno
1364 1736 1565 1801 constitutus
1589 1737 1721 1816 existat,
1737 1745 1775 1801 ut

410 1840 511 1923 hujus
527 1836 627 1901 etatis
642 1836 778 1901 deiectu
793 1856 861 1902 non
877 1838 963 1901 obst.
990 1837 1095 1922 possit
1120 1837 1246 1902 dictam
1273 1838 1449 1903 ecclesiam
1465 1840 1612 1925 recipere
1629 1848 1663 1903 et
1680 1839 1771 1904 licite

410 1942 557 2007 retinere
576 1963 584 2019 ;
613 1940 865 2024 quibuscunque
888 1940 1182 2006 constitutionibus
1206 1942 1379 2006 contrariis
1402 1963 1470 2007 non
1495 1943 1713 2022 obstantibus
1730 1942 1772 2007 de

409 2045 579 2111 ulterioris
594 2044 686 2110 dono
701 2044 807 2128 gratie
832 2043 1090 2129 dispensantes;
1115 2066 1191 2111 cum
1216 2046 1335 2111 ceteris
1358 2066 1428 2112 non
1455 2049 1540 2114 obst.
1568 2084 1609 2097 -
1638 2045 1715 2111 Fiat
1743 2055 1777 2110 et

407 2150 646 2234 dispensamus
662 2146 702 2212 R.

457 2252 540 2316 Dat.
557 2272 609 2337 ap.
626 2249 875 2316 villamnovam
893 2253 911 2315 8
927 2251 992 2316 kal.
1009 2260 1076 2317 oct.
1092 2267 1128 2317 a⁰
1148 2267 1212 2319 110.
1230 2253 1306 2338 (22,
1327 2255 1429 2339 147').

465 2423 616 2504 2476.
1442 2457 1537 2522 1352,
1550 2458 1572 2521 3
1590 2439 1729 2502 octobre.

458 2540 562 2607 Motu
576 2539 711 2626 proprio
727 2541 941 2625 providemus
955 2539 1103 2617 Johanni
1126 2540 1310 2606 Clementis
1325 2542 1407 2606 alias
1433 2542 1475 2607 de
1502 2539 1628 2606 Brullio
1646 2549 1665 2621 ¹,
1683 2540 1777 2605 fami-

406 2646 486 2712 liari
503 2652 629 2723 nostr0,
646 2644 688 2709 de
704 2665 777 2709 can.
793 2653 828 2709 et
843 2646 935 2730 preb.
952 2645 1093 2709 ecclesie
1109 2645 1140 2708 S.
1158 2645 1245 2709 Piati
1256 2644 1468 2724 Sicliniensis,
1479 2643 1666 2708 Tornacen.
1680 2642 1777 2720 dioc„

406 2771 490 2816 vac.
507 2750 539 2813 in
557 2749 646 2814 curia
662 2748 760 2813 Rom.
777 2770 838 2833 pro
853 2770 894 2814 eo
911 2749 1000 2832 quod
1015 2747 1189 2825 Johannes
1204 2748 1300 2814 Haec
1315 2761 1336 2829 ²,
1353 2749 1409 2833 qui
1425 2748 1533 2813 dictos
1545 2769 1619 2813 can.
1636 2755 1670 2812 et
1686 2748 1777 2832 preb.

408 2853 604 2933 obtinebat,
621 2852 870 2917 matrimonium
887 2852 1065 2931 contraxit,
1082 2852 1161 2917 licet
1177 2861 1359 2936 antequam
1383 2852 1510 2917 dictum
1526 2850 1777 2916 matrimonium

408 2957 641 3047 contraheret,
657 2955 766 3021 dictos
781 2976 854 3021 can.
870 2965 905 3020 et
920 2958 1012 3041 preb.
1029 2956 1100 3021 sine
1120 2956 1257 3021 licentia
1282 2955 1369 3020 sedis
1394 2964 1502 3040 apost.
1527 2976 1603 3020 cum
1632 2952 1778 3018 Nicolao
1854 3006 1856 3011 ,

407 3063 455 3128 de
473 3059 574 3125 Barle
589 3075 601 3112 ³
616 3059 831 3145 pennutavit,
848 3080 932 3142 quos
947 3059 1035 3125 idem
1053 3058 1216 3124 Nicolaus
1232 3059 1274 3125 de
1290 3059 1380 3125 iacto
1394 3078 1454 3144 per
1470 3079 1596 3122 annum
1612 3057 1666 3120 vel
1683 3057 1776 3122 circi-

407 3175 464 3230 ter
480 3163 626 3229 detinuit
643 3172 677 3226 et
693 3162 822 3227 detinet
838 3171 1031 3247 occupatos.
1047 3202 1090 3211 —
1107 3161 1182 3227 Fiat
1209 3163 1313 3227 etiam
1340 3161 1571 3246 quovismodo.
1598 3162 1658 3226 R...
1679 3158 1778 3224 Motu

407 3252 552 3354 proprio
569 3266 632 3331 R.¹⁸

409 3447 411 3450 .
458 3370 540 3434 Dat.
557 3369 657 3433 Avin.
676 3389 691 3452 5
710 3390 789 3433 non.
805 3377 872 3434 oct.
888 3377 921 3433 a⁰
941 3377 1002 3435 11⁰.
1019 3370 1094 3453 (22,
1116 3371 1191 3453 153)

411 3550 414 3553 ⁴
470 3542 617 3623 2477.
1447 3573 1463 3614 1
1512 3574 1530 3615 2
1597 3551 1736 3614 octobre.

408 3669 410 3671 ’
462 3658 565 3724 Motu
579 3656 714 3743 proprio
730 3654 944 3741 providemus
959 3653 1106 3731 Jobanni
1121 3655 1163 3720 de
1181 3653 1327 3733 Foresio,
1355 3663 1439 3719 nato
1460 3572 1631 3733 girbaldus,
1649 3651 1781 3718 comitis

414 3762 559 3842 Foresii,
575 3760 617 3825 de
634 3780 706 3825 can.
723 3768 757 3823 et
773 3762 865 3843 preb.
882 3778 922 3823 ac
938 3758 1211 3824 archidiaconatu
1228 3767 1343 3823 curato
1356 3754 1497 3822 ecclesie
1514 3755 1693 3836 Morinen.,
1704 3775 1779 3820 vac.

412 3888 476 3955 per
492 3873 638 3930 mortem
656 3861 795 3927 Henrici
820 3862 862 3927 de
879 3861 1024 3927 Culeuto
1040 3882 1061 3942 ⁴,
1087 3862 1251 3947 capellani
1279 3861 1383 3924 nostri
1410 3869 1444 3924 et
1471 3860 1557 3925 sedis
1583 3868 1701 3943 apost,
1725 3858 1780 3941 qui

414 3981 514 4037 extra
531 3968 630 4033 Rom.
647 3965 773 4031 curiam
789 3964 878 4029 diem
896 3966 1013 4030 clausit
1036 3975 1233 4044 extremum,
1257 3974 1291 4028 et
1318 3985 1378 4049 per
1403 3963 1666 4027 reservationem
1683 3984 1690 4041 ;
1716 3962 1782 4026 dis-

415 4081 600 4161 pensantes
615 4092 693 4137 cum
709 4091 760 4148 e0,
777 4078 814 4133 ut
840 4090 908 4133 nou
936 4071 1092 4133 obstante
1119 4068 1253 4154 defectu
1281 4067 1381 4131 etatis
1403 4088 1503 4150 quem
1519 4067 1656 4151 patitur,
1673 4065 1707 4128 in
1730 4072 1782 4148 14⁰

415 4177 521 4243 etatis
547 4196 605 4240 sue
632 4194 721 4239 anno
748 4174 801 4236 vel
829 4173 916 4237 circa
948 4173 1158 4251 constitutus,
1186 4171 1313 4236 dictum
1344 4169 1669 4246 archidiaconatum,
1703 4168 1782 4232 licet

415 4301 534 4347 curam
550 4279 674 4343 habeat
690 4277 884 4356 animarum,
900 4278 991 4341 licite
1009 4278 1121 4341 valeat
1137 4276 1288 4340 obtinere
1302 4297 1309 4353 ;
1324 4295 1399 4339 cum
1411 4274 1567 4339 clausulis
1584 4271 1759 4357 oportunis
1774 4293 1780 4348 ;

415 4395 452 4450 et
468 4384 555 4449 fiant
569 4382 681 4446 littere
698 4380 730 4444 in
747 4380 875 4444 meliori
892 4380 1007 4445 sonna.
1023 4420 1066 4429 -
1083 4378 1160 4443 Fiat
1175 4388 1270 4443 motu
1284 4379 1426 4463 proprio,
1440 4386 1473 4442 et
1483 4376 1726 4461 dispensamus,
1741 4374 1781 4440 R.

463 4489 546 4553 Dat.
562 4485 661 4550 Avin.
678 4507 697 4567 4
713 4504 793 4548 non.
811 4490 877 4548 oct.
894 4490 928 4547 a⁰
948 4491 1006 4548 11⁰.
1024 4483 1099 4567 (22,
1121 4485 1208 4566 1240

451 4716 481 4777 a)
496 4715 537 4762 En
549 4728 636 4775 mange
651 4730 657 4761 :
672 4712 808 4773 Irtudsuit
821 4711 862 4758 liii·
873 4708 989 4757 additum
1002 4706 1033 4755 de
1041 4713 1158 4771 precepto
1170 4707 1264 4755 diuniui
1274 4708 1350 4755 trosti-i
1359 4721 1408 4769 par
1418 4719 1454 4753 me
1464 4704 1495 4752 P.
1507 4675 1628 4752 Garnrraai
1648 4699 1763 4749 uidelicet
1774 4716 1783 4746 :

416 4794 486 4852 ormo
495 4788 604 4852 proprio
613 4786 647 4837 R.

452 5024 476 5071 1.
496 5020 559 5068 Voir
570 5017 1034 5075 n.1840.-2.b1011u.n.9137.-
1052 5019 1074 5066 3.
1087 5016 1190 5064 Nicolas
1209 5015 1241 5063 do
1263 5015 1351 5063 Baerle
1369 5020 1408 5063 ost
1428 5011 1478 5062 cito
1498 5027 1596 5061 comme
1614 5010 1739 5060 clionoine
1759 5014 1785 5064 et

415 5095 481 5147 cure
502 5094 535 5143 de
555 5092 668 5142 N.·1).o
689 5093 786 5155 Bruges
806 5107 838 5140 en
860 5093 921 5139 1356
942 5097 968 5140 et
990 5093 1050 5138 1364
1072 5089 1214 5152 (Gilliodts,
1234 5088 1309 5136 Jalula
1321 5087 1450 5150 hopael-de,
1464 5088 1483 5147 I,
1496 5089 1550 5146 296,
1563 5088 1632 5148 316).
1644 5113 1676 5120 -
1688 5086 1711 5134 4.
1723 5084 1786 5134 b'oir

415 5185 444 5221 n.
457 5172 516 5227 555,
530 5169 586 5216 720.
