4650 6059
479 778 517 842 76
1040 775 1127 849 1343,
1151 775 1276 840 1011111.

528 927 644 1013 358.
1548 961 1643 1026 1333,
1661 962 1703 1006 1ο
1719 945 1799 1008 νηοί.

522 1046 623 1131 Supp.
653 1042 714 1109 Ivo
729 1044 771 1109 de
799 1041 1044 1128 lllontigniaco,
1071 1043 1177 1123 miles,
1205 1043 1295 1108 dom.
1318 1064 1432 1129 regum
1459 1043 1601 1111 Francie
1625 1053 1660 1110 et
1688 1044 1841 1111 Navarre

479 1149 700 1235 hospitiorum
716 1146 882 1230 magister,
900 1155 990 1230 quat.
1007 1146 1147 1231 Symoni
1163 1146 1206 1211 de
1231 1146 1362 1226 Crechi,
1378 1148 1421 1213 de
1445 1147 1557 1232 aliquo
1572 1150 1649 1213 ben.
1666 1150 1749 1214 eccl.
1767 1170 1796 1216 c.
1813 1171 1841 1216 c.

480 1256 534 1319 rel
550 1275 575 1319 s.
592 1274 632 1333 c,
643 1253 735 1337 cujus
748 1252 912 1317 fructus...
928 1271 1092 1316 summam
1110 1272 1169 1316 roo
1182 1251 1237 1316 lib.
1250 1250 1328 1317 Tur.
1341 1272 1445 1338 parv„
1456 1273 1522 1319 sec.
1535 1261 1605 1318 tax.
1617 1253 1759 1333 decime,
1772 1275 1841 1320 non

480 1358 656 1436 excedant,
673 1365 849 1441 spectante
865 1355 907 1421 ad
922 1356 998 1420 coll.
1015 1357 1091 1419 abb.
1107 1361 1142 1419 et
1158 1375 1258 1419 conv.
1274 1356 1467 1421 monasterii
1483 1355 1526 1423 de
1544 1356 1564 1435 J
1567 1357 1732 1437 umeticis,
1751 1356 1793 1423 Ο.
1809 1357 1841 1423 S.

481 1462 529 1541 Β,
548 1461 795 1544 Rotbomagen.
808 1459 905 1538 dioc„
922 1457 1012 1544 [vac.
1029 1460 1083 1522 vel
1099 1457 1356 1543 vacat.],eidem
1367 1459 1550 1545 dignemini
1560 1461 1737 1546 providere
1751 1485 1759 1541 ;
1772 1481 1841 1526 non

480 1569 566 1630 obst.
591 1564 680 1648 quod
707 1563 796 1628 idem
823 1562 951 1647 Smnon
977 1582 1051 1626 can.
1078 1569 1113 1625 et
1137 1563 1230 1646 preb.
1256 1563 1338 1628 eccl.
1361 1563 1393 1627 S.
1419 1563 1595 1648 Gangerici
1622 1564 1841 1630 Cameracen.

480 1670 631 1734 obtinere
647 1676 804 1733 noscatur
821 1678 840 1732 ¹.
857 1665 990 1731 —Fiat
1006 1687 1109 1750 usque
1126 1665 1169 1730 ad
1185 1687 1350 1731 summam
1368 1671 1407 1732 60
1423 1667 1480 1733 lib.
1493 1688 1522 1733 c.
1538 1688 1578 1749 c.‚
1591 1688 1633 1752 40
1649 1689 1675 1734 e.
1685 1689 1715 1734 c.
1733 1668 1774 1734 R.

525 1791 604 1854 Dat.
620 1790 718 1854 Avin.
737 1794 754 1852 6
771 1789 814 1854 id.
831 1788 910 1852 maii
927 1795 961 1852 a⁰
981 1795 1019 1851 1⁰.
1038 1789 1051 1871 (
1054 1791 1088 1865 2,
1109 1789 1145 1851 18
1150 1786 1196 1870 31.

531 1927 645 2013 359.
1550 1962 1568 2006 1
1569 1962 1613 2025 33
1612 1962 1646 2026 3,
1664 1963 1706 2007 ro
1723 1965 1801 2007 arear.

524 2046 625 2130 Supp.
652 2044 840 2128 Gregorius,
865 2044 1053 2131 prepositus
1081 2042 1271 2122 channen,
1298 2036 1619 2130 Zagrabie11.'dioc.,
1643 2047 1788 2113 nuncius
1810 2057 1842 2112 et

481 2151 689 2215 ambaxiator
713 2149 798 2233 regis
817 2148 999 2233 Hongarie,
1016 2156 1107 2233 quat.
1126 2148 1221 2235 [cler.
1246 2169 1307 2214 suo
1328 2157 1363 2213 et
1379 2149 1482 2214 famil.
1511 2149 1712 2237 Raymarm]
1739 2172 1842 2236 quou-

480 2254 556 2319 dam
574 2252 734 2337 Raprnari
750 2252 831 2317 dicti
847 2252 889 2317 de
916 2255 992 2332 Are,
1010 2252 1091 2317 civis
1106 2252 1283 2336 Aquensis,
1301 2250 1461 2318 Leodien.
1476 2252 1574 2332 dioc,
1590 2255 1718 2319 nullum
1735 2254 1843 2320 adbuc

481 2359 563 2422 eccl.
579 2360 655 2421 ben.
672 2365 835 2435 assecuto,
846 2356 888 2421 de
898 2377 971 2421 can.
988 2363 1021 2420 et
1037 2359 1128 2441 preb.
1145 2358 1227 2421 eccl.
1241 2355 1272 2421 S.
1289 2356 1429 2422 Servatii
1445 2355 1678 2442 Trajectensis,
1694 2357 1843 2443 ejusdem

482 2460 642 2524 Leodien.
658 2459 755 2538 dioc,
773 2480 846 2524 vac.
860 2461 914 2524 vel
924 2468 1043 2539 vacat,
1056 2459 1239 2542 dignemini
1250 2459 1426 2544 providere
1440 2482 1448 2539 3
1460 2480 1530 2526 non
1547 2463 1633 2526 obst.
1649 2461 1741 2545 quod
1757 2461 1843 2527 idem

483 2563 682 2647 Raymarus,
700 2565 980 2629 auct.litterarum
996 2572 1106 2629 vestre
1122 2574 1230 2649 apost.
1247 2564 1279 2629 S.
1296 2564 1329 2628 in
1349 2564 1519 2630 communi
1537 2564 1643 2630 forma
1659 2586 1844 2651 pauperum

483 2670 698 2731 obtentarum
714 2688 790 2732 cum
806 2666 983 2733 sufficienti
1000 2667 1111 2744 titulo,
1132 2667 1291 2733 videlicet
1317 2670 1404 2732 bene
1428 2688 1488 2755 per
1515 2668 1639 2748 omnia,
1662 2671 1741 2735 ben.
1764 2671 1846 2735 eccl.

483 2790 511 2835 c.
528 2791 557 2835 c.
574 2772 626 2834 vel
644 2791 668 2836 s,
696 2792 735 2850 c.,
760 2779 918 2856 spectans
944 2774 1169 2840 communiter
1194 2776 1249 2839 vel
1274 2774 1409 2840 divisim
1435 2774 1478 2840 ad
1503 2776 1579 2841 coll.
1596 2776 1673 2840 abb.
1689 2782 1724 2839 et
1748 2795 1847 2840 conv.

482 2878 675 2942 monasterii
702 2876 733 2941 S.
758 2876 903 2942 Comelii
931 2876 1093 2958 Indensis,
1122 2878 1163 2943 Ο.
1189 2878 1221 2943 S.
1247 2877 1295 2956 Β,
1321 2878 1497 2943 Colonien.
1521 2877 1619 2958 dioc„
1646 2878 1692 2943 ad
1715 2899 1756 2944 ea
1783 2899 1848 2963 que

482 2983 610 3046 habent
633 2981 784 3046 conferre
800 2981 832 3045 in
845 2982 933 3049 dioc.
946 2982 1106 3049 Leodien.
1122 2989 1331 3061 vacaturum,
1344 2982 1528 3048 dinoscitur
1537 2988 1719 3067 expectare
1732 3005 1741 3061 ;
1757 2981 1849 3068 quod

481 3087 684 3151 beneficium
699 3085 809 3151 eidem
825 3107 994 3152 reservare
1009 3086 1193 3171 dignemini
1210 3086 1243 3149 in
1260 3106 1320 3151 suo
1335 3088 1455 3151 robore
1466 3094 1501 3151 et
1513 3086 1627 3171 vigore
1637 3106 1849 3173 permanere.

483 3189 673 3254 -ffiau

529 3294 606 3358 Dat.
625 3294 722 3359 Avin.
741 3298 758 3357 6
776 3293 819 3358 id.
836 3294 914 3357 maii
932 3303 964 3358 a⁰
984 3302 1023 3360 1⁰.
1041 3296 1091 3377 (2,
1113 3301 1198 3377 190).

537 3430 789 3514 360-363.
1534 3483 1537 3488 -
1556 3464 1572 3506 1
1574 3462 1617 3527 34
1617 3462 1651 3526 3,
1669 3463 1711 3507 1ο
1727 3447 1807 3508 mai.

531 3547 632 3632 Supp.
649 3548 838 3614 Walramus
853 3548 895 3614 de
911 3547 1168 3626 Valkenborch²,
1185 3547 1290 3625 mileS,
1308 3546 1393 3611 lilius
1403 3546 1493 3612 dom.
1510 3545 1687 3627 Johannis,
1703 3547 1796 3613 dom.
1808 3548 1850 3613 de

488 3650 598 3715 Bome
615 3661 649 3716 et
664 3651 706 3716 de
724 3650 874 3737 Herpen,
890 3659 982 3735 quat.
994 3650 1197 3715 Helizabeth
1213 3650 1255 3715 de
1266 3650 1402 3734 Stepme,
1412 3650 1550 3716 moniali
1560 3650 1602 3715 de
1614 3646 1849 3728 Herkenrode,

487 3754 556 3821 ord.
573 3753 665 3835 Cist,
682 3754 842 3821 Leodien.
857 3756 954 3834 dioc„
970 3755 1013 3821 de
1029 3754 1234 3820 subdiacono
1254 3754 1368 3838 genita
1385 3762 1421 3818 et
1441 3754 1577 3819 moniali
1602 3752 1644 3819 Ο.
1660 3754 1694 3819 S.
1710 3752 1760 3834 Β,
1775 3775 1850 3839 gra-

485 3858 566 3923 tiam
592 3858 771 3943 specialem
796 3858 967 3936 facientes‚
995 3867 1032 3922 ut
1056 3858 1146 3922 dicta
1175 3855 1376 3921 Helizabeth
1394 3856 1437 3923 ad
1452 3857 1644 3923 habendum
1667 3878 1791 3923 vooem
1816 3859 1847 3922 in

486 3962 632 4047 capitulo
656 3971 690 4027 et
716 3962 760 4027 ad
786 3962 899 4026 onmia
925 3962 990 4026 alia
1018 3962 1050 4024 in
1073 3962 1166 4027 dicto
1182 3981 1242 4026 suo
1258 3960 1462 4025 monasterio
1478 3981 1518 4025 ac
1545 3960 1624 4025 alibi
1652 3960 1850 4028 admittatur

485 4076 519 4129 et
543 4067 723 4151 recipiatur
750 4074 787 4131 ut
811 4066 959 4149 quelibet
984 4065 1131 4148 legitime
1158 4073 1248 4143 nata,
1276 4064 1464 4148 hujusmodi
1492 4064 1628 4130 defectu
1653 4085 1724 4130 non
1751 4068 1848 4144 obst„

486 4190 598 4234 secum
615 4170 797 4254 dignemini
814 4169 1016 4254 dispensare.
1033 4210 1075 4217 —
1093 4168 1167 4234 Fiat
1185 4169 1225 4233 R.

531 4313 607 4372 361.
626 4305 712 4372 Item
729 4328 823 4391 supp.
841 4308 928 4373 idem
944 4308 1049 4385 miles,
1067 4316 1157 4389 quat,
1177 4306 1346 4392 [Hernico
1372 4307 1414 4373 de
1442 4306 1535 4372 Baex
1547 4314 1569 4386 ³,
1584 4305 1746 4374 Leodien.
1761 4307 1850 4375 dioc.

487 4409 624 4495 presbl,
642 4419 687 4490 ut,
704 4432 771 4475 non
789 4413 874 4475 obst.
891 4410 981 4494 quod
997 4410 1084 4475 idem
1099 4413 1219 4494 presb,
1237 4410 1270 4474 in
1286 4411 1447 4476 vicesimo
1462 4432 1520 4476 sue
1535 4411 1635 4476 etatis
1652 4415 1753 4477 anno
1769 4433 1851 4478 con·

487 4513 632 4592 stitutus,
657 4513 737 4597 juris
763 4513 903 4596 ignarus,
929 4513 1070 4597 adeptus
1087 4512 1148 4577 t'uit
1164 4513 1207 4576 de
1236 4513 1334 4591 facte,
1359 4513 1440 4578 alias
1464 4522 1578 4578 tamen
1604 4515 1678 4594 rite,
1694 4525 1849 4581 curatum

486 4620 574 4697 ben„
603 4617 695 4700 cujus
721 4616 922 4681 redditus...
947 4618 1013 4681 val.
1040 4637 1080 4680 20
1097 4617 1152 4681 lib.
1169 4615 1247 4681 Tur.
1262 4637 1357 4701 parv.
1379 4638 1448 4682 non
1476 4618 1653 4698 excedunt,
1670 4629 1705 4684 et
1729 4620 1764 4684 in
1789 4641 1851 4686 suo

486 4721 786 4805 vicesimoquinto
812 4741 903 4785 anno
928 4720 970 4784 ad
994 4719 1127 4784 ordines
1142 4719 1379 4804 presbiteratus
1394 4730 1578 4805 promotus,
1595 4721 1788 4808 fructusque
1814 4735 1851 4791 et

485 4834 668 4912 proventus
684 4825 765 4890 dicti
780 4824 934 4888 beneficii
952 4846 971 4888 a
987 4833 1139 4910 tempore
1155 4824 1245 4888 dicte
1266 4825 1455 4890 collationis
1481 4826 1633 4912 percepit
1658 4834 1693 4892 et
1720 4827 1755 4891 in
1783 4829 1850 4894 suis

485 4930 739 4995 necessitatibus
766 4937 799 4992 et
826 4928 1073 4993 infirmitatibus
1099 4928 1209 4993 adhuc
1233 4928 1430 4993 durantibus
1457 4929 1729 5015 consumpserit;
1756 4941 1849 5016 quat.

522 5158 541 5202 l.
555 5155 577 5201 ll
588 5159 626 5201 est
639 5153 689 5202 circ
702 5154 724 5201 lc
737 5156 767 5201 ti
779 5152 834 5214 juin
851 5155 911 5199 1:347
925 5153 969 5214 (dc
983 5152 1224 5211 limburg-Stirum.
1243 5152 1350 5202 (brtdc
1362 5152 1440 5202 Luuia
1452 5153 1482 5201 dc
1496 5154 1572 5211 111111,
1584 5155 1603 5215 1,
1617 5155 1677 5216 ³90)
1689 5171 1695 5214 ;
1706 5154 1740 5204 cl.
1749 5154 1848 5210 Mollsr.

487 5243 511 5277 n.
524 5230 562 5277 111.
576 5256 606 5265 -
619 5231 641 5276 2.
655 5228 693 5276 Cf.
706 5242 730 5276 u.
744 5229 798 5274 35⁴.
811 5255 842 5263 -
855 5230 876 5274 a.
892 5226 990 5284 liirsclr,
1007 5226 1078 5274 Koll..
1093 5229 1147 5275 2119.
