4650 6059
481 786 542 849 202
807 875 813 890 ι
1026 785 1114 858 1345,
1136 784 1187 848 tu
1209 803 1297 849 mars.

481 936 610 1001 tionem
620 943 660 999 vet
676 933 873 1000 mandatum
889 933 1037 1020 ejusdem
1053 934 1163 1014 electi,
1175 934 1404 999 administrare
1416 944 1451 999 et
1464 955 1618 1000 exercere
1631 955 1671 1001 ac
1681 935 1842 1020 judicare,

481 1049 515 1104 et
540 1040 653 1105 omnia
677 1038 787 1104 facere
803 1060 867 1120 que
883 1039 925 1104 ad
941 1040 1163 1124 temporalem
1179 1038 1442 1124 jurisdictionem
1465 1037 1635 1125 pertinent
1650 1064 1658 1120 ;
1686 1041 1843 1125 idemque

480 1146 607 1208 electus
623 1145 665 1207 ab
682 1143 729 1207 eis
744 1152 779 1207 et
794 1164 813 1207 a
829 1142 1080 1227 quibuscunque
1096 1142 1169 1207 aliis
1193 1142 1387 1209 feudatariis
1409 1153 1444 1209 et
1468 1143 1617 1225 subditis,
1643 1164 1843 1228 quocunque

480 1243 616 1307 nomine
633 1252 839 1325 censeantur,
849 1246 1075 1329 juramentum
1091 1245 1262 1310 fidelitatis
1272 1266 1312 1311 ac
1325 1246 1554 1311 obedientiam
1570 1254 1605 1311 et
1621 1245 1842 1312 reverentiam

480 1347 611 1431 exigere
628 1355 662 1411 et
677 1349 825 1433 recipere
840 1350 944 1415 libere
960 1358 995 1415 et
1010 1350 1102 1415 licite
1115 1352 1238 1429 valeat,
1251 1350 1379 1435 ipsique
1392 1350 1523 1435 prefato
1535 1352 1645 1415 electo
1661 1350 1717 1416 illa
1734 1350 1843 1415 facere

479 1460 514 1515 et
538 1451 696 1515 exhibere
716 1454 851 1538 penitus
877 1462 1067 1535 teneantur,
1092 1453 1203 1521 donec
1231 1455 1413 1540 imperator
1440 1454 1494 1519 vel
1524 1474 1581 1517 rex
1615 1453 1843 1518 Romanorum

480 1554 587 1633 fuerit,
613 1575 632 1618 a
656 1575 724 1638 quo
750 1566 866 1641 petere
892 1559 1003 1623 valeat
1029 1558 1153 1642 regalia
1180 1557 1382 1643 supradicta,
1410 1577 1450 1623 ac
1480 1557 1506 1622 si
1532 1577 1631 1622 verus
1659 1558 1844 1642 imperator

479 1660 533 1722 vel
549 1680 606 1723 rex
623 1658 853 1726 Romanorum
868 1662 1037 1744 existeret,
1050 1671 1085 1727 et
1097 1665 1139 1728 ab
1151 1683 1194 1728 eo
1209 1662 1356 1748 prefatus
1372 1662 1499 1727 electus
1515 1660 1704 1745 hujusmodi
1721 1662 1844 1745 regalia

479 1762 659 1847 recepisset
675 1786 683 1842 ;
701 1784 768 1829 non
782 1767 868 1830 obst.
881 1766 1132 1851 quibuscunque
1145 1766 1281 1832 statutis
1297 1774 1331 1831 et
1347 1764 1644 1831 consuetudinibus
1658 1766 1843 1847 contrariis

480 1866 583 1930 etiam
596 1866 789 1950 juramento
806 1869 951 1934 vallatis.
967 1910 1011 1918 -
1027 1869 1104 1935 Fiat
1122 1869 1162 1935 R.

525 1967 612 2032 Item
640 1990 735 2055 supp.
772 1980 864 2054 quat.
892 1972 952 2036 sibi
981 1972 1167 2038 concedere
1190 1972 1372 2057 dignemini
1401 1981 1653 2037 conservatores
1679 1972 1713 2036 in
1739 1973 1845 2039 forma

480 2073 612 2138 concilii
629 2071 838 2139 Viennensis.
854 2116 898 2124 -
914 2075 992 2141 Fiat
1007 2076 1049 2141 ad
1065 2077 1332 2161 quinquennium
1361 2075 1400 2141 R.

525 2175 602 2240 Dat.
620 2196 673 2261 ap.
691 2175 941 2244 Villamnovam
957 2202 976 2264 4
992 2201 1072 2246 non.
1087 2189 1187 2246 mart.
1204 2187 1237 2246 a⁰
1255 2187 1296 2264 3⁰.
1313 2182 1360 2262 (6,
1379 2182 1517 2263 64·64').

533 2311 644 2394 819.
1547 2346 1642 2410 1345,
1659 2327 1679 2391 ό
1697 2349 1801 2393 mare.

527 2430 628 2515 Supp.
662 2430 789 2512 Petrus,
821 2430 909 2497 card.
939 2432 1147 2511 Atrebaten,
1178 2439 1270 2516 quat.
1299 2430 1360 2496 sibi
1391 2430 1433 2496 de
1463 2431 1673 2516 prepositura
1704 2432 1844 2498 ecclesie

483 2534 514 2599 S.
543 2532 682 2599 Martini
709 2534 929 2602 Wonnatien.
955 2555 1028 2601 vac.
1056 2535 1089 2599 in
1117 2536 1208 2601 curia
1231 2556 1291 2621 per
1315 2536 1455 2600 liberam
1478 2534 1737 2619 resignationem
1754 2536 1843 2601 dom.

484 2636 687 2721 Engelberti,
704 2638 801 2703 electi
819 2637 991 2720 Leodien,
1006 2638 1190 2723 dignemini
1206 2637 1393 2724 providere.
1410 2637 1545 2703 —Fiat
1564 2638 1602 2703 R.
1620 2648 1638 2702 ¹.

526 2741 605 2806 Dat.
621 2763 675 2827 ap.
691 2741 942 2808 Villamnovam
959 2763 977 2807 2
993 2762 1073 2808 non.
1089 2750 1187 2808 mart.
1204 2748 1238 2808 a⁰
1255 2748 1297 2826 3⁰.
1313 2744 1362 2825 (6,
1379 2743 1463 2826 yol).

534 2880 650 2962 820.
1547 2912 1642 2977 1545,
1660 2911 1679 2976 7
1696 2914 1800 2957 mars.

526 3000 627 3084 Supp.
654 2998 765 3064 Guido
788 2998 830 3064 de
859 2997 1071 3079 Podiovallis,
1098 2997 1306 3079 domicellus,
1323 3006 1416 3082 quat.
1446 2996 1481 3085 [J
1485 2996 1608 3063 ohanni
1625 2995 1667 3061 de
1685 2996 1842 3076 Parvisio,

482 3104 560 3169 cler.
577 3103 748 3184 Leodien,
765 3123 832 3168 non
850 3103 1030 3188 conjugato
1045 3113 1111 3166 nec'
1124 3099 1157 3164 in
1175 3099 1275 3166 sacris
1290 3100 1460 3166 ordinibus
1471 3097 1843 3183 constituto],tabelli0·

481 3214 579 3271 natus
595 3205 742 3270 officium
759 3204 944 3270 concedere
960 3203 1153 3288 dignemini.
1170 3244 1213 3251 -
1230 3202 1307 3268 Fiat
1324 3203 1364 3269 R.

525 3309 604 3373 Dat.
620 3330 673 3394 ap.
689 3308 935 3373 Villamnovam
952 3328 1032 3373 non.
1048 3315 1145 3372 mart.
1162 3315 1195 3371 a⁰
1212 3313 1254 3391 3⁰.
1272 3308 1320 3390 (6,
1339 3308 1422 3392 71').

534 3446 641 3525 821.
1547 3474 1642 3539 1345,
1659 3474 1678 3537 9
1696 3476 1801 3519 rnars.

525 3563 626 3647 Supp.
642 3562 788 3627 decanus
803 3571 837 3627 et
853 3562 1037 3647 capitulum
1049 3565 1131 3627 eccl.
1144 3560 1313 3627 Morinen.
1326 3561 1425 3646 quod,
1443 3581 1520 3626 cum
1536 3580 1641 3645 nuper
1656 3560 1748 3625 dicta
1762 3559 1793 3624 S.
1805 3558 1843 3624 V.

483 3663 625 3730 Matheo
641 3665 683 3730 de
700 3664 881 3746 Feukeriis,
898 3668 1006 3751 presb.
1021 3676 1042 3747 ²,
1066 3666 1122 3750 qui
1139 3665 1280 3731 indicta
1304 3666 1386 3731 eccl.
1412 3686 1432 3731 a
1452 3666 1556 3748 longo
1579 3673 1732 3748 tempore
1755 3663 1845 3728 horis

481 3768 606 3834 diurnis
636 3777 670 3833 et
700 3769 874 3834 nocturnis
900 3769 1037 3834 servivit
1067 3776 1102 3833 et
1132 3768 1166 3833 in
1197 3768 1334 3853 agendis
1364 3768 1507 3853 negotiis
1538 3767 1639 3853 ipsius
1663 3768 1746 3832 eccl.
1783 3766 1844 3831 sibi

481 3872 666 3937 commissis
696 3872 803 3937 fidelis
832 3880 868 3936 et
897 3872 1038 3956 diligens
1064 3879 1115 3936 est
1145 3879 1307 3957 repertus,
1337 3870 1528 3955 quamdam,
1547 3870 1687 3955 supplic.
1711 3870 1754 3935 de
1780 3891 1846 3934 una

480 3976 739 4061 capellaniarum
777 3974 866 4040 dicte
904 3977 997 4058 eccl,
1024 3984 1261 4041 consuetarum
1292 3974 1420 4039 clericis
1449 3970 1653 4039 secularibus
1675 3973 1845 4057 assignari,

480 4088 654 4164 spectante
678 4080 721 4144 ad
746 4079 821 4144 coll.
849 4077 890 4144 R.
907 4078 943 4144 P.
960 4078 1050 4144 dom.
1079 4076 1248 4144 Morinen.
1279 4078 1391 4163 episc,
1408 4077 1433 4141 si
1460 4085 1494 4142 et
1522 4097 1598 4143 cum
1622 4097 1697 4142 eam
1725 4097 1845 4143 vacare

481 4183 668 4266 contigerit,
684 4181 826 4266 gratiam
852 4182 1013 4247 facientes
1038 4182 1218 4267 specialem
1243 4182 1423 4266 signaverit
1447 4189 1482 4247 et
1508 4182 1542 4246 in
1578 4182 1669 4247 dicta
1704 4183 1845 4267 supplic.

480 4287 627 4371 positum
653 4285 761 4365 fuerit,
792 4308 808 4348 u
825 4306 893 4349 non
911 4288 996 4350 obst.
1021 4287 1111 4369 quod
1127 4285 1217 4350 idern
1234 4284 1393 4351 Matheus
1408 4284 1588 4369 quamdam
1612 4286 1732 4369 capell.
1748 4306 1843 4370 perp.

481 4390 514 4451 in
542 4389 632 4453 dicta
656 4390 749 4468 eccl,
777 4388 869 4472 cujus
895 4388 1043 4453 redditus
1067 4389 1151 4454 adeo
1177 4397 1296 4454 tenues
1320 4390 1467 4453 existunt
1492 4390 1582 4472 quod
1605 4409 1668 4454 nec
1691 4387 1846 4453 sufficere

481 4500 621 4577 possunt
637 4492 680 4557 ad
695 4491 977 4556 sustentationem
989 4492 1134 4557 bominis
1147 4494 1251 4557 etiam
1261 4492 1417 4577 pauperis
1427 4499 1461 4555 et
1471 4492 1514 4556 ad
1525 4490 1691 4556 decimam
1707 4499 1846 4577 propter

481 4597 551 4681 ejus
574 4597 773 4661 tenuitatem
790 4616 859 4659 non
875 4603 1010 4660 taxatur
1027 4619 1056 4676 a,
1073 4618 1137 4680 que
1153 4600 1256 4662 verba
1270 4598 1380 4682 posita
1397 4597 1531 4660 fuerunt
1548 4595 1581 4657 in
1598 4594 1688 4659 dicta
1704 4596 1846 4680 supplic.

481 4719 541 4784 per
557 4700 728 4783 cujusdam
754 4699 853 4764 amici
877 4699 958 4765 dicti
976 4699 1107 4766 Mathei
1124 4701 1232 4785 ipsam
1249 4701 1388 4786 supplic.
1405 4699 1563 4765 dictantis
1593 4698 1846 4783 simplicitatem

481 4806 536 4868 vel
562 4824 705 4868 errorem
723 4827 730 4883 ;
748 4811 782 4868 et
798 4825 840 4867 ex
861 4804 908 4867 eis
932 4804 1022 4869 dicte
1038 4805 1069 4868 S.
1082 4802 1122 4868 V.
1138 4805 1244 4887 gratia
1260 4825 1279 4868 a
1295 4805 1443 4889 pluribus
1460 4802 1656 4888 subreptitia
1671 4813 1847 4868 censeatur

482 4910 535 4972 vel
553 4917 717 4993 suspecta,
734 4908 813 4972 licet
828 4928 944 4972 verum
961 4909 1003 4972 sit
1019 4908 1110 4992 quod
1125 4908 1215 4973 dicta
1231 4909 1348 4993 capell.
1365 4908 1408 4972 ad
1423 4908 1588 4973 decimam
1605 4927 1673 4971 non
1689 4914 1845 4986 taxetur;

483 5021 648 5096 quatenus
663 5012 852 5095 hujusmodi
879 5013 989 5077 verbis
1012 5032 1080 5077 non
1105 5015 1191 5076 obst.
1208 5012 1298 5076 dicta
1314 5012 1514 5097 supplicatio
1531 5010 1562 5073 in
1579 5009 1711 5075 residuo
1727 5010 1769 5075 de
1786 5030 1845 5074 sua

516 5220 536 5264 l.
549 5217 611 5265 Voir
623 5234 648 5266 n.
662 5219 716 5267 79⁴5.
727 5243 759 5250 -
771 5218 794 5264 2.
806 5216 868 5264 Voir
880 5232 904 5265 n.
917 5219 971 5265 lla.
