4650 6059
989 801 1076 873 1349,
1100 802 1139 863 22
1162 802 1230 864 mai.
1728 805 1790 868 447

475 959 573 1022 1710.
591 954 684 1039 Mag.
701 952 847 1019 Nicolao
863 952 1009 1037 Jougleti
1024 962 1043 1031 ¹,
1056 951 1259 1016 Ambianen.
1272 951 1370 1031 dioc,
1386 950 1429 1016 de
1440 953 1517 1017 ben.
1530 954 1612 1018 eccl.
1624 973 1653 1018 c.
1669 973 1698 1019 c.
1715 961 1791 1035 etc,

463 1060 473 1123 l
487 1060 563 1125 coll.
580 1066 645 1124 etc.
662 1058 779 1123 decani
796 1066 831 1123 et
846 1056 985 1143 capituli
998 1055 1030 1120 S.
1041 1054 1209 1119 Vincentii
1220 1053 1263 1119 de
1278 1053 1439 1139 Senogiis,
1456 1052 1673 1121 Cameracen.
1691 1056 1790 1138 dioc,

462 1164 531 1227 :iam
547 1161 573 1228 si
590 1161 761 1247 prebenda
776 1161 898 1227 existat
912 1183 920 1239 ;
937 1180 1005 1225 non
1022 1161 1108 1225 obst.
1124 1157 1278 1243 parroch.
1295 1158 1388 1239 eccl,
1401 1178 1460 1223 seu
1468 1159 1624 1243 portione
1636 1160 1791 1244 parroch.

462 1265 570 1331 eclesie
586 1263 625 1329 B.
643 1262 836 1348 Margarete
852 1263 886 1327 in
902 1263 934 1329 S.
959 1262 1166 1342 Andomaro,
1193 1259 1361 1326 Morinen.
1388 1260 1486 1341 dioc,
1512 1282 1612 1346 quam
1638 1263 1789 1342 obtinet;

462 1388 604 1452 rsamque
619 1375 809 1452 permutare
825 1367 948 1446 valeat,
965 1364 991 1431 si
1009 1365 1119 1451 ipsum
1142 1363 1268 1429 virtute
1290 1363 1456 1449 presentis
1467 1365 1574 1449 gratie
1589 1366 1790 1432 beneficium

463 1471 699 1557 rcompassibile
729 1491 805 1536 cum
836 1468 956 1534 eadem
983 1469 1138 1555 parroch.
1169 1468 1312 1534 ecclesia
1342 1489 1400 1534 seu
1426 1468 1581 1554 portione
1613 1470 1790 1555 contigerit

464 1585 620 1661 coeptare.
635 1615 678 1623 —
695 1573 831 1639 Habeat
846 1581 884 1638 ut
899 1594 1009 1659 supra.

483 1732 569 1794 1711.
587 1727 678 1813 Mag.
693 1728 825 1807 Jacobo
842 1727 993 1809 Comitis,
1015 1727 1233 1794 Cameracen.
1248 1728 1345 1809 dioc,
1367 1728 1410 1794 de
1433 1749 1507 1794 can.
1531 1732 1591 1794 sub
1606 1750 1682 1815 exp.
1698 1733 1791 1815 preb.

464 1833 514 1896 ccl.
529 1830 567 1897 B.
585 1830 694 1896 Marie
716 1831 970 1911 Anthoniensis,
995 1830 1087 1896 dicte
1111 1830 1198 1896 dioc.
1218 1854 1227 1912 ;
1254 1852 1322 1896 non
1349 1834 1434 1897 obst.
1461 1832 1613 1917 parroch.
1641 1834 1723 1898 eccl.
1750 1833 1791 1899 de

462 1932 608 2019 ioegnies,
623 1936 714 2002 dicte
729 1936 831 2015 dioc,
848 1936 942 2018 cujus
965 1936 1091 2001 fructus
1114 1943 1190 2015 etc,
1216 1935 1399 2002 secundum
1422 1936 1634 2001 taxationem
1650 1936 1791 2016 decime,

464 2038 558 2105 olibr.
574 2038 743 2105 Turonen.
758 2060 890 2126 parvor.
906 2060 975 2105 non
991 2039 1170 2119 excedunt,
1188 2047 1223 2104 et
1246 2038 1435 2125 capellania
1449 2038 1585 2121 d'Asch,
1600 2038 1788 2106 Tomacen.

462 2141 526 2224 ioc,
543 2143 587 2209 ad
611 2142 779 2209 decimam
802 2164 871 2210 non
897 2151 1023 2223 taxata,
1040 2150 1074 2207 et
1097 2142 1189 2226 quod
1212 2162 1284 2208 can.
1308 2147 1368 2208 sub
1384 2163 1460 2229 exp.
1481 2145 1572 2229 preb.
1588 2143 1620 2209 S.
1636 2143 1789 2227 Quintini

462 2248 561 2313 neccl.
578 2247 610 2312 S.
625 2246 833 2331 Aldegundis
849 2245 1090 2312 Melbodiensis
1102 2246 1251 2311 noscitur
1263 2246 1425 2314 obtinere.
1437 2286 1481 2295 -
1491 2244 1629 2312 Habeat
1643 2255 1681 2312 nt
1692 2246 1789 2332 petit.

484 2402 573 2467 1712.
591 2400 683 2486 Mag.
699 2401 800 2466 Petro
815 2399 857 2465 de
873 2400 1057 2487 Lupisaltu,
1073 2400 1115 2465 de
1131 2398 1295 2466 Lauduno
1311 2415 1332 2481 ²,
1348 2400 1391 2466 de
1402 2403 1479 2467 ben.
1489 2402 1582 2483 eccl,
1598 2409 1789 2488 personatu,

462 2506 489 2567 61
513 2505 624 2571 officio
640 2525 668 2571 c.
685 2526 714 2571 c.
730 2513 805 2585 etc,
822 2504 865 2570 ad
880 2505 957 2570 coll.
984 2511 1049 2569 etc.
1064 2503 1185 2570 decani
1201 2512 1236 2568 et
1252 2504 1389 2589 capituli
1406 2526 1445 2570 ac
1470 2504 1673 2591 singulorum
1690 2526 1789 2573 cano

462 2606 580 2674 icomm
607 2617 641 2673 et
665 2608 845 2693 dignitates
871 2606 1068 2672 habentium
1091 2607 1232 2672 ecclesie
1257 2605 1447 2689 Belvacen.,
1469 2608 1572 2673 etiam
1596 2610 1623 2674 si
1650 2608 1683 2674 in
1708 2611 1790 2676 eccl.

463 2712 612 2778 athedrali
643 2712 795 2792 existat3
819 2732 890 2776 non
921 2714 1006 2776 obst.
1037 2711 1129 2796 quod
1152 2732 1226 2777 can.
1254 2720 1288 2777 et
1312 2714 1405 2798 preb.
1433 2721 1468 2778 et
1495 2715 1680 2779 cantoriam
1708 2716 1789 2780 eccl.

462 2819 472 2877 i.
484 2814 565 2881 Piati
581 2814 785 2881 Sicliniensis
800 2824 821 2896 ³,
837 2814 1026 2880 Tomacen.
1038 2815 1136 2896 dioc,
1152 2823 1188 2880 et
1198 2835 1272 2881 can.
1288 2820 1348 2881 sub
1365 2836 1440 2901 exp.
1457 2819 1550 2901 preb.
1566 2818 1648 2883 eccl.
1665 2815 1789 2882 Catha-

462 2937 497 2985 en.
510 2920 659 2985 noscitur
674 2919 835 2984 obtinere.
853 2918 898 2983 Et
912 2917 1033 2984 deinde
1050 2919 1245 2999 concedere,
1258 2927 1295 2984 ut
1304 2919 1430 2986 dictam
1446 2920 1651 3005 prehendam
1667 2919 1789 3012 Catha-

462 3042 499 3089 an.
512 3045 588 3090 cum
604 3024 784 3103 vacaverit,
800 3023 903 3087 libere
918 3023 1030 3088 valeat
1052 3024 1181 3108 assequi
1198 3032 1233 3089 et
1248 3024 1308 3089 sibi
1332 3024 1374 3090 de
1397 3024 1516 3089 eadem
1544 3024 1654 3090 lacere
1679 3024 1790 3110 provi-

462 3128 501 3190 eri
515 3152 523 3207 ;
539 3128 818 3193 reservationibus
835 3126 930 3191 sactis
946 3135 980 3192 et
1003 3125 1163 3193 faciendis
1187 3147 1255 3191 non
1282 3129 1492 3192 obstantibus
1516 3128 1790 3211 quibuscumque.

463 3269 479 3278 -
503 3232 637 3297 Habeat
660 3230 702 3295 ad
729 3231 804 3294 coll.
832 3230 1068 3314 praedictorum
1098 3230 1216 3295 decani
1248 3240 1282 3295 et
1313 3232 1450 3317 capituli
1477 3231 1667 3311 Belvacen.,
1692 3239 1729 3296 ut
1756 3232 1789 3296 111

462 3354 544 3416 mna,
561 3335 784 3414 communiter
798 3336 851 3397 vel
867 3334 1009 3414 divisim,
1025 3334 1067 3398 16
1084 3334 1163 3398 data
1182 3356 1198 3415 9
1216 3334 1281 3399 kal.
1295 3336 1378 3419 junii
1395 3345 1427 3400 a⁰
1444 3339 1486 3402 8⁰.

481 3497 570 3555 1713.
589 3487 678 3573 Mag.
697 3488 855 3553 Eustacio
870 3487 912 3552 de
930 3485 1112 3570 Malorege,
1130 3485 1308 3554 Belvacen.
1325 3489 1422 3568 dioc,
1446 3489 1488 3554 de
1504 3492 1580 3555 ben.
1598 3492 1680 3556 eccl.
1697 3512 1790 3576 spec·

463 3604 523 3658 11116
539 3594 583 3658 ad
599 3594 675 3657 coll.
692 3601 768 3671 etc,
785 3591 944 3676 episcopi,
960 3590 1077 3654 decani
1102 3598 1137 3653 61
1154 3591 1291 3675 capituli
1308 3595 1389 3657 eccl.
1408 3593 1576 3677 Bajocen,
1593 3594 1739 3658 etiamsi
1757 3595 1790 3658 in

462 3699 511 3762 ccl.
535 3696 719 3762 cathedrali
748 3718 755 3773 3
782 3716 849 3759 non
878 3697 964 3759 obst.
991 3693 1081 3777 quod
1106 3694 1259 3777 parroch.
1285 3698 1367 3761 eccl.
1396 3696 1426 3761 S.
1453 3696 1542 3761 Petri
1573 3696 1616 3761 de
1641 3695 1790 3779 Braquis,

462 3803 569 3866 lemen.
586 3801 683 3880 dioc,
701 3809 735 3864 et
763 3798 1035 3884 expectationem
1052 3797 1095 3861 ad
1111 3799 1187 3862 coll.
1212 3808 1288 3877 etc,
1312 3799 1482 3883 prepositi,
1507 3799 1624 3863 decani
1650 3808 1684 3862 et
1701 3799 1790 3882 capi-

462 3905 491 3968 rli
506 3905 648 3970 ecclesie
664 3905 695 3967 S.
714 3903 804 3966 Petri
822 3902 1012 3981 lnsnlensis,
1035 3901 1222 3966 Tomacen.
1239 3901 1336 3981 dioc,
1361 3902 1524 3966 obtineat.
1547 3939 1578 3948 -
1601 3900 1738 3964 Habeat
1754 3910 1791 3965 ut

463 4008 585 4073 rsorma
602 4007 646 4072 ad
661 4008 737 4071 coll.
754 4006 871 4071 decani
890 4014 923 4068 et
941 4004 1077 4088 capituli
1101 4005 1183 4069 eccl.
1200 4003 1368 4089 Bajocen,
1393 4004 1615 4069 communiter
1639 4003 1791 4067 116111111-

462 4109 503 4190 im,
518 4111 650 4176 etiamsi
668 4111 701 4174 in
718 4112 799 4174 eccl.
818 4109 1015 4173 cathedrali.

482 4255 575 4313 1714.
601 4247 692 4332 Mag.
720 4247 820 4311 Petro
844 4247 885 4310 de
912 4246 1060 4330 Wargni,
1086 4245 1303 4311 Cameracen.
1329 4246 1426 4326 dioc,
1453 4245 1496 4310 de
1528 4266 1603 4311 can.
1631 4248 1690 4311 sub
1716 4266 1791 4329 exp.

464 4355 521 4417 reb.
536 4353 568 4416 S.
586 4351 738 4435 Quintini
756 4351 789 4413 in
807 4352 888 4414 eccl.
905 4350 936 4413 S.
953 4349 1158 4432 Aldegundis
1170 4347 1420 4429 Melbodiensis,
1433 4347 1581 4433 ejusdem
1594 4349 1680 4414 dioc.
1696 4371 1704 4428 ;
1721 4369 1789 4412 non

463 4456 516 4521 bst.
532 4477 605 4521 can.
631 4463 665 4520 et
690 4458 781 4539 preb.
799 4452 836 4517 B.
856 4451 905 4516 hl.
923 4452 1105 4537 Hoyensis,
1123 4452 1282 4517 Leodien.
1306 4452 1403 4533 dioc,
1424 4473 1507 4536 quos
1528 4453 1669 4532 obtinet,
1686 4451 1791 4536 quod·

462 4578 499 4635 ¹ue
513 4563 638 4625 electus
654 4568 704 4623 est
721 4559 755 4621 in
772 4557 938 4621 decanum
954 4557 1056 4641 ipsius
1083 4555 1234 4635 ecclesie,
1263 4563 1298 4618 et
1325 4555 1414 4638 quod
1441 4554 1484 4619 ad
1508 4554 1710 4639 dignitatem
1732 4575 1790 4618 seu

462 4659 578 4727 ›fficium
595 4663 697 4747 ipsius
713 4662 853 4726 ecclesie
871 4660 1027 4724 vacantia
1043 4659 1097 4723 vel
1121 4667 1282 4722 vacatura
1309 4667 1359 4722 est
1384 4667 1576 4743 expectans.
1592 4700 1635 4707 —
1653 4659 1789 4723 Habeat

463 4773 480 4825 tt
491 4768 578 4849 petit.
596 4772 666 4850 (19,
685 4769 787 4847 2105).

490 4912 574 4974 1715.
592 4904 683 4990 Mag.
699 4904 847 4981 Johanni
865 4905 905 4968 de
932 4904 1065 4983 Hersin,
1090 4904 1304 4967 Attrebaten.
1332 4900 1429 4980 dioc,
1457 4900 1499 4964 de
1526 4903 1601 4964 ben.
1618 4900 1699 4964 eccl.
1717 4920 1745 4963 c.
1762 4919 1790 4962 6.

462 5015 515 5084 etc,
528 5019 706 5093 personatu
723 5011 775 5071 rel
793 5007 905 5072 ollicio
932 5016 1007 5087 etc,
1025 5008 1068 5071 ad
1085 5007 1160 5071 coll.
1178 5015 1242 5069 etc.
1260 5003 1379 5068 decani
1397 5013 1431 5067 et
1448 5003 1583 5087 capituli
1601 5004 1683 5067 eccl.
1701 5001 1792 5065 Pari·

468 5134 686 5157 g—

492 5215 506 5259 l·
516 5217 606 5279 bouillo,
621 5224 654 5281 ll,
667 5224 722 5270 olis.
732 5250 763 5259 -
776 5226 796 5269 2.
812 5223 972 5269 1611113112.
986 5248 1016 5253 -
1033 5224 1056 5267 3.
1069 5218 1151 5276 l'idnl,
1166 5232 1191 5270 11.
1202 5219 1273 5265 3012.
