4650 6059
482 748 540 815 814
1030 745 1115 821 1347,
1139 745 1192 809 5-6
1215 745 1298 817 mai..

482 897 664 978 Lamberti,
689 897 766 962 cler.
793 905 828 961 et
854 895 1046 961 cubicularii
1072 894 1133 975 sui,
1159 915 1249 981 spec.
1273 915 1320 980 gr.
1346 894 1509 961 facientes
1531 894 1574 961 de
1597 915 1672 960 can.
1696 903 1731 959 et
1754 899 1836 981 preb.

482 1001 514 1066 S.
541 1000 632 1066 Petri
655 1000 813 1081 Ariensis,
839 997 1006 1065 Morinen.
1020 998 1119 1079 dioc,
1136 1018 1220 1082 quos
1236 998 1271 1062 in
1286 996 1407 1064 eadem
1423 999 1506 1065 eccl.
1521 998 1650 1083 Symon
1674 999 1838 1082 quondam

482 1104 619 1190 Vayreti
648 1111 668 1185 ¹,
696 1102 752 1188 qui
778 1111 874 1169 extra
902 1101 1001 1169 Rom.
1028 1122 1096 1169 cur.
1119 1102 1210 1167 diem
1237 1101 1356 1167 clausit
1382 1109 1581 1182 extremum,
1607 1101 1689 1166 dum
1705 1102 1838 1182 viveret,

481 1209 666 1288 obtinebat,
682 1227 756 1273 vac.
773 1206 806 1272 in
823 1205 923 1272 Rom.
939 1226 1007 1272 cur.
1023 1226 1065 1271 ex
1080 1226 1170 1292 spec.
1185 1205 1411 1271 reservatione
1426 1205 1470 1271 de
1486 1204 1565 1291 ipsis
1580 1225 1640 1291 per
1652 1205 1684 1270 S.
1695 1204 1736 1271 V.
1748 1205 1839 1286 facta,

481 1312 590 1378 eidem
619 1311 792 1376 Dalmatio
818 1309 1001 1395 dignemini
1027 1309 1227 1395 providere;
1252 1330 1320 1376 non
1340 1313 1426 1377 obst.
1442 1309 1533 1394 quod
1549 1308 1640 1374 idem
1656 1309 1841 1375 Dalmatius

481 1416 647 1501 capellam
663 1436 722 1480 seu
748 1415 830 1479 eccl.
846 1412 889 1480 de
904 1415 987 1495 Ans,
1010 1412 1182 1493 Leodien,
1198 1420 1233 1478 et
1249 1414 1368 1499 capell.
1398 1411 1548 1498 d’Aylly,
1573 1413 1788 1494 Ambianen.,
1804 1433 1841 1478 ac

481 1536 554 1582 can.
581 1520 641 1582 sub
668 1538 745 1602 exp.
768 1519 872 1603 preb.,
897 1526 986 1582 auct.
1013 1523 1135 1597 vestra,
1166 1516 1201 1580 in
1231 1517 1314 1581 eccl.
1347 1514 1521 1597 Fumensi,
1549 1513 1720 1582 Morinen.
1747 1516 1841 1597 dioc,

480 1621 628 1685 noscitur
644 1620 807 1685 obtinere.
824 1658 866 1669 -
883 1618 961 1685 Fiat
977 1618 1018 1685 R.

526 1724 605 1790 Dat.
621 1724 721 1790 Avin.
739 1744 757 1805 3
773 1744 854 1790 non.
870 1723 948 1788 maii
964 1730 997 1788 a⁰
1014 1730 1056 1807 5⁰.
1075 1724 1146 1807 (10,
1168 1724 1255 1808 160).

535 1862 673 1945 1198.
936 1951 938 1955 ,
1409 1952 1412 1959 ¹
1573 1891 1670 1959 1347,
1685 1894 1707 1956 5
1725 1877 1802 1941 mai.

525 1980 626 2065 Supp.
655 1977 842 2059 Elizabeth,
869 1977 986 2060 relicta
1012 1977 1184 2061 quondam
1210 1976 1360 2043 Danielis
1387 1977 1517 2058 Docke,
1535 1976 1726 2045 Tomacen.
1749 1978 1842 2059 dioc,

486 2084 564 2172 [pro
579 2084 646 2149 ind.
662 2083 696 2147 in
713 2090 776 2147 art.
791 2080 907 2168 mort]
925 2122 969 2131 -
986 2081 1062 2148 Fiat
1079 2081 1121 2147 R.

528 2187 608 2252 Dat.
623 2187 723 2251 Avin.
741 2206 758 2270 3
776 2206 854 2251 non.
871 2185 948 2250 maii
964 2193 997 2250 a⁰
1014 2192 1056 2269 5⁰.
1074 2184 1146 2269 (lo,
1167 2185 1255 2269 160).

539 2323 673 2406 1199.
1577 2355 1672 2420 1347,
1687 2356 1709 2417 5
1727 2337 1803 2401 mai.

530 2440 630 2526 Supp.
658 2439 772 2525 Hugo,
798 2439 851 2505 tit.
878 2438 911 2505 S.
937 2438 1108 2504 Laurentii
1136 2438 1170 2503 in
1198 2437 1348 2505 Damaso
1374 2442 1483 2525 presb.
1509 2440 1597 2506 card.
1621 2449 1642 2519 ³,
1670 2448 1763 2524 quat.
1786 2439 1843 2506 sibi

487 2544 521 2609 in
544 2564 629 2629 pers.
652 2542 822 2609 familiaris
849 2542 898 2608 sui
925 2562 1109 2607 commens.
1136 2540 1229 2607 Luce
1255 2540 1298 2608 de
1324 2541 1443 2624 Scotis,
1460 2544 1537 2609 cler.
1555 2540 1724 2609 Morinen.
1751 2543 1844 2623 dioc,

487 2668 576 2734 spec.
599 2667 648 2732 gr.
672 2646 842 2728 facientes,
870 2644 912 2710 de
938 2645 1091 2731 parroch.
1117 2646 1200 2711 eccl.
1223 2645 1266 2710 de
1290 2646 1493 2730 Seninghem
1516 2665 1593 2712 cum
1616 2647 1757 2711 annexis
1772 2646 1844 2725 suis,

486 2750 576 2818 dicte
591 2751 689 2831 dioc,
706 2770 765 2836 per
780 2757 880 2815 mort.
896 2747 1066 2814 Guillelmi
1082 2748 1163 2815 dicti
1176 2750 1208 2813 le
1221 2746 1361 2835 Maigre,
1385 2748 1569 2815 immediati
1586 2749 1694 2814 ultimi
1711 2749 1845 2816 rectoris

486 2853 645 2940 ejusdem,
673 2853 728 2937 qui
753 2873 859 2939 nuper
882 2853 915 2917 in
941 2852 1040 2919 Rom.
1064 2872 1132 2917 cur.
1154 2850 1308 2933 decessit,
1327 2873 1423 2933 vac.;
1441 2852 1534 2937 cujus
1549 2851 1716 2918 fructus...
1736 2872 1775 2937 25
1792 2854 1845 2917 lib.

486 2978 579 3044 parv.
595 2957 684 3038 Tur,
701 2978 767 3023 sec.
783 2965 852 3023 tax.
868 2956 1009 3036 decime,
1025 2955 1176 3020 valorem
1191 2975 1338 3021 annuum
1354 2977 1423 3022 non
1440 2954 1617 3036 excedunt,
1630 2956 1741 3021 eidem
1758 2956 1845 3021 Luce

485 3061 668 3146 dignemini
684 3060 859 3146 providere
875 3083 883 3140 ;
900 3080 968 3126 non
985 3061 1072 3125 obst.
1088 3059 1179 3143 quod
1194 3059 1283 3124 idem
1301 3059 1408 3126 Lucas
1422 3063 1500 3125 ben.
1516 3061 1598 3126 eccl.
1611 3080 1640 3125 c.
1653 3080 1682 3125 c.
1694 3060 1750 3125 vel
1766 3081 1792 3125 s.
1808 3079 1845 3139 c.,

486 3172 644 3248 spectans
669 3164 712 3229 ad
738 3165 814 3229 coll.
842 3166 916 3228 abb.
944 3170 978 3227 et
1003 3182 1100 3228 conv.
1116 3164 1310 3228 monasterii
1335 3163 1366 3228 S.
1383 3161 1473 3228 Petri
1490 3162 1674 3243 Lobiensis,
1691 3162 1734 3228 O.
1751 3163 1782 3229 S.
1799 3162 1845 3240 Β,

485 3267 703 3333 Cameracen.
727 3267 825 3347 dioc,
850 3274 938 3331 auct.
964 3266 1148 3330 litterarum
1172 3267 1232 3331 sibi
1254 3266 1379 3345 dudum
1396 3267 1429 3331 in
1446 3266 1551 3331 forma
1566 3286 1752 3351 pauperum
1769 3287 1846 3332 con·

487 3390 653 3434 cessarum
683 3378 850 3455 expectat,
882 3369 942 3434 sibi
974 3377 1011 3434 ut
1040 3370 1129 3435 dicte
1160 3370 1273 3434 littere
1304 3378 1339 3434 et
1363 3390 1536 3455 processus
1561 3391 1622 3456 per
1648 3391 1705 3435 eas
1731 3371 1847 3449 habiti,

487 3493 526 3537 ac
542 3493 739 3556 quecunque
763 3472 841 3537 inde
865 3481 991 3553 secuta,
1013 3473 1116 3538 etiarn
1141 3482 1320 3558 postquam
1344 3473 1469 3539 dictam
1488 3474 1569 3539 eccl.
1586 3472 1628 3538 de
1645 3473 1847 3558 Seninghem

487 3584 657 3641 assecutus
684 3576 842 3657 extiterit,
867 3576 900 3640 in
924 3597 984 3642 suo
1007 3579 1108 3662 pleno
1131 3580 1250 3643 robore
1266 3586 1497 3662 permaneant,
1513 3577 1556 3642 de
1572 3578 1725 3663 ampliori
1742 3578 1848 3662 gratia

485 3680 722 3746 concedentes.
734 3721 777 3728 -
790 3679 866 3745 Fiat
882 3690 916 3745 et
932 3689 1106 3745 remaneat
1121 3681 1183 3745 sibi
1199 3682 1316 3765 gratia.
1330 3681 1370 3746 R.

531 3785 608 3850 Dat.
624 3785 723 3850 Avin.
741 3806 759 3868 3
776 3806 855 3851 non.
872 3786 950 3850 maii
967 3792 1000 3849 a⁰
1017 3792 1058 3868 5⁰.
1076 3785 1148 3869 (10,
1171 3786 1274 3869 ror).

540 3923 686 4004 1200.
1581 3953 1676 4018 1347,
1689 3954 1710 4015 ς
1727 3937 1805 4002 mat

530 4042 631 4127 Supp.
649 4041 761 4126 Hugo,
778 4041 831 4106 tit.
847 4040 878 4106 S.
895 4040 1065 4105 Laurentii
1090 4041 1123 4104 in
1140 4040 1289 4105 Damaso
1307 4041 1415 4124 presb.
1432 4038 1530 4119 card,
1547 4038 1655 4125 [quat.
1672 4040 1849 4124 capellano

483 4154 521 4207 et
537 4146 742 4229 procuratori
759 4166 819 4209 suo
836 4153 870 4210 et
886 4144 1037 4209 servitori
1050 4164 1110 4209 suo
1120 4144 1282 4209 continuo
1299 4143 1526 4223 commensali,
1541 4141 1849 4228 Aymerico]Clrar·

488 4267 603 4330 reyras
619 4257 638 4326 ³,
655 4247 697 4311 de
713 4268 806 4333 perp.
821 4248 947 4313 vicaria
962 4250 1114 4333 parroclr.
1130 4250 1212 4313 eccl.
1230 4248 1271 4312 de
1289 4246 1514 4328 Mercurinlra,
1532 4245 1728 4312 Narbonen.
1750 4245 1848 4326 dioc,

485 4350 668 4434 dignemini
686 4352 861 4436 providere
876 4375 885 4433 ;
903 4373 970 4417 non
989 4356 1074 4418 obst.
1091 4353 1181 4437 qnod
1198 4374 1271 4418 can.
1284 4361 1318 4418 et
1330 4355 1422 4438 preb.
1436 4351 1469 4415 in
1482 4353 1563 4417 eccl.
1574 4350 1606 4416 S.
1619 4350 1849 4436 Gangericide

488 4455 592 4533 Altra,
619 4454 836 4521 Cameracen.
863 4456 960 4535 dioc,
988 4464 1022 4521 et
1053 4459 1196 4521 ruralem
1224 4458 1304 4521 eccl.
1335 4456 1377 4521 de
1404 4454 1581 4535 Ortalanis,
1607 4452 1727 4520 Elnen.
1750 4453 1848 4531 dioc,

488 4558 637 4622 noscitur
653 4559 814 4624 obtinere.
831 4600 872 4610 -
890 4559 965 4624 Fiat
983 4560 1022 4624 R.

533 4661 610 4726 Dat.
627 4662 727 4728 Avin.
745 4683 762 4745 3
779 4683 859 4728 non.
875 4664 952 4727 nraii
969 4672 1002 4728 a⁰
1020 4675 1061 4746 5⁰.
1079 4666 1149 4749 (10,
1168 4667 1270 4749 ,6va

543 4798 677 4880 1201.
1577 4834 1673 4900 1347,
1691 4819 1711 4881 6
1728 4820 1807 4884 naui.

533 4917 633 5003 Supp.
663 4916 858 5004 Baldoynus
885 4918 1057 5004 Riquardi,
1082 4942 1154 5006 cap.
1180 4930 1213 4985 et
1239 4920 1339 4986 famil.
1364 4920 1404 4985 R.
1427 4919 1463 4986 P.
1487 4920 1577 4986 dom.
1606 4919 1774 5005 Hugonis,
1797 4921 1849 4986 tit.

525 5185 545 5229 l.
558 5183 620 5229 l'oir
632 5197 656 5232 n.
669 5185 722 5242 613,
737 5187 783 5231 615
797 5202 801 5243 ;
816 5184 913 5244 llollal,
929 5187 998 5235 7840.
1011 5214 1040 5220 -
1053 5188 1076 5235 2.
1089 5186 1195 5245 Hugues
1208 5186 1296 5247 Rogcr.
1309 5214 1340 5219 —
1353 5187 1375 5233 3.
1388 5185 1449 5232 Voir
1460 5198 1484 5232 n.
1497 5184 1551 5243 119,
1565 5185 1619 5231 180.
