4650 6059
1008 804 1098 883 1349,
1121 804 1215 869 18-19·
1227 803 1305 885 juin.
1782 810 1844 874 458

479 960 627 1026 ecclesie
642 957 674 1023 S.
690 955 855 1034 Johannis
871 953 1031 1020 Leodien.
1055 963 1138 1021 tunc
1152 975 1227 1020 vac.
1253 952 1396 1021 Matheo
1419 955 1462 1021 de
1488 956 1617 1021 Sanctis
1633 967 1653 1038 ¹,
1669 958 1843 1043 capellano

480 1063 639 1129 familiari
656 1059 833 1127 cardinalis
848 1059 960 1145 ipsine,
975 1058 1120 1142 gratiose
1135 1058 1292 1144 providit,
1309 1059 1443 1143 adjecto
1454 1059 1554 1144 quod,
1571 1080 1649 1125 cum
1665 1061 1843 1147 possessio-

479 1188 564 1233 nem
580 1165 758 1252 pacificam
780 1164 929 1249 ipsorum
944 1182 1018 1227 can.
1045 1171 1080 1228 et
1095 1165 1187 1248 preb.
1215 1162 1300 1228 foret
1315 1163 1466 1250 adeptus,
1496 1165 1649 1250 parroch.
1665 1166 1843 1231 ecclesiam

481 1272 526 1337 de
543 1270 663 1355 Longo
678 1277 785 1356 prato,
801 1267 989 1334 Tomacen.
1012 1267 1110 1348 dioc,
1138 1287 1240 1351 quam
1266 1267 1375 1334 dictus
1392 1266 1552 1335 Matheus
1577 1279 1659 1335 tunc
1683 1270 1844 1356 temporis

476 1375 672 1454 obtinebat,
710 1392 878 1457 quamque
916 1371 1085 1437 Sanctitas
1116 1371 1247 1438 Eadem
1276 1379 1358 1438 tunc
1395 1393 1516 1439 vacare
1557 1374 1717 1454 decrevit,
1753 1374 1843 1440 idem

484 1478 657 1558 Matheus,
681 1484 781 1562 prout
805 1475 849 1541 ad
874 1475 907 1541 id
932 1483 1052 1561 sponte
1076 1495 1112 1540 se
1138 1476 1270 1556 obtulit,
1297 1476 1466 1543 dimittere
1490 1485 1671 1543 teneretur.
1697 1478 1843 1543 Demum

482 1604 565 1649 vero
581 1582 674 1648 dicta
689 1580 866 1660 Sanctitas,
883 1579 925 1645 ad
940 1579 1021 1645 dicti
1045 1578 1221 1646 cardinalis
1244 1581 1534 1667 supplicationem,
1561 1582 1746 1668 predictam
1770 1603 1844 1669 par-

483 1687 578 1753 roch.
594 1685 782 1765 ecclesiam,
810 1704 888 1749 cum
912 1703 989 1748 eam
1012 1703 1072 1769 per
1098 1684 1346 1750 assecutionem
1371 1686 1591 1752 canonicatus
1617 1695 1652 1751 et
1675 1687 1844 1771 prebende

483 1790 712 1877 predictorum
741 1808 861 1854 vacare
892 1787 1113 1871 contingeret,
1144 1787 1382 1854 conserendam
1421 1789 1602 1856 Guillelmo
1638 1790 1844 1870 Descanbot,
1968 1807 1972 1814 ·

484 1894 637 1961 familiari
663 1893 744 1959 dicti
773 1891 961 1971 cardinalis,
986 1891 1158 1957 collationi
1187 1899 1295 1977 apost.
1321 1893 1510 1978 specialiter
1535 1894 1727 1958 reservavit.
1758 1891 1843 1958 Cum

484 2008 610 2079 autem,
627 2006 723 2083 pater
739 1996 804 2077 8³¹⁰,
820 1995 929 2061 dictus
945 1993 1107 2060 Matheus
1132 1995 1300 2061 dictorum
1325 2015 1399 2061 can.
1423 2004 1458 2061 et
1481 1999 1573 2082 preb.
1601 1996 1845 2082 possessionem

484 2102 665 2188 pacificam
695 2108 866 2166 assecutus
895 2098 1003 2179 fuerit,
1034 2106 1069 2163 et
1096 2107 1175 2163 ante
1203 2099 1449 2165 assecutionem
1475 2099 1663 2180 huiusmodi
1698 2101 1845 2186 prefatus

485 2205 686 2270 Guillelmus
702 2203 792 2269 diem
808 2203 964 2269 clausisse
979 2210 1136 2268 noscatur
1151 2211 1351 2284 extremum,
1367 2212 1402 2269 et
1424 2211 1603 2290 propterea
1625 2203 1716 2291 apud
1730 2204 1844 2269 sedem

486 2318 596 2396 apost.
613 2308 723 2374 adhuc
738 2307 829 2374 dicta
843 2306 997 2393 parroch.
1021 2305 1162 2373 ecclesia
1184 2327 1307 2372 vacare
1321 2315 1489 2390 noscatur,
1512 2329 1607 2396 supp.
1624 2308 1713 2374 idem
1740 2308 1845 2374 cardi-

486 2414 573 2479 nalis
588 2421 680 2498 quat.
696 2410 828 2477 Thome
842 2411 885 2477 de
909 2408 1129 2491 Monasterio,
1157 2410 1280 2476 clerico
1308 2408 1541 2479 constantien.
1567 2412 1666 2494 dioc,
1693 2411 1845 2478 familiari

486 2536 547 2582 suo
563 2514 726 2581 continuo
742 2513 969 2594 commensali,
993 2513 1035 2579 de
1050 2513 1204 2599 predicta
1230 2514 1383 2600 parroch.
1407 2516 1548 2581 ecclesia
1564 2517 1611 2583 sic
1635 2536 1710 2581 vac.
1730 2515 1845 2600 digne-

487 2620 569 2685 mini
585 2619 791 2706 providere...
807 2628 843 2684 et
858 2639 927 2683 non
943 2621 1030 2683 obst.
1046 2617 1137 2702 quod
1152 2616 1242 2682 idem
1258 2618 1407 2684 Thomas
1422 2621 1498 2684 ben.
1509 2620 1591 2686 eccl.
1608 2640 1636 2685 c.
1653 2640 1682 2685 c.
1703 2620 1758 2683 vel
1774 2641 1799 2685 s.
1815 2640 1845 2685 c.

489 2722 531 2789 ad
547 2725 624 2789 coll.
639 2724 800 2810 prepositi
821 2731 855 2788 et
883 2722 1019 2807 capituli
1044 2721 1187 2787 ecclesie
1202 2721 1234 2785 S.
1260 2719 1399 2786 Martini
1420 2722 1463 2788 de
1488 2722 1668 2809 Campellis
1693 2722 1728 2786 in
1756 2719 1844 2804 Bria,

489 2827 646 2893 Parisien.
662 2827 760 2908 dioc,
778 2827 980 2893 auctoritate
996 2826 1183 2891 litterarum
1206 2833 1392 2891 vestramm
1407 2826 1441 2890 in
1458 2826 1628 2892 communi
1645 2826 1751 2890 forma
1766 2845 1845 2910 pau-

490 2952 614 3017 perum,
631 2939 828 2997 vacaturum
847 2938 1014 3017 expectat,
1037 2950 1080 2993 ex
1102 2927 1245 2994 uberiori
1272 2928 1363 2995 dono
1385 2930 1491 3015 gratie
1515 2928 1731 3016 providentes
1757 2928 1846 3012 quod

491 3034 678 3119 hujusmodi
694 3035 921 3120 expectative}¹
929 3033 1040 3098 littere
1064 3033 1098 3097 in
1122 3053 1183 3098 suo
1209 3032 1323 3117 vigore
1338 3041 1559 3120 permaneant
1586 3032 1696 3117 quoad
1721 3032 1846 3096 benefi-

494 3137 579 3202 cium
595 3159 620 3202 s.
638 3158 666 3203 c.
689 3176 720 3185 -
743 3137 820 3203 Fiat
845 3137 884 3202 R.
1268 3213 1273 3219 ,

533 3241 613 3306 Dat.
630 3241 729 3306 Avin.
750 3263 786 3324 14
803 3240 869 3305 kal.
883 3242 954 3326 julii
971 3251 1004 3306 η’)
1021 3245 1062 3307 8⁰.
1080 3244 1150 3325 (19,
1167 3243 1250 3325 4rl).

544 3377 682 3459 1742.
1557 3414 1651 3479 1349,
1666 3396 1711 3458 18*
1717 3393 1804 3479 juia.

534 3495 680 3560 Rutulus
703 3498 1002 3582 confirmationem.

533 3600 727 3686 Dignemini
751 3600 981 3665 confirmare...
1254 3681 1257 3685 Ι

534 3702 623 3769 Item
660 3704 759 3768 simili
790 3703 893 3768 modo
923 3704 1224 3788 acceptationem...
1257 3703 1381 3769 factam
1419 3705 1620 3769 auctoritate
1651 3714 1767 3790 apost.⁴
1788 3724 1847 3789 per

497 3807 709 3891 .lr(nal)dum
725 3808 766 3872 de
784 3806 981 3886 MoleriS,U.
991 3806 1022 3884 J.
1033 3807 1218 3888 doctorem,
1232 3808 1432 3873 canonicum
1449 3807 1687 3888 Morinensem,
1698 3809 1740 3873 de
1756 3812 1847 3894 preb.

499 3909 592 3995 ipsius
608 3911 750 3976 ecclesie
765 3931 840 3975 vac.
856 3931 915 3996 per
927 3914 981 3975 ob.
998 3910 1017 3988 J
1021 3911 1164 3977 ohannis
1182 3910 1370 3976 Halouseti.

536 4014 623 4081 Item
639 4015 738 4080 simili
755 4014 857 4079 modo
873 4015 1121 4079 collationem...
1147 4016 1347 4080 auctoritate
1363 4014 1529 4079 ordinaria
1556 4014 1681 4080 laetam
1696 4015 1847 4099 predicto

499 4119 675 4204 Ar(nal)do
690 4118 732 4183 de
750 4117 888 4182 Moleris
915 4118 957 4183 de
972 4118 1138 4184 decanatu
1162 4119 1302 4184 ecclesie
1328 4119 1403 4184 coll.
1421 4117 1459 4184 B.
1476 4118 1596 4184 Verani
1623 4117 1665 4182 de
1689 4117 1846 4202 Jargolio,

501 4223 705 4288 Aurelianen.
723 4222 808 4287 dioc.
825 4263 868 4270 —
886 4221 960 4286 Fiat
978 4222 1039 4287 R...

535 4327 614 4393 Dat.
631 4327 730 4391 Avin.
752 4347 789 4406 14
804 4325 870 4390 kal.
883 4325 954 4410 julii
972 4335 1004 4390 a⁰
1021 4329 1063 4391 8⁰.
1080 4328 1147 4408 (19,
1164 4329 1231 4410 49).

543 4465 685 4551 1743.
1554 4499 1649 4565 1549,
1667 4499 1708 4564 19
1717 4477 1804 4558 jum.

537 4585 624 4671 Sign.
641 4585 673 4649 S.
690 4584 730 4649 V.
747 4583 946 4664 Ludovicus,
964 4604 1077 4648 comes
1095 4582 1260 4664 Flandrie,
1284 4582 1384 4667 quod,
1401 4590 1545 4649 vacante
1561 4583 1665 4646 altera
1692 4582 1846 4667 portione

504 4704 550 4754 seu
564 4688 708 4755 rectoria
724 4687 876 4774 parroch.
903 4687 1044 4751 ecclesie
1064 4687 1095 4752 S.
1122 4686 1289 4764 Johannis
1316 4686 1513 4767 Gaudensis,
1541 4684 1728 4750 Tornacen.
1749 4685 1845 4763 dioc,

505 4806 552 4871 per
579 4802 647 4858 tres
677 4800 823 4857 rectores
848 4791 945 4857 solite
971 4792 1157 4875 gubernari,
1183 4812 1241 4877 per
1272 4798 1416 4855 mortem
1446 4789 1595 4873 magistri
1621 4788 1778 4852 Willelnri
1805 4789 1847 4852 de

508 4889 696 4981 Sleydighen
712 4902 735 4977 ¹,
751 4895 807 4979 qui
825 4916 898 4961 eam
914 4900 994 4960 dum
1008 4895 1135 4960 viveret
1148 4895 1331 4973 obtinebat,
1348 4903 1383 4958 et
1398 4902 1492 4959 extra
1503 4893 1600 4958 Rom.
1614 4892 1738 4957 curiam
1754 4892 1846 4971 obiit,

535 5084 554 5141 a)
569 5083 623 5132 (bd.
636 5084 818 5146 Slcydiglmon.

443 5179 445 5186 .
518 5168 759 5188 5——

539 5223 557 5272 1.
566 5224 622 5275 Voir
633 5243 659 5277 n.
671 5228 725 5287 936,
739 5230 809 5276 1211.
