4650 6059
487 814 550 878 406
997 811 1084 887 1349,
1107 810 1201 876 2127
1222 810 1339 877 1611131.

543 963 688 1046 1509.
1493 994 1590 1060 1349,
1608 995 1648 1041 ar
1667 976 1803 1063 sevrt'er.

533 1080 635 1166 Supp.
651 1078 792 1145 servitor
807 1098 847 1143 ac
862 1076 1033 1143 familiaris
1048 1085 1160 1144 vester
1176 1076 1195 1155 J
1198 1077 1349 1143 ohannes
1364 1076 1500 1143 Punfier
1518 1077 1561 1144 de
1577 1077 1732 1146 Liemoir
1754 1100 1832 1161 ,can

491 1185 572 1250 eccl.
587 1183 624 1249 B.
642 1181 691 1249 M.
710 1181 946 1261 Cennacensis,
963 1181 1125 1249 Leodien.
1152 1181 1251 1262 dioc,
1267 1189 1358 1267 quat.
1375 1181 1435 1247 sibi
1451 1181 1494 1248 de
1511 1203 1585 1248 can.
1601 1191 1637 1248 et
1653 1186 1746 1269 preb.
1769 1185 1832 1250 eccl.

491 1286 522 1352 S.
539 1287 628 1352 Petri
646 1285 859 1366 Casletensis,
877 1283 1045 1351 Morinen.
1070 1284 1169 1365 dioc,
1185 1305 1259 1351 vac.
1275 1283 1319 1350 ad
1343 1305 1479 1371 presens
1505 1284 1597 1372 apud
1612 1286 1731 1353 sedem
1746 1295 1833 1374 apost.

490 1411 549 1476 per
564 1397 708 1455 mortem
733 1387 903 1473 quondam
929 1386 1067 1453 Martini
1094 1387 1137 1454 de
1163 1387 1349 1468 Heusdine,
1377 1388 1525 1474 ejusdem
1552 1389 1641 1455 sedis
1668 1390 1832 1477 apostolice

490 1494 657 1579 capellani
672 1505 694 1574 ²,
710 1493 766 1578 qui
779 1492 860 1559 olim
875 1492 985 1559 dictos
1000 1513 1076 1559 can.
1092 1499 1127 1558 et
1142 1495 1235 1578 preb.
1252 1493 1285 1557 in
1310 1492 1401 1558 dicta
1424 1493 1506 1559 eccl.
1522 1492 1604 1559 dum
1620 1494 1754 1560 viveret
1766 1494 1832 1561 obti-

490 1600 602 1679 nebat,
619 1606 654 1662 et
668 1617 775 1682 nuper
790 1605 885 1661 extra
902 1594 1000 1662 Rom.
1013 1596 1138 1662 curiam
1150 1596 1241 1662 diem
1253 1597 1371 1662 clausit
1382 1606 1582 1679 extremum,
1594 1606 1631 1665 et
1643 1599 1738 1684 cujus
1751 1602 1831 1666 bene·

491 1701 566 1767 ficia
580 1711 659 1766 ante
672 1701 774 1786 ipsius
789 1702 843 1766 ob.
859 1699 989 1765 fuerant
1004 1699 1214 1786 dispositioni
1241 1699 1331 1766 dicte
1354 1701 1441 1767 sedis
1455 1710 1633 1784 reservata,
1651 1702 1831 1770 cumomni

489 1808 551 1870 bus
563 1804 690 1889 juribus
705 1813 741 1870 et
756 1803 967 1890 pertinentiis
993 1804 1060 1869 suis
1076 1803 1185 1869 eidem
1201 1803 1350 1881 Johanni
1365 1803 1550 1890 dignemini
1566 1805 1757 1891 providere,
1771 1827 1829 1873 cum

489 1908 699 1989 inhibitione,
715 1907 853 1973 decreto
879 1915 914 1971 et
940 1906 1095 1972 anteferri
1121 1906 1278 1973 clausulis
1292 1930 1301 1989 ;
1326 1928 1395 1974 non
1411 1910 1497 1974 obst.
1514 1908 1606 1993 quod
1622 1908 1714 1974 idem
1724 1907 1829 1987 Johan-

489 2032 549 2076 nes
564 2031 637 2077 can.
654 2020 689 2077 et
704 2014 796 2097 preb.
813 2011 846 2075 in
862 2010 953 2076 dicta
968 2013 1050 2077 eccl.
1067 2010 1106 2078 B.
1123 2009 1173 2077 M.
1200 2010 1437 2093 CennacensiS,
1458 2011 1548 2078 dicte
1565 2011 1730 2079 Leodien.
1751 2013 1828 2091 dioc,

491 2115 640 2180 noscitur
668 2115 829 2196 obtinere,
844 2134 903 2179 seu
919 2114 1009 2199 quod
1035 2114 1160 2180 dudum
1177 2114 1296 2181 eadem
1312 2115 1343 2181 S.
1360 2114 1400 2181 V.
1416 2115 1527 2182 eidem
1542 2114 1562 2194 J
1565 2116 1692 2183 ohanni
1708 2116 1827 2203 gratiam

490 2217 605 2283 feeerit
620 2217 662 2283 de
678 2239 752 2283 can.
765 2225 800 2282 et
815 2220 908 2303 preb.
924 2219 1006 2284 eccl.
1022 2218 1054 2283 S.
1071 2217 1167 2283 Pauli
1194 2218 1367 2302 Leodien.,
1391 2218 1433 2285 de
1460 2218 1580 2305 quibus
1603 2220 1828 2307 possessionen

491 2321 641 2387 nondum
658 2321 770 2386 extitit
785 2328 965 2387 assecutus.
980 2361 1024 2371 —
1040 2319 1117 2387 Fiat
1133 2320 1174 2387 R.

534 2424 612 2490 Dat.
627 2424 728 2489 Avin.
746 2444 763 2504 9
779 2422 845 2489 kal.
857 2432 955 2490 mart.
971 2433 1004 2490 a⁰
1021 2432 1063 2509 7⁰.
1080 2426 1150 2510 (17,
1171 2424 1258 2510 179).

544 2558 680 2640 1510.
1500 2593 1597 2660 1349,
1614 2593 1656 2657 ³3
1664 2575 1796 2661 sevrier.

532 2674 655 2760 Supp...
672 2673 821 2740 Michael
836 2675 879 2741 de
895 2674 1003 2757 Mota,
1013 2676 1067 2742 lic.
1084 2676 1117 2740 in
1130 2684 1192 2742 art.
1207 2684 1243 2742 et
1258 2676 1395 2742 studens
1410 2676 1529 2762 injure
1545 2696 1619 2742 can.
1635 2686 1656 2757 ³,
1682 2673 1826 2742 Morinen.

488 2776 585 2859 dioc,
602 2788 694 2863 quat.
710 2779 771 2844 sibi
787 2778 920 2846 decan.
936 2788 971 2844 et
985 2782 1078 2866 preb.
1095 2781 1177 2845 eccl.
1194 2779 1225 2846 S.
1242 2778 1331 2845 Petri
1345 2778 1557 2861 Casletensis,
1576 2778 1668 2845 dicte
1682 2777 1826 2845 Morinen.

487 2880 585 2963 dioc,
601 2902 674 2948 vac.
690 2881 733 2948 ad
758 2903 895 2969 presens
920 2903 980 2969 per
1007 2885 1061 2949 ob.
1079 2880 1219 2948 Martini
1239 2882 1320 2949 dicti
1344 2882 1387 2948 de
1411 2881 1602 2968 Odinghen,
1628 2882 1717 2949 sedis
1740 2886 1825 2968 apost

488 2985 725 3071 capellani,qui
742 2994 837 3051 extra
854 2986 952 3053 Rom.
969 2987 1093 3053 curiam
1108 2987 1199 3053 diem
1215 2987 1333 3054 clausit
1348 2995 1536 3053 extremum
1545 2996 1566 3068 ⁴,
1573 2986 1756 3073 dignemini
1769 3001 1825 3072 pro

487 3089 600 3153 videre
615 3111 623 3170 ;
640 3111 709 3155 non
725 3092 811 3155 obst.
828 3089 917 3173 quod
932 3090 1084 3176 parroch.
1101 3092 1184 3157 eccl.
1194 3089 1236 3156 de
1249 3089 1576 3176 Etthlinghenjuxta
1593 3088 1825 3174 brugisffoma·

489 3211 562 3257 cen.
573 3193 671 3273 dioc,
688 3202 722 3257 et
740 3193 923 3277 quamdam
938 3193 1108 3260 modicam
1133 3196 1320 3280 cappellan.
1337 3195 1370 3259 in
1395 3195 1478 3260 eccl.
1504 3192 1674 3259 Morinen.
1691 3198 1824 3259 noscatu

489 3296 650 3360 obtinere.
668 3295 798 3360 -Fiat
815 3296 855 3361 R.

533 3398 603 3464 Dat
614 3399 714 3464 Avin.
733 3418 750 3482 7
767 3397 833 3464 kal.
850 3408 947 3466 mart.
964 3407 998 3465 a⁰
1015 3409 1054 3484 7⁰.
1072 3405 1143 3484 (17,
1164 3403 1266 3485 177').

543 3536 672 3619 1511.
1502 3569 1596 3634 1349,
1613 3551 1795 3638 27sdvrier.

531 3652 586 3719 Ad
598 3653 879 3739 supplicationem
894 3654 1013 3722 decani
1028 3664 1063 3721 et
1079 3657 1217 3743 capituli
1242 3656 1383 3723 ecclesie
1400 3654 1566 3721 Morinen.
1583 3653 1645 3719 fuit
1672 3654 1760 3720 facta
1772 3671 1826 3737 gra·

489 3758 537 3823 tia
564 3779 651 3843 mag.
678 3756 824 3835 Johanni
849 3760 891 3825 de
918 3759 1128 3825 Warmerrua
1142 3768 1162 3842 ⁵,
1179 3781 1268 3845 mag.
1294 3761 1327 3824 in
1354 3760 1469 3839 theol,
1484 3757 1527 3823 de
1548 3757 1725 3823 scolastria
1748 3755 1827 3843 ipsius

488 3863 629 3928 ecclesie
644 3882 718 3929 vac.
735 3861 777 3928 ad
789 3884 926 3949 presens
940 3863 983 3929 de
1000 3864 1090 3930 facto
1115 3885 1192 3929 cum
1217 3864 1341 3929 unione
1369 3862 1465 3927 unius
1492 3862 1662 3948 prebende
1686 3884 1746 3951 per
1759 3864 1829 3929 hunc

488 3966 686 4031 modum-
697 3966 916 4033 Providemus
931 3967 973 4033 de
989 3967 1080 4032 dicta
1096 3968 1291 4033 scolastaria
1307 3967 1399 4033 dicto
1415 3967 1575 4051 magistro
1590 3975 1626 4032 et
1638 3965 1682 4032 de
1702 3987 1772 4033 can.
1785 3965 1830 4030 sub

488 4090 563 4155 exp.
580 4073 672 4156 preb.
689 4080 723 4135 et
739 4072 872 4137 unimus
887 4072 977 4136 dicte
994 4072 1166 4136 scolastrie
1182 4072 1367 4157 predictum
1378 4069 1586 4157 prebendam
1601 4078 1792 4136 vacaturam
1804 4067 1830 4130 ir

488 4174 544 4238 illa
560 4175 701 4239 ecclesia
717 4176 750 4237 in
767 4176 831 4239 illis
846 4176 997 4261 partibus
1013 4185 1047 4241 et
1063 4176 1132 4241 sedi
1149 4176 1334 4261 apostolice
1351 4196 1419 4240 non
1436 4181 1653 4256 reservatam,
1670 4193 1712 4240 ac
1728 4170 1786 4240 etsi
1800 4166 1831 4232 sit

487 4284 656 4341 reservata
674 4297 733 4361 per
748 4298 809 4342 nos
825 4278 1013 4363 specialiter
1035 4280 1223 4344 dumtaxat.
1242 4278 1281 4343 R.

532 4378 610 4444 Dat.
625 4379 726 4444 Avin.
746 4401 762 4463 3
781 4380 847 4446 kal.
864 4390 962 4446 mart.
979 4390 1012 4446 a⁰
1026 4390 1068 4466 7⁰.
1087 4384 1156 4466 (17,
1178 4385 1280 4467 179l).

541 4512 672 4595 1512.
1499 4548 1594 4613 1349,
1612 4531 1798 4618 27sevrier.

530 4632 585 4697 8Ιῃθ
601 4632 713 4698 Pater.
731 4632 816 4698 Cum
832 4634 954 4718 bo(ne)
970 4636 1164 4720 me(morie)
1179 4637 1270 4701 dom.
1281 4635 1529 4720 G(aucelmus),
1542 4634 1647 4720 episc.
1656 4628 1830 4703 Albanenl,

485 4735 527 4800 de
543 4756 616 4802 can.
633 4745 667 4801 et
683 4739 775 4823 preb.
791 4738 996 4823 presbiterali
1025 4739 1106 4805 eccl.
1131 4738 1320 4805 Tomacen.
1345 4759 1417 4804 vac.
1442 4758 1502 4824 per
1528 4740 1583 4803 ob.
1611 4736 1780 4805 Lamberti
1798 4733 1830 4799 de

486 4836 629 4921 Ferolio,
646 4841 820 4906 cambrerii
837 4842 885 4907 sui
902 4852 922 4924 ⁷,
950 4841 1121 4908 Ademaro
1136 4842 1179 4907 de
1200 4842 1317 4924 Podio‚
1344 4841 1460 4928 nepoti
1487 4841 1637 4926 ejusdem
1666 4836 1829 4911 Lambeni

517 5092 537 5136 1.
552 5091 612 5138 Voir
624 5106 649 5140 n.
668 5093 739 5141 1306.
751 5122 782 5131 -
801 5094 824 5141 2.
836 5094 898 5140 Voir
909 5107 934 5141 n.
948 5094 1002 5139 391.
1014 5120 1046 5128 -
1066 5093 1089 5140 3.
1101 5091 1163 5138 Voir
1175 5105 1200 5139 n.
1213 5093 1267 5140 310.
1280 5119 1312 5126 —
1330 5093 1353 5139 4.
1374 5091 1409 5139 Le
1428 5090 1512 5139 meme
1529 5093 1582 5152 qui,
1594 5092 1662 5142 dans
1673 5094 1700 5143 la
1710 5091 1827 5157 supplique

481 5162 640 5224 lirdcdlonte,
654 5172 692 5213 ost
704 5165 795 5228 appele
808 5166 903 5214 Martia
916 5168 948 5214 do
961 5166 1095 5213 llocsdine.
1107 5194 1138 5203 -
1150 5170 1173 5213 5.
1187 5166 1248 5213 Voir
1260 5180 1284 5212 u.
1297 5168 1335 5225 51,
1349 5165 1484 5224 233‚1139.
1497 5192 1528 5201 -
1541 5165 1564 5212 6.
1576 5164 1719 5216 Ganoelme
1729 5167 1759 5215 de
1768 5164 1824 5213 Jmu

478 5235 573 5284 ddcedd
585 5237 609 5284 le
622 5240 652 5285 13
663 5241 726 5286 nott
739 5241 800 5287 1348
813 5239 917 5300 (Euboi,
931 5240 950 5296 l,
965 5239 1016 5299 14).
1028 5266 1060 5274 —
1073 5241 1095 5289 1.
1107 5239 1170 5287 Voir
1182 5253 1207 5288 11.
1218 5241 1288 5288 1248.
