4650 6059
542 786 675 870 ‚xxvlll
1131 783 1337 849 Introduction

553 936 677 1021 justifie
728 936 760 1000 le
808 944 881 1001 mot
919 937 994 999 item
1009 960 1022 1009 ‚·
1070 955 1136 999 une
1178 943 1260 999 note
1290 934 1473 1020 marginale
1513 930 1648 1019 appelle
1686 929 1882 996 l'attention
1913 948 1923 993 ι

559 1063 576 1104 «
593 1039 744 1105 Attende
759 1039 850 1126 quod
866 1039 913 1104 ita
928 1048 999 1104 erat
1015 1038 1048 1103 in
1065 1037 1341 1124 supplicatione»
1370 1038 1438 1122 (14,
1455 1036 1477 1102 1.
1498 1036 1585 1121 126).

603 1144 655 1207 En
671 1164 812 1223 somme,
832 1151 928 1208 toute
956 1142 1146 1209 correction
1173 1141 1253 1206 faite
1293 1162 1347 1207 sur
1369 1143 1419 1205 les
1443 1140 1636 1225 suppliques
1663 1138 1844 1223 originales
1869 1143 1924 1203 est

558 1246 748 1332 reproduite
763 1246 847 1312 dans
862 1248 894 1310 le
909 1246 1056 1333 registro,
1073 1245 1117 1311 ou
1132 1244 1199 1310 l'on
1216 1265 1236 1310 a
1251 1246 1324 1310 soin
1340 1246 1382 1311 de
1397 1244 1573 1327 l'indiquer
1586 1263 1629 1307 en
1645 1262 1760 1327 mange
1780 1262 1787 1306 :

599 1418 734 1478 Corroota
757 1438 806 1496 per
830 1418 982 1478 dominum
1005 1423 1138 1477 nostrum
1156 1416 1187 1476 in
1201 1417 1413 1495 supplicatione
1427 1422 1457 1475 et
1471 1434 1521 1494 per
1534 1415 1583 1476 Jo.
1598 1414 1634 1474 de
1646 1413 1773 1473 Pistorio
1785 1413 1816 1471 in
1831 1411 1923 1490 regis-

559 1513 650 1574 trodo
665 1520 799 1594 precepto
812 1534 864 1574 suo
888 1517 932 1592 (1,
947 1515 969 1576 1.
982 1514 1056 1590 90).

599 1611 736 1672 Oorrecta
750 1612 781 1671 in
802 1612 1012 1691 supplicatione
1032 1629 1083 1690 per
1102 1609 1255 1671 dominum
1283 1617 1461 1671 nostramet
1477 1610 1512 1670 de
1526 1626 1578 1669 suo
1592 1612 1728 1685 precepto
1741 1607 1774 1665 in
1796 1606 1924 1684 registro

577 1710 637 1781 1,1.
657 1714 750 1771 121’.

559 1710 571 1785 (
598 1710 768 1868 0011111111]
788 1807 824 1868 de
846 1808 964 1868 Ardena
985 1807 1048 1867 loco
1070 1805 1265 1866 Namuroensi
1294 1805 1330 1866 de
1354 1812 1490 1884 precepto
1517 1804 1629 1866 domini
1657 1806 1759 1878 nostri,
1783 1810 1819 1863 ut
1844 1802 1923 1864 dom.

559 1904 594 1965 G.
610 1905 645 1965 de
660 1905 766 1965 Bordis
781 1906 912 1965 notarius
925 1906 1028 1965 retulit
1043 1903 1116 1964 mihi
1132 1904 1164 1965 P.
1181 1904 1320 1965 Germani
1343 1906 1386 1982 (n.
1403 1905 1506 1977 2103).

602 2065 682 2132 Une
709 2066 820 2132 feuilie
843 2066 950 2132 reste'e
966 2088 1008 2132 en
1034 2068 1134 2132 blanc
1158 2088 1178 2131 a
1194 2065 1249 2131 ete
1264 2065 1381 2132 barree
1396 2086 1496 2152 parce
1512 2084 1577 2149 que
1592 2065 1624 2129 le
1639 2064 1757 2150 papien
1770 2064 1864 2130 avait
1879 2068 1924 2129 bu

559 2168 689 2247 Ponere,
701 2179 735 2234 et
748 2169 859 2255 qu'ily
875 2171 966 2235 avait
982 2170 1107 2255 danger
1122 2171 1141 2235 d
1157 2170 1333 2236 transcrire
1349 2190 1404 2235 sur
1418 2177 1509 2235 cette
1525 2167 1637 2233 feuille
1653 2188 1719 2232 une
1735 2168 1925 2253 supplique,

559 2274 614 2357 qui
631 2274 731 2339 serait
745 2274 898 2339 devenue
914 2294 1055 2360 presque
1070 2274 1203 2339 illisibIe
1214 2286 1236 2338 ¹.
1249 2274 1403 2354 Ailleurs,
1415 2295 1500 2360 pour
1516 2271 1623 2338 evitet
1638 2272 1672 2336 la
1688 2270 1867 2337 confusion
1883 2291 1928 2338 ou

559 2378 725 2461 peut-etro
741 2398 825 2463 pour
840 2377 964 2442 inserer
980 2379 1076 2463 apr'es
1092 2398 1179 2463 coup
1196 2397 1261 2442 une
1277 2377 1371 2463 pisce
1387 2376 1496 2443 restes
1511 2400 1554 2444 en
1570 2381 1700 2463 arriere,
1728 2384 1759 2448 le
1775 2383 1925 2449 reviseur

559 2480 681 2545 de'fend
714 2482 757 2547 de
792 2481 929 2568 remplir
965 2502 1010 2546 un
1048 2480 1202 2545 feuiilet:
1229 2502 1247 2545 u
1272 2478 1352 2546 Non
1391 2482 1551 2548 scribatur
1580 2487 1655 2571 plus
1681 2486 1714 2550 in
1738 2486 1804 2552 isto
1842 2487 1925 2554 folio

559 2583 713 2650 XXXIII
724 2605 735 2630 ²
746 2608 776 2652 1.
789 2586 854 2652 Les
863 2586 997 2651 renvois
1012 2587 1031 2650 ὲ
1046 2584 1314 2672 d'autrespieces
1326 2605 1370 2650 ou
1382 2587 1401 2650 1
1411 2588 1444 2651 la
1455 2589 1689 2655 continuation
1701 2590 1744 2655 de
1756 2591 1925 2657 certaines

559 2691 812 2775 transcriptions
826 2699 905 2756 sont
920 2689 1191 2775 soigneusement
1206 2688 1360 2773 indiques
1371 2701 1393 2753 ³.

605 2792 669 2858 Les
694 2795 807 2879 pieces
827 2792 1026 2862 chancelees
1049 2811 1134 2878 pour
1158 2812 1258 2857 cause
1274 2790 1316 2856 de
1331 2791 1454 2858 double
1471 2795 1758 2881 enregistrement,
1780 2797 1848 2862 soit
1863 2818 1925 2884 par

561 2917 680 2978 erreur‚
704 2898 770 2963 soit
790 2919 891 2984 parce
914 2919 979 2984 qne
998 2899 1031 2963 la
1050 2896 1145 2983 piece
1170 2917 1190 2961 a
1216 2895 1271 2961 etc
1297 2896 1430 2983 rediges
1446 2919 1523 2965 sous
1538 2922 1603 2966 une
1618 2902 1790 2967 meilleure
1805 2902 1924 2984 forme,

559 3002 625 3068 soit
639 3021 740 3086 parce
756 3022 821 3086 que
836 3004 869 3067 la
884 3001 963 3068 data
979 3021 1000 3066 a
1015 2999 1070 3066 ete
1087 2997 1247 3084 changes,
1265 3008 1342 3065 sont
1358 3021 1450 3067 assez
1466 3008 1683 3071 nombreuses
1701 3025 1710 3072 :

602 3173 768 3251 Registrata
781 3181 825 3234 est
837 3174 907 3235 alibi
921 3178 951 3235 et
965 3174 1030 3234 ideo
1042 3178 1153 3233 cassata
1175 3172 1219 3250 (2,
1233 3173 1255 3233 1.
1272 3179 1341 3243 71”;
1359 3178 1407 3245 21,
1423 3175 1443 3235 f.
1461 3177 1534 3252 71).

601 3270 668 3329 Non
682 3270 807 3330 debebat
820 3272 969 3349 registrari
985 3272 1055 3350 quia
1067 3275 1137 3330 sunt
1152 3270 1182 3329 in
1196 3270 1320 3347 registro
1334 3282 1402 3331 ante
1416 3272 1466 3335 1ο1.
1483 3270 1589 3333 LXIX
1604 3274 1641 3351 (t.
1658 3281 1705 3348 10,
1720 3275 1741 3335 1.
1757 3275 1822 3352 89).

603 3367 694 3426 Vacat
708 3369 777 3446 quia
790 3369 946 3446 registrata
959 3382 1001 3429 est
1016 3366 1088 3428 alibi
1102 3367 1153 3428 fol.
1173 3366 1246 3429 VI¹¹
1278 3367 1315 3444 (t.
1333 3374 1380 3442 19,
1394 3370 1416 3431 f.
1435 3373 1529 3447 169⁷).

606 3461 678 3527 Non
702 3465 826 3526 debebat
843 3467 993 3545 registrari
1017 3466 1087 3547 quia
1105 3465 1177 3526 aiibi
1196 3463 1353 3543 regIstrata
1374 3473 1421 3526 est
1443 3468 1580 3528 videlicet
1601 3468 1654 3528 101.
1676 3467 1787 3530 XLIII
1813 3471 1850 3548 (t.
1875 3476 1923 3547 21,

562 3569 584 3628 1.
601 3568 676 3643 10).

602 3663 768 3723 Canoeliata
782 3662 852 3740 quia
865 3668 964 3739 postea
977 3662 1008 3722 in
1022 3663 1080 3723 alia
1093 3663 1190 3722 forma
1201 3661 1245 3738 (1,
1261 3661 1284 3725 1.
1301 3661 1381 3737 106).

603 3761 770 3821 Canoeiiata
783 3759 853 3839 quia
866 3760 912 3819 ini
913 3761 990 3820 erius
1003 3766 1047 3820 est
1061 3761 1092 3819 in
1106 3760 1219 3819 meliori
1233 3760 1329 3819 forma
1343 3759 1374 3819 in
1389 3757 1561 3833 CXXXVL
1581 3761 1624 3838 (1,
1639 3761 1660 3821 1.
1679 3764 1760 3839 132).

602 3860 770 3920 Canceliata
789 3860 859 3939 quia
872 3864 937 3937 post
950 3858 982 3918 in
995 3858 1108 3919 meliori
1122 3858 1217 3918 forma
1230 3859 1261 3918 in
1275 3857 1419 3919 XHI¹¹II
1434 3859 1484 3917 101.
1501 3860 1544 3934 (1,
1560 3859 1580 3917 1.
1599 3860 1691 3936 199”).

601 3960 768 4019 Cancellata
789 3957 859 4036 quia
886 3956 1010 4018 inferius
1030 3964 1075 4017 est
1100 3957 1133 4016 in
1153 3956 1267 4016 meliori
1291 3957 1386 4016 forma
1411 3956 1441 4014 in
1461 3954 1589 4017 XXXII
1615 3957 1654 4019 1ο.
1678 3958 1766 4035 primi
1786 3959 1923 4038 quaterni

562 4057 679 4117 sonandi
695 4056 766 4115 anni
781 4055 823 4132 (1.
839 4053 860 4115 1.
878 4054 973 4131 259').

604 4155 771 4213 (lancellam
785 4151 833 4211 hie
847 4152 917 4231 qnia
929 4152 1084 4230 registrata
1097 4152 1129 4212 in
1143 4171 1221 4211 anno
1235 4151 1348 4211 decimo
1361 4150 1417 4212 sub
1430 4151 1488 4211 alia
1502 4151 1571 4211 data
1593 4151 1657 4229 (20,
1671 4154 1691 4212 1.
1707 4154 1788 4230 123).

607 4317 639 4381 Si
655 4317 736 4381 elles
762 4337 805 4379 ne
829 4322 906 4381 sont
921 4336 981 4401 pas
1004 4314 1212 4397 chancelees,
1237 4316 1270 4380 la
1295 4323 1377 4380 note
1400 4317 1582 4400 marginale
1608 4315 1743 4400 indique
1753 4318 1784 4380 ie
1801 4317 1925 4384 double

564 4420 840 4504 enregistrement
859 4438 866 4483 :

607 4594 686 4653 Alibi
702 4592 824 4653 inferius
837 4592 993 4670 registrata
1008 4592 1087 4669 (1,1.
1106 4593 1186 4669 118).

606 4690 735 4751 Attendo
749 4690 827 4770 quod
842 4691 873 4749 in
888 4689 975 4750 XLV
989 4690 1028 4749 fo.
1045 4695 1089 4749 est
1102 4689 1173 4749 alibi
1187 4696 1347 4769 regestrata
1361 4709 1412 4769 per
1426 4691 1516 4749 olium
1531 4688 1652 4749 modum
1674 4691 1718 4767 (2,
1732 4689 1753 4748 f.
1771 4691 1845 4765 73').

598 4922 619 4969 1.
637 4923 656 4967 t.
674 4920 695 4977 s,
714 4918 733 4968 f.
755 4919 865 4966 isoi-
882 4918 905 4965 a.
922 4921 941 4965 t.
959 4917 997 4973 21,
1017 4915 1035 4962 1.
1053 4915 1092 4963 33.

596 5019 619 5067 3.
637 5017 747 5078 Require
758 5016 980 5063 continuatIonom
992 5013 1083 5060 harum
1095 5013 1250 5075 petitionum
1262 5014 1288 5060 in
1300 5012 1363 5061 folio
1376 5013 1419 5060 CV
1431 5014 1479 5060 sub
1491 5014 1539 5061 hoc
1550 5013 1622 5075 signo
1659 5015 1706 5080 )<·
1742 5019 1805 5080 (1,1,
1821 5022 1899 5083 1001).

597 5127 675 5174 Verte
692 5123 816 5186 usquead
836 5123 927 5170 folium
946 5122 996 5180 CV,
1010 5125 1039 5168 tu
1060 5121 1173 5183 reperias
1191 5119 1321 5167 residuum
1344 5121 1571 5169 confirmationum
1583 5121 1631 5168 sub
1642 5120 1704 5167 data
1716 5134 1775 5167 non.
1787 5134 1852 5181 aug.⁵
1866 5121 1930 5182 quia

566 5200 700 5261 sumentia
712 5199 774 5246 tolia
785 5202 859 5245 orant
872 5196 948 5259 piena
961 5197 1012 5257 (20,
1024 5196 1042 5242 f.
1055 5196 1099 5242 9ον
1109 5209 1115 5251 ;
1127 5194 1161 5244 ci.
1177 5208 1203 5241 n.
1216 5196 1299 5251 2151).
