4650 6059
483 749 545 811 442
1040 744 1128 817 1349,
1152 743 1191 807 22
1215 745 1282 808 mai.

526 907 626 967 1678.
644 896 735 982 Mag.
752 897 873 982 Egidio
899 896 941 962 de
965 897 1074 980 Agn0,
1101 896 1287 981 presbitero
1316 896 1483 965 Morinen.
1510 898 1608 979 dioc.,
1633 898 1677 964 de
1693 902 1828 964 cansub

484 1025 560 1089 exp.
590 1006 682 1089 preb.
709 1001 741 1066 S.
758 1001 847 1065 Petri
876 999 1133 1081 Rothnacensis,
1161 998 1378 1066 Cameracen.
1403 1001 1515 1081 dioc.;
1543 1021 1612 1067 non
1640 1005 1728 1068 obst.
1755 1004 1827 1087 quod

484 1108 635 1193 parroch.
652 1106 733 1171 eccl.
750 1105 791 1170 de
809 1104 1089 1184 Kasekinskerkc,
1117 1104 1267 1189 ejusdem
1295 1104 1463 1172 Morinen.
1479 1107 1577 1187 dioc.,
1592 1107 1743 1173 noscitur
1758 1108 1826 1173 obti-

483 1214 588 1274 110οῐ0
604 1216 626 1289 ⁸,
643 1229 720 1274 curn
736 1207 795 1272 sibi
812 1229 872 1293 per
887 1216 1058 1293 presentes
1073 1207 1171 1272 fuerit
1196 1208 1376 1294 provisum.
1393 1250 1435 1259 —
1460 1209 1607 1292 Habeat,
1623 1219 1658 1276 et
1682 1231 1750 1277 non
1764 1212 1826 1275 resi·

482 1322 563 1398 gnet
579 1313 704 1378 dictam
720 1311 906 1376 ecclesiam.

525 1440 624 1500 1679.
643 1430 734 1516 Mag.
750 1430 770 1508 J
773 1431 898 1496 ohanni
922 1432 1064 1511 Dullart,
1080 1432 1266 1517 presbitero
1281 1431 1467 1499 Tornacen.
1483 1433 1581 1515 dioc.,
1597 1433 1640 1499 de
1665 1438 1743 1500 ben.
1758 1434 1826 1500 eccl.

483 1557 511 1600 0.
528 1557 557 1601 0.
572 1544 648 1616 etc,
665 1535 708 1601 ad
724 1537 800 1601 coll.
816 1544 892 1615 etc,
909 1536 1058 1621 episcopi
1074 1534 1262 1601 Tornacen.
1279 1559 1287 1615 ;
1315 1556 1384 1601 non
1400 1540 1486 1603 obst.
1502 1538 1651 1622 quadam
1667 1539 1826 1625 capellan,

482 1660 583 1722 quarn
600 1640 632 1703 in
649 1641 731 1705 eccl.
747 1640 779 1704 S.
795 1638 814 1716 J
818 1639 959 1704 ohannis
975 1638 1171 1719 Gaudensis,
1187 1639 1335 1724 ejusdem
1352 1640 1449 1721 dioc.,
1462 1643 1610 1707 noscitur
1625 1643 1783 1709 obtinere.
1794 1683 1827 1690 -

485 1743 630 1823 Habeat,
648 1744 723 1827 quia
740 1744 835 1809 alteri
851 1744 893 1808 de
910 1744 1030 1809 eadem
1045 1744 1183 1809 natione
1198 1765 1266 1809 non
1283 1751 1334 1807 est
1351 1743 1441 1809 facta
1456 1743 1646 1828 assignatio.

525 1888 627 1948 1680.
647 1880 738 1964 Mag.
754 1880 875 1946 Livino
902 1880 1018 1967 Vulpis
1035 1895 1055 1961 ¹,
1079 1880 1267 1947 Tomacen.
1295 1881 1392 1962 dioc.,
1420 1880 1463 1946 de
1487 1901 1561 1946 can.
1577 1884 1637 1947 sub
1658 1903 1735 1968 exp.
1749 1885 1827 1967 preb.
1870 1911 1872 1920 ·

483 1984 514 2049 S.
532 1984 689 2050 Rumoidi
707 1984 971 2065 Machliniensis,
998 1983 1213 2051 Cameracen.
1235 1985 1323 2052 dioc.
1339 2008 1347 2065 ;
1375 2006 1443 2051 non
1470 1988 1557 2051 obst.
1572 1986 1665 2069 quod
1680 1987 1827 2072 capellan.
1870 1973 1872 2022 ²

483 2090 577 2173 parvi
594 2090 716 2154 valoris
731 2090 763 2154 in
781 2089 863 2154 eccl.
880 2089 911 2153 S.
930 2088 1086 2154 Rumoldi
1112 2088 1275 2175 predicta,
1293 2097 1327 2154 et
1343 2096 1501 2175 expectet
1516 2087 1559 2153 ad
1583 2090 1660 2154 coll.
1677 2096 1741 2154 etc.
1756 2088 1827 2173 epis·

483 2193 569 2278 copi,
608 2194 778 2278 prepositi,
807 2194 924 2259 decani
961 2202 995 2259 et
1022 2194 1158 2279 capituli
1196 2213 1237 2259 ac
1266 2194 1470 2277 singulorum
1495 2193 1734 2259 canonicorum
1759 2191 1826 2256 eccl.

483 2297 708 2379 Cameracen,
725 2298 948 2364 communiter
963 2299 1017 2362 vel
1032 2298 1176 2378 divisim,
1187 2298 1318 2364 etiamsi
1336 2298 1370 2362 in
1386 2299 1468 2363 eccl.
1484 2297 1679 2377 cathedrali,
1695 2296 1827 2363 noscitur

483 2401 643 2466 obtinere.
660 2442 704 2450 -
720 2400 865 2482 Habeat,
882 2402 960 2486 quia
976 2402 1072 2467 alteri
1098 2402 1140 2467 de
1167 2401 1287 2467 eadem
1314 2402 1454 2467 natione
1469 2422 1537 2466 non
1555 2410 1606 2467 est
1621 2402 1712 2467 facta
1728 2399 1826 2466 similis

482 2504 673 2588 assignatio.
691 2507 760 2589 (19,
779 2506 868 2590 208.)
1870 2513 1872 2586 j

526 2631 622 2691 1681.
641 2623 731 2709 Mag.
749 2624 901 2691 Henrico
917 2625 1066 2706 Pourret,
1093 2625 1291 2705 Tornacen.,
1308 2625 1350 2691 de
1375 2647 1448 2691 can.
1474 2628 1534 2690 sub
1550 2646 1627 2709 exp.
1650 2626 1743 2710 preb.
1758 2622 1824 2687 eccl.

401 2737 404 2743 '
483 2726 513 2791 S.
531 2726 621 2792 Petri
637 2728 793 2808 AriensiS,
811 2727 978 2795 Morinen.
991 2730 1100 2809 dioc.;
1117 2751 1186 2795 non
1203 2732 1288 2795 obst.
1305 2731 1468 2815 capellan.
1486 2728 1524 2794 B.
1537 2727 1586 2794 M.
1597 2727 1641 2793 de
1657 2726 1789 2793 Treillia
1802 2726 1826 2789 in

482 2832 562 2895 eccl.
580 2830 611 2896 S.
629 2830 717 2896 Petri
734 2830 924 2912 insulensis,
948 2831 1135 2898 Tornacen.
1160 2832 1258 2913 dioc.,
1283 2853 1383 2916 quarn
1411 2832 1567 2912 obtinet;
1595 2831 1690 2916 cujus
1707 2831 1827 2903 fructus,

482 2934 665 2999 secundum
680 2935 888 2999 taxationem
904 2934 1043 3016 decime,
1062 2955 1100 3019 25
1118 2936 1190 3001 libr.
1218 2935 1321 3001 Paris.
1338 2938 1488 3001 valorem
1505 2955 1572 3000 non
1589 2935 1766 3006 excedunt.
1780 2949 1832 2998 seu

482 3038 572 3121 quod
587 3058 659 3103 can.
676 3041 736 3103 sub
748 3059 823 3124 exp.
840 3041 932 3124 preb.
949 3039 1030 3104 eccl.
1047 3039 1078 3104 S.
1095 3038 1261 3116 Johannis
1278 3038 1438 3105 Leodien.
1455 3038 1605 3104 noscitur
1619 3038 1781 3103 obtinere.
1795 3070 1834 3085 -ν

484 3139 620 3205 Habeat
636 3149 672 3205 ut
688 3162 796 3226 supra.
814 3143 884 3225 (19,
903 3142 1086 3226 208-2o8l.)

526 3267 626 3329 1682.
645 3260 807 3345 Magistro
823 3261 969 3339 Johanni
1000 3262 1042 3327 de
1073 3261 1189 3342 Gorra,
1214 3264 1426 3327 Attrebaten.
1453 3261 1550 3340 dioc.,
1580 3259 1623 3325 (10
1653 3262 1731 3324 11011.
1759 3256 1839 3324 ecci·

483 3385 510 3428 c.
528 3384 556 3427 c.
573 3371 648 3442 etc,
665 3364 707 3429 ad
734 3366 809 3429 0011.
835 3374 910 3444 etc,
927 3366 1064 3450 capituli
1091 3367 1172 3431 eccl.
1198 3365 1230 3430 S.
1247 3364 1362 3430 Crucis
1389 3364 1630 3443 Cameracen.;
1658 3384 1728 3429 non
1757 3366 1842 3428 obst·

483 3467 572 3550 quod
588 3469 751 3552 capellan.
767 3468 809 3532 de
827 3467 1022 3548 Rikekourt,
1047 3470 1137 3535 dicte
1166 3469 1263 3548 dioc.,
1291 3468 1441 3534 noscitur
1464 3468 1626 3533 obtinere.
1643 3507 1687 3516 -
1705 3466 1842 3532 Habeat

483 3572 705 3635 communiter
722 3573 774 3635 vel
791 3572 934 3651 divisim,
953 3582 989 3637 01
1005 3594 1112 3659 supra.

525 3698 624 3759 1683.
643 3690 733 3776 Mag.
750 3693 888 3778 Symoni
904 3693 946 3759 de
962 3694 1121 3778 Serney0,
1138 3695 1219 3760 alias
1237 3694 1278 3759 de
1295 3693 1326 3758 S.
1345 3692 1505 3774 Lucian0,
1523 3690 1645 3758 clerico
1662 3691 1838 3758 Belvacen.

479 3795 576 3875 dioc.,
601 3796 643 3861 (10
667 3799 743 3862 ben.
770 3798 851 3862 eccl.
879 3817 907 3862 c.
925 3818 954 3862 c.
980 3798 1022 3863 ad
1047 3799 1122 3863 coll,
1150 3806 1242 3876 etc.;
1271 3817 1339 3862 non
1365 3800 1450 3861 obst.
1476 3794 1566 3880 quod
1590 3796 1744 3880 parroch.
1760 3796 1837 3861 eccl.

479 3899 521 3963 (10
537 3898 763 3980 Crenemares,
781 3900 949 3965 Morinen.
965 3900 1052 3966 dioc.
1073 3900 1273 3987 [obtineat],
1299 3901 1392 3985 cujus
1408 3900 1533 3965 fructus
1548 3898 1733 3964 secundum
1747 3907 1835 3964 taxa·

479 4003 606 4068 tionem
622 4003 762 4084 decime,
783 4024 819 4088 15
837 4004 908 4069 libr.
926 4004 1027 4069 Paris.
1038 4025 1106 4069 non
1123 4004 1301 4069 excedunt.
1313 4044 1355 4052 —
1366 4002 1503 4067 Habeat
1518 4002 1562 4067 ad
1578 4002 1786 4068 colldecani
1805 4009 1834 4065 et

481 4108 628 4191 capituli,
654 4108 876 4173 communiter
898 4110 954 4172 vel
970 4108 1113 4187 divisim,
1138 4116 1176 4172 ut
1200 4108 1233 4171 in
1261 4107 1376 4186 forma,
1404 4106 1442 4172 B.
1460 4105 1510 4171 M.
1526 4106 1569 4172 de
1592 4104 1740 4190 Nigella,
1756 4105 1833 4171 dioc.

483 4208 698 4291 Noviomen,
716 4212 817 4275 etiam
834 4211 860 4275 si
877 4212 1093 4276 canonicatus
1109 4220 1143 4276 et
1158 4211 1328 4296 prebenda
1344 4210 1475 4275 existat.

525 4355 628 4413 1684.
646 4347 736 4431 Mag.
752 4348 900 4426 Johanni
927 4348 969 4414 (10
994 4348 1104 4430 Thier,
1130 4350 1314 4434 presbitero
1341 4347 1554 4413 Cameracen.
1582 4347 1681 4426 dioc.,
1709 4347 1751 4414 de
1765 4352 1833 4413 ben.

483 4448 564 4513 eccl.
581 4470 610 4515 c.
627 4471 654 4514 c.
672 4450 715 4515 ad
732 4453 807 4517 coll.
835 4460 910 4532 etc,
936 4454 1066 4518 abbatis
1090 4461 1125 4518 et
1149 4460 1336 4517 conventus
1362 4450 1554 4516 monasterii
1577 4450 1608 4515 S.
1637 4449 1784 4517 Ghilleni
1808 4451 1833 4513 in

484 4552 588 4632 Cella,
602 4553 642 4617 Ο.
660 4554 691 4619 S.
709 4554 758 4635 B,
769 4556 858 4621 dicte
874 4556 960 4622 dioc.
977 4579 985 4637 ;
1001 4577 1068 4621 non
1086 4560 1172 4622 obst.
1183 4556 1382 4641 parrochiali
1399 4555 1481 4620 eccl.
1497 4554 1539 4620 de
1550 4554 1678 4636 Pottes,
1695 4555 1832 4640 ejusdem

483 4654 579 4735 dioc.,
597 4677 698 4740 quam
714 4660 854 4740 obtinet,
872 4661 964 4745 cujus
991 4660 1126 4738 fructus,
1143 4668 1220 4740 etc,
1235 4659 1373 4744 triginta
1389 4658 1497 4723 librar.
1513 4657 1685 4724 Turonen.
1701 4677 1832 4745 parvor,

483 4760 665 4826 secundum
683 4763 893 4828 taxationem
908 4764 1047 4843 decime,
1064 4764 1215 4830 valorem
1240 4784 1308 4829 non
1335 4762 1512 4827 excedunt.
1529 4802 1572 4811 -
1589 4760 1729 4829 Habeat
1752 4782 1832 4828 com·

483 4866 629 4930 muniter
644 4869 698 4931 vel
714 4868 856 4948 divisim,
873 4877 910 4933 ut
927 4869 959 4932 in
976 4869 1092 4934 forma.

513 5017 542 5076 u)
557 5017 578 5063 ll
590 5018 646 5065 doit
658 5031 782 5077 munquer
793 5018 825 5065 ici
837 5032 871 5064 un
885 5018 998 5066 membre
1009 5016 1041 5064 dc
1053 5018 1150 5079 phrase,
1164 5030 1212 5079 par
1223 5030 1262 5064 ex.
1277 5031 1282 5062 :
1295 5030 1370 5078 quarn
1382 5019 1493 5078 paratus
1504 5020 1540 5063 011
1552 5015 1690 5076 resipuere.

518 5165 538 5210 1.
553 5163 716 5226 1101101186.
