4650 6059
480 777 541 876 238
988 775 1075 849 1845,
1099 774 1185 839 13-14
1208 775 1335 840 octobre.

481 929 583 995 etiam
599 928 625 994 si
642 929 676 993 in
689 926 837 994 cathedr.
851 928 999 993 'ecclesiis
1012 926 1194 1006 extiterint,
1205 927 1311 1012 possit
1326 928 1451 994 virtute
1463 928 1725 1015 dispensationis
1740 928 1845 1015 petite

480 1033 572 1097 licite
585 1031 736 1097 obtinere
747 1040 782 1095 et
794 1030 851 1095 illa
864 1050 906 1095 ex
918 1051 1018 1096 causa
1033 1031 1291 1118 permutationis
1306 1032 1475 1099 dimittere
1491 1042 1525 1099 et
1540 1034 1618 1100 loco
1632 1033 1844 1100 dimissomm

480 1138 545 1202 alia
560 1135 717 1221 recipere,
734 1134 889 1219 quotiens
904 1134 965 1199 sibi
981 1134 1158 1214 videbitur,
1180 1135 1362 1220 dignemini
1379 1147 1466 1203 auct.
1484 1146 1592 1224 apost.
1608 1138 1841 1225 dispensare...

482 1250 519 1307 ut
535 1241 568 1305 in
586 1241 701 1306 forma.
720 1276 752 1287 -
768 1238 844 1306 Fiat
859 1239 901 1305 de
917 1259 985 1306 uno
1000 1246 1118 1305 curato
1133 1248 1168 1304 et
1184 1239 1226 1305 de
1242 1239 1371 1308 duobus
1387 1264 1411 1308 s.
1428 1262 1468 1323 c.,
1484 1242 1588 1308 etiam
1605 1244 1630 1308 si
1647 1244 1792 1309 alterum
1804 1243 1844 1309 sit

483 1366 555 1411 can.
572 1354 606 1411 et
622 1346 713 1431 preb.
731 1343 764 1408 in
780 1344 862 1409 eccl.
880 1343 1027 1410 cathedr.
1045 1343 1085 1409 R.

525 1449 603 1514 Dat.
619 1448 719 1515 Avin.
736 1471 754 1532 4
772 1447 815 1514 id.
832 1456 898 1513 oct.
914 1456 947 1513 a⁰
963 1456 1005 1533 4⁰.
1023 1449 1073 1533 (8,
1087 1453 1158 1531 δι’)
1171 1461 1192 1517 ¹.

533 1584 645 1670 942.
1494 1622 1554 1687 134
1558 1622 1588 1684 5,
1606 1621 1645 1685 13
1663 1604 1804 1668 octobre.

525 1704 625 1789 Supp.
642 1702 876 1788 St(ephanus),
892 1702 944 1768 tit.
962 1701 1016 1768 SS.
1032 1701 1199 1780 Johannis
1220 1712 1255 1769 et
1272 1705 1365 1771 Pauli
1380 1708 1488 1791 presb.
1517 1705 1604 1771 card.
1621 1716 1642 1787 ²,
1661 1714 1755 1791 quat.
1770 1726 1843 1793 pro-

432 1865 440 1884 ,
481 1808 594 1874 videre
609 1807 792 1892 dignemini
810 1806 948 1892 Hugoni
975 1808 1115 1889 Alberti,
1133 1809 1221 1890 cler,
1237 1809 1415 1895 pronepoti
1443 1830 1513 1891 suo,
1529 1809 1572 1875 de
1598 1830 1670 1876 can.
1692 1819 1728 1875 et
1753 1814 1842 1896 preb.

481 1915 563 1979 eccl.
579 1910 839 1993 Antisiodoren,
855 1932 939 1996 quos
951 1912 1021 1996 jam
1044 1910 1230 2000 defunctus¹
1244 1931 1333 1995 mag.
1359 1910 1378 1989 J
1382 1912 1532 1977 ohannes
1557 1910 1599 1977 de
1626 1910 1658 1976 S.
1675 1908 1845 1977 Germano

484 2017 657 2085 Montensi
670 2028 690 2098 ³,
707 2018 841 2098 ibidem,
859 2017 939 2083 dum
955 2015 1094 2097 viveret,
1111 2016 1296 2098 obtinebat,
1310 2037 1385 2083 vac.
1410 2016 1499 2103 apud
1517 2016 1631 2083 sedem
1648 2024 1768 2102 apost,
1785 2037 1844 2103 pro

482 2145 524 2190 eo
540 2124 616 2209 quia
632 2123 663 2189 S.
680 2121 720 2189 V.
746 2123 945 2189 decanatum
972 2121 1161 2208 predictum
1189 2122 1383 2203 reservavit,
1404 2131 1439 2187 et
1464 2121 1511 2187 sic
1526 2124 1586 2187 sub
1612 2122 1842 2187 reservatione

482 2228 664 2295 decanatus
679 2227 837 2311 eJusdem,
853 2247 913 2312 per
928 2227 1118 2311 generalem
1143 2225 1405 2292 declarationem
1430 2226 1512 2291 alias
1538 2226 1663 2291 factam
1678 2246 1739 2312 per
1755 2226 1787 2291 S.
1806 2224 1843 2289 E.

483 2353 555 2399 can.
572 2341 606 2397 et
621 2334 713 2417 preb.
729 2330 918 2417 hujusmodi
935 2331 1006 2416 ipsa
1022 2329 1053 2395 S.
1081 2331 1367 2417 comprehendere
1391 2339 1426 2396 et
1441 2350 1611 2395 reservare
1626 2330 1730 2395 etiam
1747 2330 1843 2395 intel·

483 2438 574 2502 lexit.
592 2437 636 2502 Et
652 2456 720 2500 non
737 2437 823 2500 obst.
848 2433 937 2519 quod
963 2432 1053 2500 idern
1071 2432 1175 2518 Hugo
1201 2434 1234 2498 in
1260 2435 1342 2500 eccl.
1367 2433 1399 2500 S.
1415 2433 1598 2500 Audomari
1622 2433 1665 2499 de
1682 2432 1714 2498 S.
1731 2433 1844 2499 Audo

484 2561 586 2621 marn,
603 2540 689 2606 dioc.
707 2538 885 2618 Morinen,
896 2545 984 2604 auct.
999 2538 1186 2619 litterarum
1209 2545 1404 2619 vestrarum,
1421 2541 1481 2604 sub
1509 2559 1584 2625 exp.
1610 2540 1703 2625 preb.
1721 2538 1755 2602 in
1772 2558 1844 2603 can.

485 2646 527 2711 sit
552 2653 707 2731 receptus
720 2666 728 2723 ;
760 2663 817 2716 sen
842 2642 932 2728 quod
958 2643 1000 2709 de
1025 2663 1099 2709 can.
1116 2650 1152 2709 et
1167 2646 1259 2729 preb.
1285 2664 1325 2708 ac
1353 2643 1542 2710 canonicali
1567 2642 1734 2729 portione,
1762 2663 1846 2727 quos

429 2761 434 2770 ·
485 2749 653 2833 quondam
681 2747 866 2814 Richardus
890 2746 932 2812 de
958 2746 1119 2828 Chosens,
1136 2747 1216 2813 olim
1244 2768 1318 2814 can.
1344 2746 1532 2828 valentin,
1548 2754 1620 2812 tam
1645 2745 1731 2812 infra
1747 2767 1848 2832 quam

485 2862 578 2919 extra
593 2853 675 2919 eccl.
692 2851 861 2919 valentin.
877 2852 958 2918 olim
975 2851 1056 2918 dum
1071 2852 1201 2917 viveret
1217 2852 1402 2934 obtinebat,
1418 2873 1477 2939 per
1493 2851 1524 2918 S.
1539 2850 1578 2917 E.
1594 2851 1687 2917 dicto
1705 2850 1844 2936 Hugoni

485 2957 582 3023 suerit
597 2957 767 3044 provisum
782 2979 790 3037 ;
808 2977 867 3023 seu
881 2956 972 3042 quod
987 2956 1091 3023 etiam
1116 2956 1206 3023 idem
1223 2955 1326 3042 Hugo
1353 2956 1386 3021 in
1419 2963 1469 3020 12⁰
1495 2955 1594 3022 etatis
1610 2975 1669 3021 sue
1686 2975 1779 3021 anno
1804 2955 1844 3020 sit

486 3063 538 3126 vel
551 3062 683 3128 circiter
698 3061 910 3128 constitutus.
927 3102 969 3111 -
986 3059 1062 3126 Fiat
1086 3060 1126 3126 R.

531 3165 574 3231 Et
590 3165 680 3250 quod
695 3174 843 3231 transeat
858 3166 930 3231 sine
946 3165 1109 3230 examine.
1126 3206 1169 3215 -
1193 3163 1269 3231 Fiat
1285 3164 1387 3230 etiam
1404 3164 1475 3230 sine
1492 3164 1645 3230 examine
1663 3164 1702 3230 R.

530 3269 608 3335 Dat.
624 3271 723 3335 Avin.
741 3291 758 3354 3
776 3270 819 3335 id.
836 3278 902 3335 oct.
918 3279 951 3334 a⁰
967 3277 1009 3354 4⁰.
1027 3270 1077 3352 (8,
1094 3271 1162 3354 4)¹¹.

538 3408 651 3493 943.
1494 3437 1587 3501 1345,
1605 3439 1643 3500 14
1661 3421 1800 3483 octobre.

531 3526 631 3613 Supp.
648 3526 685 3590 fr.
702 3523 914 3604 BertrandnS,
931 3524 1031 3611 episc.
1048 3524 1209 3608 ildjacen.
1222 3534 1241 3603 ⁴,
1258 3532 1349 3607 quat.
1363 3522 1480 3610 [famil.
1497 3542 1557 3586 suo
1569 3520 1726 3601 Jolranni,
1740 3542 1841 3606 quon-

487 3630 564 3695 dam
582 3629 750 3695 Lamberti
767 3628 810 3694 de
826 3628 997 3694 Sarraceni
1013 3628 1055 3693 de
1079 3628 1261 3708 Dionanto,
1278 3628 1354 3692 cler.
1381 3625 1541 3691 Leodien.
1554 3624 1651 3704 dioc,
1668 3625 1710 3689 de
1727 3625 1842 3710 capell.

487 3735 556 3799 sive
578 3735 673 3800 altari
700 3756 726 3801 s.
742 3754 771 3800 c.
799 3734 832 3799 in
858 3731 896 3799 B.
924 3731 972 3797 M.
991 3730 1170 3797 Dionensis
1194 3732 1286 3811 eccl,
1304 3738 1425 3796 vocata
1440 3727 1531 3794 XI⁰‘“¹
1555 3728 1645 3794 mille
1671 3728 1844 3813 virginum,

485 3838 574 3903 dicte
590 3838 687 3918 dioc,
704 3859 777 3903 vac.
794 3836 882 3924 apud
895 3835 1010 3902 sedem
1037 3842 1144 3920 apost.
1168 3853 1227 3920 per
1254 3837 1307 3899 ob.
1323 3832 1342 3911 J
1347 3833 1489 3899 ohannis
1512 3831 1592 3898 dicti
1618 3831 1749 3912 Sontre,
1767 3832 1845 3897 olim

485 3942 588 4027 ipsius
604 3963 687 4028 cap,
705 3942 759 4027 qui
776 3950 930 4027 tempore
953 3938 1118 4017 Johannis
1141 3959 1228 4025 pape
1252 3937 1353 4003 XXII
1376 3938 1409 4002 in
1435 3957 1502 4003 cur.
1516 3936 1613 4002 Rom.
1626 3935 1717 4002 diem
1731 3937 1847 4002 clausit

485 4056 671 4112 extremum
688 4069 695 4126 ;
715 4047 809 4130 cujus
826 4046 950 4110 fructus
967 4044 1067 4108 annui
1084 4064 1249 4109 summam
1268 4063 1284 4127 5
1302 4042 1427 4108 march.
1443 4062 1510 4125 arg.
1526 4042 1751 4107 communiter
1777 4062 1843 4107 non

486 4151 663 4229 excedunt,
680 4150 863 4235 dignemini
880 4148 1057 4235 providere
1073 4170 1081 4226 ;
1107 4168 1176 4213 non
1202 4150 1288 4212 obst.
1305 4146 1394 4232 quod
1419 4143 1508 4210 idem
1524 4144 1706 4223 Jolrannes
1723 4145 1847 4211 virtute

488 4256 673 4320 litterarum
691 4264 874 4319 vestrarum
900 4252 933 4317 in
951 4252 1119 4318 communi
1146 4251 1264 4331 forma,
1280 4253 1357 4315 ben.
1383 4271 1407 4315 s.
1425 4270 1453 4315 c.
1480 4249 1652 4335 pertinens
1667 4249 1710 4315 ad
1726 4251 1844 4315 coll...

487 4362 562 4423 abb.
580 4368 614 4423 et
631 4379 727 4423 conv.
744 4357 936 4422 monasterii
966 4357 996 4420 S.
1014 4355 1158 4421 Cornelii
1187 4354 1339 4421 indensis
1351 4354 1372 4435 ¹³,
1390 4354 1431 4420 O.
1444 4354 1475 4419 S.
1489 4351 1538 4433 B,
1555 4351 1730 4418 Colonien.
1750 4353 1847 4433 dioc,

488 4462 666 4545 adeoque
683 4461 807 4525 liabent
823 4460 973 4526 conferre
990 4460 1021 4522 in
1039 4459 1125 4525 dioc.
1154 4457 1324 4537 Leodien.,
1341 4459 1489 4524 noscitur
1516 4466 1693 4542 expectare
1710 4480 1718 4537 ;
1747 4479 1846 4541 quam

489 4566 565 4630 coll.
582 4566 641 4630 sibi
659 4565 840 4647 dignemini
857 4584 1034 4628 reservare.
1052 4562 1180 4628 —Fiat
1199 4563 1238 4628 R.

533 4672 611 4736 Dat.
627 4671 728 4736 Avin.
747 4692 763 4735 2
782 4670 824 4734 id.
842 4678 907 4735 oct.
924 4678 956 4735 a⁰
973 4679 1016 4754 4⁰.
1034 4677 1083 4752 (8,
1103 4675 1185 4752 bol).

520 4860 548 4920 a)
564 4860 599 4907 La
609 4858 733 4922 premii-n·
745 4860 811 4909 «loro.
825 4861 868 4919 qui
881 4874 896 4906 n
908 4858 949 4905 isti·
961 4858 1043 4908 oribe
1057 4858 1120 4922 emir
1138 4875 1142 4905 :
1156 4859 1252 4904 Jrntom
1265 4875 1306 4921 repr.
1325 4856 1505 4903 l'r'llnmnmnm
1526 4854 1589 4903 XII
1605 4853 1657 4901 bal.
1669 4852 1774 4899 octobris
1785 4869 1849 4899 αηιειι

488 4937 587 4997 prealato.
602 4934 641 4980 En
654 4949 740 4991 nmmo
752 4951 783 4981 on
797 4949 812 4980 a
824 4935 883 4981 ecrit
901 4951 906 4979 :
922 4934 987 4979 llum
1005 4934 1063 4992 ,t'rrit
1080 4938 1191 4979 emorita
1215 4934 1238 4978 iu
1251 4933 1436 4995 supponente
1448 4931 1478 4976 dc
1491 4940 1565 4977 rtrrrrrrr
1575 4929 1673 4992 prioris
1684 4925 1849 4974 adomnane

488 5009 518 5056 de
526 5013 645 5072 prerepto
655 5008 749 5054 doneini
763 5009 846 5055 rroxtri.
859 5036 890 5042 --
903 5009 931 5066 lif)
948 5009 960 5053 (
966 5007 1004 5055 lul.
1019 5008 1048 5053 ln
1064 5009 1187 5069 llornpsis.

525 5163 544 5207 l.
564 5160 629 5208 Jlmr.
646 5159 700 5205 liri.
722 5158 792 5210 Ino..
815 5160 832 5209 1,
854 5174 877 5206 n.
894 5162 1009 5207 naa-524.
1021 5188 1052 5194 »-
1073 5163 1094 5206 2.
1109 5160 1218 5206 Erit-nno
1240 5158 1343 5207 :lube-rt.
1366 5156 1424 5219 plns
1441 5155 1498 5203 tard
1511 5155 1638 5202 Innocent
1651 5151 1696 5201 VI.
1709 5181 1740 5187 —
1752 5153 1775 5201 3.
1789 5151 1847 5198 Voir

490 5248 514 5282 n.
535 5236 587 5282 158.
599 5262 630 5270 —
648 5237 669 5283 4.
683 5233 808 5282 liortrarnl
823 5234 974 5296 Emlmrpiri.
988 5235 1017 5281 Ο.
1032 5234 1100 5282 liin..
1115 5231 1215 5280 nornmt‘·
1229 5231 1251 5278 lc
1264 5234 1293 5278 2⁰
1305 5231 1362 5292 juin
1377 5232 1436 5278 1344
1450 5229 1553 5290 (Eubcl.
1568 5229 1586 5279 I.
1600 5228 1652 5287 69).
