4650 6059
479 821 542 890 320
1015 814 1101 893 1847,
1125 810 1204 883 lOll
1225 821 1304 885 abitt.

481 973 599 1040 eccles.
615 991 641 1037 s.
657 990 698 1050 c.‚
714 969 885 1057 pertinens
897 966 941 1035 ad
952 969 1029 1036 coll.
1041 968 1189 1055 episcopi
1203 967 1419 1036 Cameracen.
1431 975 1520 1036 auct.
1528 976 1640 1035 vestra
1653 975 1830 1056 expectare,

481 1086 517 1144 et
543 1077 683 1143 alteram
707 1083 838 1162 partem
861 1074 1014 1161 parroch.
1036 1075 1119 1141 eccl.
1141 1074 1172 1141 S.
1196 1071 1334 1140 Martini
1349 1074 1392 1141 de
1407 1072 1637 1160 Zomerghem,
1654 1072 1831 1140 Tomacen.

481 1182 579 1263 dioc,
596 1181 746 1247 obtinere
762 1187 941 1260 noscatur;
958 1188 993 1245 et
1004 1180 1031 1247 si
1044 1180 1221 1266 contingat
1232 1180 1376 1245 eundem
1388 1179 1526 1246 Petrum
1541 1179 1665 1246 virtute
1680 1178 1834 1267 presentis

482 1287 587 1374 gratie
612 1294 763 1352 curatum
792 1284 994 1351 beneficium
1024 1285 1165 1370 assequi,
1196 1284 1287 1370 quod
1312 1284 1417 1371 possit
1447 1293 1527 1352 ante
1556 1284 1734 1373 pacificam
1763 1282 1834 1351 dicti

483 1392 588 1460 curati
604 1389 757 1457 beneficii
773 1388 1019 1456 assecutionem
1034 1389 1162 1456 dictam
1178 1389 1318 1456 alteram
1333 1397 1463 1475 partem
1479 1389 1581 1477 ipsius
1594 1389 1751 1478 parroch.
1762 1389 1835 1456 eccl.

485 1516 561 1562 cum
578 1495 645 1561 alio
659 1492 825 1560 beneficio
841 1493 895 1559 vel
911 1492 1024 1560 officio
1040 1514 1064 1558 s.
1082 1513 1111 1559 c.
1134 1500 1334 1579 permutare,
1350 1500 1386 1559 et
1405 1493 1605 1560 beneficium
1621 1514 1680 1560 seu
1697 1492 1837 1561 officium

483 1597 674 1687 hujusmodi
691 1619 767 1665 cum
783 1598 876 1666 dicto
892 1606 1007 1666 curato
1018 1597 1183 1666 beneficio
1198 1598 1301 1664 libere
1312 1598 1460 1685 recipere
1476 1607 1511 1665 et
1527 1598 1617 1666 licite
1632 1597 1787 1678 retinere,
1801 1595 1837 1661 de

484 1704 627 1773 uberiori
642 1701 733 1771 dono
747 1702 864 1791 gratie,
880 1701 989 1770 eidem
1004 1701 1191 1770 concedere
1206 1692 1397 1789 dignemini.
1418 1742 1462 1754 -
1485 1701 1561 1771 Fiat
1583 1723 1689 1788 usque
1712 1701 1757 1768 ad
1776 1701 1838 1769 dic·

484 1819 557 1879 tam
573 1830 747 1891 summam,
760 1808 862 1875 etiam
874 1803 901 1875 si
917 1807 951 1873 in
966 1807 1049 1877 eccl.
1063 1806 1246 1875 cathedrali
1255 1808 1434 1874 vicariatus
1448 1810 1502 1874 vel
1518 1807 1609 1874 aliud
1624 1807 1759 1873 existat.
1775 1804 1812 1871 R.

529 1955 632 2016 1232.
651 1946 738 2014 Item
754 1948 949 2036 suppidem
965 1946 1093 2029 Petrus,
1109 1954 1211 2032 quat„
1221 1954 1259 2013 ut
1273 1947 1307 2013 iu
1323 1948 1430 2014 altero
1444 1947 1684 2014 beneficiorum
1700 1965 1839 2023 suorum,

487 2073 552 2137 que
575 2073 666 2119 nunc
688 2054 819 2119 obtinet
832 2053 888 2120 vel
903 2053 1121 2140 imposterum
1134 2052 1310 2133 obtinebit,
1325 2055 1432 2119 autin
1447 2052 1560 2138 aliquo
1574 2051 1687 2119 studio
1702 2047 1840 2136 generali

487 2155 706 2237 residendo...,
718 2156 878 2225 fructus...
893 2158 1065 2245 percipere
1081 2156 1204 2238 valeat,
1220 2155 1298 2224 hinc
1313 2156 1357 2223 ad
1372 2156 1595 2244 septennium,
1610 2154 1724 2222 eidem
1748 2153 1841 2221 Petro

490 2260 674 2327 concedere
688 2260 870 2346 dignemini
886 2262 928 2329 de
943 2262 1048 2348 gratia
1064 2261 1210 2349 speciali.
1226 2300 1270 2313 -
1287 2259 1363 2328 Fiat
1379 2261 1423 2327 ad
1437 2260 1629 2328 triennium.
1645 2258 1689 2327 R.

532 2402 633 2467 1233.
663 2398 750 2465 Item
774 2421 869 2488 supp.
894 2400 982 2467 idem
1010 2400 1137 2482 Petrus,
1162 2408 1255 2486 quat.
1279 2399 1410 2467 dilectis
1432 2400 1499 2467 suis
1520 2397 1653 2479 Jacobo
1668 2398 1843 2478 Scotelare,

489 2502 662 2588 preposito
677 2502 716 2571 Β.
733 2502 783 2571 Μ.
799 2503 976 2591 Brugensis
989 2522 1009 2586 ¹,
1019 2513 1055 2571 et
1066 2502 1086 2584 J
1088 2504 1216 2571 ohanni
1228 2502 1426 2587 Schedekin,
1439 2523 1513 2572 can.
1526 2504 1608 2570 eccl.
1620 2503 1652 2571 S.
1665 2500 1844 2570 Donatiani

491 2605 677 2691 Brugensis,
701 2605 848 2687 Johanni
871 2609 914 2676 de
937 2608 1030 2676 Leke
1050 2630 1091 2677 ac
1115 2608 1267 2675 Elizabet
1282 2610 1352 2695 ejus
1367 2608 1472 2689 uxori,
1487 2627 1527 2675 ac
1542 2605 1664 2674 Livino
1679 2606 1725 2674 de
1739 2605 1844 2674 Aden-

490 2710 591 2795 ghem
615 2731 656 2778 ac
684 2711 868 2779 Katherine
895 2715 965 2800 eJ'us
989 2715 1092 2795 uxori,
1116 2721 1150 2780 et
1176 2712 1296 2800 Egidio
1319 2712 1362 2779 de
1387 2710 1486 2779 Mota
1512 2732 1553 2780 ac
1581 2710 1769 2798 Margarite
1783 2712 1845 2798 ejus

493 2815 596 2899 uxori,
613 2825 648 2883 et
663 2818 856 2885 Alexandro
877 2818 1039 2886 Sandrare
1054 2818 1096 2885 de
1115 2815 1315 2904 Honguebe,
1332 2838 1372 2884 ac
1389 2815 1509 2903 Egidio
1523 2815 1566 2884 de
1581 2814 1804 2884 Coudebrouc
1818 2820 1846 2880 et

494 2919 677 2988 Katherine
703 2923 773 3009 ejus
799 2924 903 3006 uxori,
930 2932 1105 2991 eteorum
1132 2922 1269 2990 cuilibet
1292 2923 1428 3009 plenam
1450 2922 1680 2989 remissionem
1702 2920 1846 2988 omnium

492 3035 711 3113 peccatorum
734 3049 868 3095 suorum
883 3029 918 3094 in
934 3029 1051 3095 mortis
1068 3027 1211 3095 articulo
1226 3033 1316 3095 auct.
1331 3034 1439 3113 apost.
1456 3024 1641 3094 concedere
1664 3022 1845 3113 dignemini

494 3140 532 3197 ut
547 3131 710 3201 informa.
732 3171 764 3182 -
787 3131 862 3201 Fiat
879 3133 920 3201 R.

539 3236 618 3304 Dat.
634 3236 733 3303 Avin.
751 3240 769 3305 8
786 3237 829 3304 id.
845 3259 919 3325 aug.
934 3245 968 3306 a⁰
985 3243 1026 3305 6⁰.
1044 3238 1118 3323 (29,
1139 3240 1242 3325 174').

551 3374 690 3461 1234.
1553 3405 1648 3474 1347,
1666 3407 1708 3453 ro
1724 3393 1813 3455 anat.

541 3492 642 3579 Supp.
668 3491 908 3579 G(uillelmus),
933 3492 1084 3560 minister
1110 3494 1192 3561 eccl.
1220 3493 1420 3575 Auxitane²,
1436 3500 1474 3560 ut
1489 3512 1566 3559 cum
1588 3490 1732 3559 dilectus
1750 3509 1851 3578 nepos

499 3618 576 3664 suus
595 3595 770 3676 Johannes
792 3596 834 3663 de
858 3596 1008 3685 Fayaco,
1026 3598 1174 3679 clericus,
1192 3618 1264 3666 can.
1289 3606 1324 3664 et
1350 3600 1443 3685 preb.
1466 3616 1550 3682 quos
1564 3616 1671 3683 nuper
1686 3594 1720 3661 in
1737 3593 1851 3663 Came·

499 3721 609 3768 racen.
626 3702 707 3767 eccl.
724 3702 908 3783 obtinebat,
924 3703 958 3767 in
973 3703 1127 3768 manibus
1140 3699 1201 3767 R¹¹¹¹
1218 3701 1254 3769 P.
1271 3710 1305 3768 et
1328 3702 1418 3769 dom.
1431 3700 1626 3787 G(uidonis)
1642 3698 1687 3765 de
1701 3698 1851 3777 Boionia,

500 3806 552 3871 tit.
569 3806 599 3872 S.
616 3805 740 3871 Cecilie
770 3810 877 3892 presb.
894 3806 1027 3887 card.,...
1042 3807 1265 3891 resignavit...,
1287 3806 1361 3873 Ade
1383 3806 1426 3874 de
1450 3805 1596 3891 FayacO,
1619 3805 1752 3886 clerico,
1776 3802 1852 3869 dicti

499 3909 519 3989 J
522 3911 665 3977 ohannis
679 3931 848 3995 germano,
865 3910 1014 3977 conferre
1029 3909 1222 3996 dignemini.
1244 3948 1276 3958 -
1297 3909 1373 3976 Fiat
1388 3919 1423 3977 et
1438 3909 1604 3998 exprimat
1619 3908 1784 3975 beneficia
1799 3926 1854 3973 sua

499 4016 534 4080 in
560 4015 766 4081 cancellaria.
793 4013 833 4080 R.

545 4119 622 4183 Dat.
638 4118 738 4183 Avin.
755 4140 774 4204 4
790 4118 834 4185 id.
850 4138 925 4203 aug.
941 4125 974 4184 a⁰
992 4123 1032 4185 6⁰.
1050 4118 1123 4202 (14,
1141 4118 1187 4202 2).

555 4254 693 4341 1235.
1557 4285 1653 4353 1347,
1670 4289 1712 4334 11
1728 4273 1818 4334 uolt.

545 4373 679 4461 Supp....
703 4370 822 4452 Guid0,
839 4371 1054 4441 Cameracen.
1065 4374 1177 4460 episc,
1188 4382 1280 4460 quat.
1297 4374 1406 4441 eidem
1423 4374 1607 4441 concedere
1623 4373 1808 4460 dignemini
1822 4383 1858 4439 ut

500 4477 605 4564 possit
632 4476 730 4543 certis
755 4476 988 4542 executoribus
1014 4485 1123 4544 certas
1146 4486 1182 4544 et
1205 4480 1357 4565 ydoneas
1378 4479 1551 4546 nominare
1567 4498 1726 4564 personas
1741 4478 1858 4564 quibus

501 4590 697 4649 executores
722 4580 824 4648 iidem
850 4581 883 4646 in
909 4580 1125 4649 Cameracen.
1142 4592 1177 4649 et
1192 4584 1329 4669 singulis
1349 4584 1533 4669 collegiatis
1548 4582 1698 4650 ecclesiis
1712 4582 1858 4650 civitatis

501 4696 536 4753 et
565 4686 706 4755 diocesis
743 4686 961 4754 Cameracen.
992 4688 1034 4753 de
1064 4688 1200 4773 singulis
1237 4689 1489 4756 canonicatibus
1522 4690 1582 4756 sub
1620 4689 1857 4776 expectatione

501 4791 670 4879 prebende
686 4792 887 4860 auctoritate
902 4792 1098 4878 apostolica,
1114 4793 1170 4858 uni
1187 4793 1248 4860 soli
1264 4814 1406 4880 persone
1416 4794 1449 4859 in
1470 4811 1670 4880 unaquaque
1693 4792 1858 4861 dictarum

502 4898 716 4964 ecclesiarum
739 4897 916 4964 dumtaxat
939 4897 1138 4984 provideant
1162 4908 1198 4966 et
1221 4898 1263 4965 de
1285 4899 1469 4986 acceptatis
1483 4898 1544 4967 sibi
1560 4898 1669 4967 facere
1685 4898 1857 4987 providere

501 5021 622 5089 easque
639 5003 729 5070 omni
745 5003 988 5089 impedimento
1004 5012 1157 5070 cessante
1173 5004 1264 5072 licite
1279 5003 1455 5072 retinere...
1469 5001 1544 5071 Fiat
1557 5002 1597 5073 R.

544 5105 622 5173 Dat.
643 5106 742 5174 Arin.
767 5127 784 5193 3
808 5106 852 5174 id.
875 5127 949 5193 aug.
965 5114 1000 5174 a⁰
1017 5112 1058 5174 6⁰.
1076 5109 1090 5193 (
1094 5113 1147 5191 14,
1166 5110 1226 5196 8).

500 5229 750 5242 h————

534 5283 555 5330 l.
568 5281 631 5330 l'oir
642 5296 667 5333 n.
680 5285 735 5332 610.
747 5308 779 5320 -
791 5285 814 5333 2.
826 5284 889 5332 l'oir
901 5298 927 5333 rr.
938 5284 994 5334 979.
