4650 6059
903 743 991 816 1350,
1013 742 1048 807 16
1070 742 1197 808 octobre.
1665 743 1726 808 545

461 897 715 961 llationemetc.
727 896 884 980 episcopi,
895 894 1025 973 decani,
1042 894 1203 980 prepositi
1220 903 1254 958 et
1270 893 1417 978 capituli,
1437 893 1503 979 [et]
1522 894 1726 978 singulorum

462 1004 601 1066 ricorum
617 1012 652 1065 et
668 1021 884 1085 personarum
911 1002 1051 1065 ecclesie
1079 999 1308 1081 Cameracen,
1325 999 1350 1063 si
1368 999 1401 1064 in
1418 999 1565 1077 civitate,
1587 998 1723 1078 diocesi,

461 1106 557 1189 bique
584 1106 732 1170 habeant
757 1105 917 1183 conferre,
945 1104 1090 1169 etiamsi
1108 1104 1140 1168 in
1159 1105 1241 1169 eccl.
1266 1103 1447 1168 cathedrali
1474 1103 1607 1181 existat,
1623 1109 1724 1168 vacat

461 1230 557 1274 esens
573 1210 626 1273 rel
643 1229 720 1274 cum
736 1208 915 1287 vacaverit,
931 1207 1112 1292 dignemini
1129 1207 1315 1292 providere,
1328 1206 1354 1270 si
1368 1228 1396 1271 c.
1410 1227 1439 1271 c.
1453 1225 1503 1289 70,
1520 1207 1545 1271 si
1562 1226 1642 1272 vero
1657 1227 1682 1270 s.
1694 1227 1725 1272 c.

479 1334 518 1395 50
534 1313 606 1377 libr.
623 1312 791 1376 Toronen.
816 1332 959 1397 parvor,
984 1312 1168 1376 secundum
1191 1311 1403 1375 taxationem
1419 1309 1559 1386 decime,
1576 1311 1723 1375 valorem

461 1438 509 1480 nn
523 1437 591 1481 non
604 1416 792 1495 excedant3
806 1436 874 1480 non
887 1418 972 1481 obst.
989 1415 1079 1499 quod
1095 1414 1184 1479 idem
1200 1413 1346 1491 Jacobus
1362 1414 1525 1498 capellan.
1542 1412 1580 1477 Β.
1598 1411 1724 1477 Kathe·

461 1521 556 1584 sitam
573 1520 605 1583 in
623 1521 705 1584 eccl.
733 1520 764 1583 S.
790 1519 972 1584 Salvatoris
1000 1517 1287 1597 HarlebeccensiS,
1310 1518 1399 1583 dicte
1416 1517 1602 1583 Tornacen.
1626 1515 1723 1595 dioc,

461 1643 509 1687 :ur
526 1624 709 1688 obtinere...
727 1664 769 1671 -
787 1622 864 1687 Fiat
882 1622 922 1687 R.

461 1816 517 1876 96.
534 1808 621 1873 ltem
649 1829 744 1894 supp.
773 1808 890 1872 Petrus
905 1806 947 1872 de
964 1806 1124 1892 Basseya,
1152 1805 1292 1871 clericus
1314 1803 1500 1870 Tomacen.
1517 1804 1614 1883 dioc,
1631 1811 1722 1888 quat.

461 1936 471 1977 ι
488 1913 630 1977 similem
646 1912 788 1997 gratiam
817 1911 986 1990 facientes,
1002 1910 1044 1976 de
1059 1914 1135 1975 ben.
1152 1910 1235 1975 eccl.
1252 1930 1280 1974 c.
1297 1929 1325 1973 c.
1342 1910 1396 1972 νε]
1413 1928 1437 1973 s.
1454 1929 1493 1987 c.,
1510 1907 1554 1973 ad
1570 1906 1722 1973 collatio-

461 2026 523 2082 etc.
539 2016 709 2101 prepositi,
734 2016 854 2081 decani
878 2024 913 2079 et
929 2014 1065 2099 capituli
1093 2013 1234 2079 ecclesie
1251 2012 1282 2078 S.
1299 2010 1389 2077 Petri
1417 2008 1607 2090 Insulensis,
1633 2010 1723 2076 dicte

462 2143 550 2187 acen.
574 2121 672 2200 dioc,
702 2119 793 2206 [vac.
809 2121 864 2183 vel
887 2117 1025 2203 vacat.],
1052 2116 1234 2202 dignemini
1261 2113 1436 2201 providere
1456 2137 1464 2193 ;
1491 2113 1723 2200 dispensantes

461 2224 575 2289 eodem
592 2244 689 2309 super
705 2222 838 2289 defectu
854 2222 963 2301 etatis,
975 2242 1051 2286 cum
1066 2220 1108 2285 sit
1121 2221 1154 2285 in
1170 2241 1187 2284 2
1192 2236 1227 2304 3⁰
1239 2240 1329 2284 anno
1339 2240 1399 2284 suo
1412 2220 1622 2297 constitutae,
1633 2217 1724 2302 quod

461 2351 465 2391 2
505 2328 704 2392 beneficium
731 2349 760 2392 c.
786 2347 813 2391 c.
842 2335 1018 2411 acceptare
1043 2333 1077 2389 et
1105 2323 1164 2389 sibi
1194 2324 1302 2388 facere
1328 2322 1371 2388 de
1397 2323 1517 2388 eodem
1546 2321 1723 2407 provideri,

461 2431 551 2496 modi
569 2430 701 2495 defectu
718 2452 785 2494 non
802 2434 910 2494 obst...
926 2469 969 2478 -
986 2427 1061 2492 Fiat
1078 2436 1144 2492 etc.
1162 2426 1202 2491 R.

461 2543 485 2598 t.
501 2534 601 2598 Arin.
619 2534 661 2599 id.
678 2543 744 2599 oct.
763 2549 798 2597 a0
815 2548 860 2612 90.
878 2535 954 2611 (20,
984 2537 1070 2613 162).

461 2721 562 2801 )97.
1375 2748 1469 2811 1550,
1487 2730 1526 2792 16
1544 2731 1681 2795 octobre.

462 2859 509 2922 )p.
527 2836 647 2916 Guid0,
663 2837 715 2900 tit.
741 2835 772 2899 S.
789 2834 912 2899 Cecilie
937 2835 1100 2920 presbiter
1123 2832 1309 2912 cardinalis,
1339 2840 1429 2917 quat.
1455 2853 1514 2896 suo
1541 2834 1725 2898 camerario

477 2938 639 3003 Durando
666 2936 794 3001 Girardi
810 2948 829 3015 ¹,
846 2937 898 3000 lic.
917 2936 948 2999 in
972 2939 1046 3020 leg,
1074 2936 1116 3001 de
1143 2957 1217 3001 can.
1243 2946 1278 3001 et
1302 2939 1394 3021 preb.
1419 2936 1558 3000 ecclesie
1586 2935 1725 3021 Pragen.

462 3064 495 3109 >n
513 3042 555 3106 de
578 3040 853 3105 archidiaconatu
881 3040 1028 3124 ejusdem
1050 3041 1190 3106 ecclesie
1216 3060 1290 3104 vac.
1315 3039 1495 3123 dignemini
1523 3040 1697 3123 providere
1717 3064 1725 3118 ;

461 3150 534 3209 ›bst
550 3143 641 3227 quod
664 3164 736 3207 can.
753 3152 787 3206 et
803 3147 894 3227 preb.
911 3154 944 3207 et
960 3143 1160 3208 decanatum
1179 3144 1211 3207 in
1229 3142 1398 3222 Enaziaci‚
1412 3142 1674 3224 Claromonten,
1690 3152 1725 3208 et

462 3248 645 3314 Audomari
672 3247 713 3311 de
739 3248 770 3310 S.
798 3247 991 3311 Audomaro
1008 3247 1166 3327 ecclesiis,
1196 3244 1363 3311 Morinen.
1390 3246 1487 3325 dioc,
1505 3247 1588 3310 etin
1606 3247 1725 3311 eadem

463 3362 613 3417 monten.
631 3352 816 3416 clrorariam
843 3350 990 3415 noscitur
1017 3350 1178 3429 obtinere,
1195 3370 1329 3415 necnon
1345 3350 1435 3433 quod
1451 3350 1483 3414 in
1501 3353 1582 3415 eccl.
1600 3350 1724 3415 Catha-

466 3509 473 3522 .
490 3477 565 3522 can.
582 3458 641 3519 sub
658 3475 736 3538 exp.
755 3454 896 3518 obtinet.
913 3488 955 3498 —
972 3451 1047 3515 Fiat
1065 3450 1104 3517 R.

462 3570 486 3624 t.
503 3561 601 3623 Acin.
624 3578 659 3641 17
677 3558 742 3622 kal.
760 3579 836 3621 nov.
853 3571 888 3620 a0
906 3570 949 3633 90.
968 3565 976 3627 t
984 3559 1043 3632 20,
1065 3558 1149 3632 1621).

461 3744 1459 3830 39813'0
1488 3756 1527 3819 16
1545 3758 1681 3821 octaba.

462 3885 509 3949 op.
527 3861 717 3927 Ludoricus
735 3860 868 3923 Nicolai
885 3859 927 3923 de
944 3859 1096 3934 Baschio,
1114 3857 1286 3923 Tudertin.
1302 3793 1504 3942 diocjflult.
1519 3860 1578 3923 sibi
1592 3860 1633 3923 de
1650 3880 1723 3926 can.

461 3972 506 4033 eb.
523 3967 664 4031 ecclesie
689 3965 900 4043 Nivellensis,
927 3964 1085 4029 Leodien.
1103 3964 1200 4043 dioc,
1218 3984 1289 4027 vac.
1306 3963 1396 4048 apud
1412 3964 1524 4028 sedem
1541 3973 1648 4049 apost.
1665 3986 1724 4049 per

465 4094 532 4136 om.
548 4058 791 4135 Aldebrandini
808 4070 850 4133 de
867 4068 1012 4133 Basclrio
1028 4082 1049 4148 ²,
1077 4068 1186 4153 patrui
1203 4067 1263 4145 sui,
1280 4067 1334 4150 qui
1353 4067 1384 4130 in
1404 4066 1501 4132 Rom.
1527 4068 1616 4133 curia
1633 4068 1722 4133 diem

461 4177 482 4240 it
511 4184 708 4253 extremum,
742 4183 776 4237 et
803 4195 862 4258 per
889 4175 920 4239 S.
951 4174 989 4240 E.
1016 4174 1215 4258 generaliter
1245 4172 1430 4252 reservatis
1463 4192 1539 4237 cum
1571 4173 1725 4238 omnibus

461 4301 488 4344 rs
504 4289 538 4342 et
554 4277 765 4362 pertinentiis
782 4278 847 4341 suis
873 4278 1053 4360 dignemini
1080 4276 1282 4362 providere3
1310 4296 1377 4341 non
1405 4278 1491 4341 obst.
1519 4276 1608 4359 quod
1635 4276 1723 4342 idem

463 4384 558 4448 vicus
585 4402 659 4447 can.
676 4391 710 4445 et
726 4385 817 4466 preb.
842 4382 1068 4460 Cameraccn,
1085 4403 1123 4446 ac
1138 4381 1282 4464 gratiam
1300 4379 1339 4446 V.
1356 4381 1388 4445 S.
1405 4383 1464 4445 sub
1488 4381 1723 4466 expectatione

461 4508 491 4552 ιο
507 4487 560 4549 νε]
577 4486 724 4569 pluribus
748 4486 919 4549 beneficiis
936 4507 963 4549 c.
980 4505 1008 4549 c.
1026 4487 1076 4548 rel
1102 4505 1126 4548 s.
1144 4505 1173 4549 c.
1190 4486 1417 4570 spectantibus
1441 4484 1483 4549 ad
1509 4484 1723 4549 collationem

461 4590 514 4675 opi
532 4598 566 4653 et
583 4589 721 4674 capituli
745 4589 917 4652 'l'udertini
935 4589 1158 4653 communiter
1174 4590 1227 4653 νε]
1244 4589 1384 4667 divisim,
1402 4589 1493 4672 cujus
1509 4610 1566 4653 seu
1583 4609 1723 4672 quorum

461 4704 514 4760 tus
541 4703 575 4758 et
600 4703 792 4778 proventus,
810 4692 991 4757 secumlum
1016 4694 1225 4757 taxationem
1250 4692 1390 4772 decime,
1410 4697 1448 4756 bo
1474 4692 1627 4757 florenor.
1654 4693 1724 4756 auri

461 4820 514 4864 em
530 4819 678 4863 annuum
695 4818 761 4862 non
780 4797 954 4876 excedant,
971 4796 1122 4860 obtinere
1138 4805 1328 4862 noscatur...
1345 4833 1387 4841 —
1405 4796 1479 4861 Fiat
1497 4796 1536 4861 R.

462 4913 489 4969 t.
506 4903 605 4966 Avin.
628 4921 663 4983 17
680 4900 746 4963 kal.
763 4922 840 4963 nor.
858 4916 894 4965 a0
912 4916 956 4976 o0.
974 4902 987 4982 (
992 4906 1050 4978 20,
1073 4908 1173 4982 17o‘').

462 5160 500 5207 oll'
512 5173 537 5207 n.
549 5160 604 5214 93],
617 5161 663 5206 tosa
680 5176 685 5214 3
701 5158 766 5205 ,llam
782 5158 836 5205 tat.
850 5158 919 5207 Ilolr..
936 5159 952 5208 l.
967 5173 990 5206 η.
1004 5160 1074 5216 1308,
1090 5160 1158 5216 1309,
1175 5159 1243 5205 1310.
1253 5184 1283 5195 -
1302 5161 1324 5205 2.
1337 5158 1399 5206 Volr
1410 5173 1434 5207 n.
1447 5160 1500 5216 (tbb,
1521 5160 1575 5206 715.

461 5268 484 5308 rl.
499 5267 549 5309 Vnt.
566 5267 624 5317 Belg.
