4650 6059
922 749 1019 825 Ι1844,
1043 750 1099 817 5-9
1121 750 1250 830 octobre
1716 756 1776 823 177

415 896 607 982 Benardm,
635 908 728 985 quat
755 900 790 973 iu
815 901 1167 987 recompensationem
1192 901 1284 970 dicte
1308 901 1424 987 gratie,
1454 923 1516 989 pro
1545 925 1611 990 qua
1641 906 1776 975 labores

416 1000 563 1069 sustinuit
587 1009 626 1069 et
652 1023 828 1090 expensas,
842 1004 886 1072 de
901 1025 975 1074 can.
991 1013 1026 1072 et
1041 1008 1133 1093 preb.
1149 1007 1232 1074 eccl.
1246 1006 1473 1094 Aycuricnsis,
1495 1006 1655 1088 Leodien.
1674 1009 1774 1102 dioc,

372 1107 373 1110 ’
418 1104 498 1193 apud
525 1104 645 1174 sedem
674 1115 784 1195 apost.
813 1128 890 1177 vac.
919 1129 992 1197 per
1007 1118 1153 1179 mortem
1182 1109 1355 1196 quondam
1383 1109 1473 1185 dom.
1507 1110 1697 1201 Berengarii
1730 1114 1773 1182 de

420 1207 563 1297 Olargiis,
594 1209 677 1277 dum
704 1212 844 1284 vivebat
872 1211 965 1290 dicte
989 1212 1078 1281 sedis
1107 1234 1184 1302 cap.
1214 1221 1250 1280 et
1279 1214 1463 1282 obtinentis
1485 1217 1633 1300 eosdem,
1663 1218 1774 1301 eidem
1819 1258 1820 1262 =

420 1312 592 1399 dignemini
606 1315 794 1402 providere.
808 1356 849 1367 -
865 1315 943 1384 Fiat
959 1316 1000 1383 R.

455 1417 531 1485 Dat
545 1420 649 1485 Avin.
667 1440 685 1505 3
700 1440 779 1487 non.
796 1427 865 1487 oct.
881 1428 917 1487 a⁰
932 1427 973 1507 3⁰.
990 1424 1036 1504 (7,
1055 1424 1097 1505 9).

462 1572 575 1658 739.
1442 1611 1538 1675 1344,
1554 1610 1576 1673 5
1592 1592 1730 1666 octobre.

455 1691 554 1779 Supp.
570 1690 591 1772 J
593 1692 746 1760 ohannes
757 1693 800 1762 de
811 1692 1013 1781 Columpna,
1025 1693 1128 1777 card,
1143 1701 1236 1779 quat.
1251 1693 1519 1782 [consanguineo
1532 1714 1603 1776 suo,
1619 1692 1772 1783 Oddoni]

423 1792 456 1859 de
475 1794 507 1862 S.
533 1794 722 1864 Eustochio
747 1795 791 1863 de
818 1794 913 1865 Urbe
938 1796 982 1866 dc
1007 1797 1159 1883 prioratu
1184 1798 1303 1885 colleg.
1330 1806 1365 1865 et
1390 1797 1492 1865 secul.
1518 1797 1601 1865 eccl.
1617 1796 1649 1865 S.
1666 1795 1716 1864 M.
1731 1797 1775 1865 de

425 1896 638 1981 Collecatone,
660 1898 834 1967 Tudertin.
860 1899 958 1983 dioc,
981 1900 1164 1987 dignemini
1190 1901 1376 1988 providere,
1391 1921 1462 1967 non
1476 1902 1562 1968 obst.
1578 1899 1669 1988 quod
1684 1900 1774 1968 idem

425 1998 511 2068 0ddo
532 2002 569 2068 in
595 2000 815 2070 cameracen.
830 2009 866 2070 et
888 2002 920 2070 S.
940 2002 1113 2072 Eustachii
1142 2003 1186 2071 de
1211 2002 1305 2074 Urbe
1328 2003 1479 2073 ecclesiis
1494 2024 1567 2071 can.
1591 2004 1722 2071 obtinet
1738 2011 1774 2070 et

425 2107 500 2188 preb.
514 2144 560 2156 -
576 2102 656 2172 Fiat
670 2104 713 2173 R.

457 2206 533 2276 bat.
548 2210 652 2276 Avin.
669 2229 687 2295 3
702 2230 785 2276 non.
801 2219 869 2277 oct.
885 2219 920 2277 a⁰
937 2218 970 2296 3⁰
984 2218 1007 2277 ⁸.
1025 2212 1074 2297 (7,
1091 2213 1156 2298 11).

462 2362 580 2446 740.
1442 2399 1540 2465 1344,
1556 2400 1577 2465 9
1593 2382 1731 2447 octobre.

454 2479 540 2567 Sign.
579 2478 741 2568 Rigaldus
776 2480 968 2567 d’Avregni,
983 2519 985 2523 ·
998 2481 1135 2549 scutifer
1175 2482 1318 2569 coquine
1347 2483 1433 2572 regis
1464 2482 1605 2550 Francie
1634 2493 1655 2566 ¹,
1685 2483 1777 2568 quod

423 2576 584 2655 Johannes
609 2582 657 2650 du
680 2581 772 2651 Crok
797 2591 834 2650 et
861 2581 1016 2653 Matildis
1038 2577 1082 2652 de
1107 2584 1291 2667 Colesbert,
1318 2575 1403 2653 uxor
1421 2586 1592 2673 quondam
1608 2586 1719 2673 Egidii
1733 2588 1795 2654 de·

422 2685 490 2772 lys,
503 2687 637 2756 nobiles
653 2685 822 2754 Morinen.
845 2686 944 2770 dioc,
960 2708 1038 2757 cum
1053 2688 1135 2756 olim
1151 2688 1254 2757 iidem
1268 2685 1289 2767 J
1291 2689 1444 2757 ohannes
1459 2698 1495 2757 et
1522 2689 1682 2773 Matildis,
1698 2698 1777 2778 post

422 2800 556 2858 nortem
584 2789 669 2858 dicti
699 2790 821 2877 Egidii,
863 2812 900 2858 se
929 2792 1072 2859 stimulis
1104 2792 1292 2878 juventutis
1321 2794 1484 2860 commoti
1514 2801 1632 2860 mutuo
1661 2814 1777 2860 amore
1906 2861 1908 2866 ,

420 2893 635 2977 adamasaent,
647 2894 788 2962 tandem
800 2894 890 2962 idem
902 2892 923 2974 J
925 2895 1077 2963 ohannes
1091 2895 1220 2963 dictam
1236 2892 1408 2964 Matildim
1424 2896 1603 2963 carnaliter
1617 2896 1778 2982 cognovit
1845 2886 1849 2893 ’

417 3006 447 3063 et
463 2995 610 3066 eandem
626 2998 871 3086 impregnavit3
888 3019 954 3084 que
969 3000 1114 3067 scientes
1129 2999 1230 3067 amici
1245 2999 1337 3068 dicte
1353 2997 1516 3081 Matildis,
1531 3000 1605 3087 ipso
1619 2996 1640 3078 J
1643 3001 1776 3066 ohanne

416 3102 582 3168 nobilioris
605 3102 735 3186 generis
761 3102 945 3183 existentis,
962 3102 1098 3168 insidias
1121 3104 1281 3168 mortales
1305 3103 1366 3190 ipsi
1391 3103 1410 3180 J
1414 3104 1539 3169 ohanni
1561 3111 1775 3190 paraverunt,

414 3206 610 3271 mandantes
634 3206 753 3286 eidem,
779 3206 870 3290 quod
896 3208 1012 3291 procul
1038 3206 1141 3272 dubio
1168 3207 1278 3292 ipsum
1305 3207 1542 3288 interficerent,
1563 3209 1625 3273 nisi
1648 3209 1776 3274 dictam

414 3308 584 3375 Matildim
600 3320 737 3396 caperet
752 3310 786 3374 in
803 3330 952 3375 uxorem.
968 3310 1042 3394 Que
1059 3311 1198 3377 audiens
1214 3311 1304 3376 idem
1319 3310 1338 3387 J
1342 3312 1502 3392 ohannes
1519 3313 1599 3377 licet
1615 3321 1686 3377 tam
1703 3312 1774 3398 ipse

411 3434 510 3496 quam
541 3412 633 3478 dicta
664 3411 815 3478 Matildis
845 3415 968 3479 scirent
998 3415 1088 3498 quod
1114 3415 1262 3502 prefatus
1293 3414 1440 3498 Egidius‚
1475 3415 1645 3500 quondam
1682 3416 1773 3482 dicte

413 3515 564 3581 Matildis
590 3518 739 3597 maritus,
766 3527 801 3583 et
827 3519 937 3583 dictus
962 3501 1136 3595 Johannes
1155 3519 1190 3583 in
1210 3529 1331 3602 quarto
1346 3521 1449 3603 gradu
1465 3520 1775 3603 consanguinitatis

412 3619 595 3685 secundum
619 3622 908 3705 computationem
932 3622 1143 3701 canonicam,
1157 3622 1218 3686 sibi
1235 3622 1379 3687 invicem
1397 3623 1632 3707 attingebant;
1662 3632 1776 3687 tamen

412 3733 576 3807 tanquam
600 3724 769 3810 simplices
784 3735 819 3790 et
832 3727 912 3811 juris
935 3727 1049 3810 ignari,
1071 3747 1140 3790 non
1158 3726 1332 3791 credentes
1348 3728 1599 3791 matrimonium
1617 3727 1776 3791 intereos

411 3827 451 3891 de
467 3828 560 3893 iacto
571 3836 794 3909 contractum,
807 3851 848 3893 ex
861 3838 932 3894 tam
945 3830 1078 3895 modica
1094 3829 1258 3894 affinitate
1270 3830 1391 3895 debere
1403 3831 1557 3915 separari,
1569 3830 1776 3895 confidenter

412 3932 443 3995 in
466 3932 617 4016 quadam
641 3934 783 4019 capella,
798 3935 1008 4020 presentibus
1023 3935 1136 3999 multis
1152 3934 1269 3998 amicis
1283 3933 1453 4016 utriusque
1469 3932 1582 4017 partis,
1599 3952 1658 4018 per
1673 3935 1774 3997 verba

411 4035 452 4099 de
467 4036 618 4121 presenti
634 4036 720 4102 inter
735 4058 771 4102 sc
786 4038 1038 4103 matrimonium
1054 4046 1295 4104 contraxerunt
1310 4060 1318 4116 ;
1335 4036 1369 4100 in
1385 4057 1452 4120 quo
1467 4035 1683 4100 matrimonio
1703 4036 1774 4120 jam

412 4139 598 4225 perplures
623 4161 729 4205 annos
755 4141 788 4205 in
810 4142 906 4206 simul
931 4150 1161 4206 remanserunt
1185 4149 1220 4205 et
1242 4143 1352 4226 proles
1370 4141 1442 4224 jam
1465 4140 1653 4224 gradientes
1677 4160 1776 4226 super

413 4252 535 4307 terram
560 4254 776 4328 procrearunt
791 4268 800 4325 ;
827 4266 970 4329 cumque
992 4246 1029 4326 si,
1054 4245 1145 4330 quod
1166 4245 1263 4325 absit,
1279 4243 1447 4329 separatio
1462 4243 1558 4307 fieret
1572 4244 1659 4308 inter
1674 4243 1774 4329 ipsos

413 4347 520 4411 multa
543 4346 660 4429 gravm
681 4348 840 4413 scandala
867 4356 902 4412 ct
925 4349 1069 4433 plurium
1091 4369 1308 4434 personarum
1331 4348 1512 4413 homicidia
1527 4369 1568 4411 ex
1584 4349 1774 4432 hujusmodi

412 4450 626 4535 separatione
642 4451 864 4516 verisimiliter
884 4461 1120 4535 sequerentur3
1146 4472 1241 4537 supp.
1258 4451 1356 4535 igitur
1370 4450 1479 4515 dictus
1496 4450 1664 4534 Rigaldus,
1680 4459 1774 4535 quat.

413 4562 465 4617 tot
491 4562 527 4618 et
554 4554 659 4618 tantis
685 4555 839 4639 periculis
859 4556 1042 4635 obviantes
1058 4556 1148 4642 ipsos
1163 4558 1206 4620 ab
1222 4554 1579 4619 excommunicationis
1594 4556 1773 4633 sententia,

413 4676 516 4738 quam
541 4666 679 4742 propter
705 4657 770 4722 hoc
797 4658 1014 4738 incurrerunt,
1031 4659 1204 4723 absolvere
1233 4657 1415 4742 dignemini
1441 4658 1474 4721 in
1501 4657 1607 4722 forma
1634 4658 1775 4722 ecclesie

413 4767 585 4840 consueta,
617 4769 744 4825 etcum
782 4760 908 4827 eisdem
944 4759 1099 4839 Johanne
1137 4771 1173 4827 et
1211 4760 1355 4841 Matildi,
1394 4760 1494 4845 quod,
1532 4760 1775 4847 impedimento

438 4949 474 5007 a)
487 4946 527 4994 On
539 4961 555 4994 a
566 4946 628 4995 bure
639 4948 676 4996 les
687 4954 754 4995 mols
766 4947 819 4997 Ital.
830 4952 876 4997 oct.
888 4956 914 4997 et
925 4963 958 4995 on
971 4949 1007 4996 les
1017 4964 1033 4996 a
1044 4949 1186 5012 remplncts
1199 4964 1245 5011 por
1257 4964 1311 4997 ruore.
1323 4952 1368 4996 oct.

447 5168 470 5213 1.
484 5163 559 5213 (lette
569 5164 707 5229 snpplique
717 5180 734 5214 a
744 5165 787 5216 ete
797 5166 917 5231 modilide
927 5168 952 5217 le
962 5170 994 5216 22
1005 5168 1109 5217 octobre
1120 5169 1225 5216 suivant
1237 5183 1243 5226 ;
1254 5168 1311 5215 voit
1321 5180 1348 5218 n.
1360 5166 1415 5215 lib.

465 5254 531 5296 Ant
546 5255 594 5297 vm
611 5255 672 5307 Βάκ.
