4650 6059
536 767 596 829 452
1070 767 1156 840 1349,
1181 765 1268 830 12-18
1287 766 1363 847 juin.

588 917 731 1001 1736.
1594 931 1850 1016 1349,12juia
1955 998 1974 1024 .-

583 1033 682 1100 Motu
708 1035 844 1121 proprio
868 1035 1081 1121 providemus
1104 1033 1252 1111 Johanni
1279 1033 1322 1098 de
1349 1032 1450 1098 Bralli
1469 1047 1489 1114 ¹,
1515 1035 1700 1120 presbitero
1729 1035 1882 1103 Morinen.
1956 1029 1974 1121 72

540 1137 636 1218 dioc,
653 1138 806 1204 familiari
823 1139 1009 1219 nostro,·de
1025 1158 1100 1204 can.
1125 1146 1160 1201 et
1186 1140 1279 1223 preb.
1295 1137 1438 1203 ecclesie
1463 1136 1642 1219 Morinen.‚
1657 1160 1734 1207 vac.
1761 1162 1820 1228 per
1840 1144 1882 1207 ob.

539 1241 707 1308 Francisci
723 1244 766 1309 de
782 1242 990 1324 Colomedio,
1015 1242 1167 1309 canonici
1195 1241 1522 1327 prebendati,.cujus
1545 1242 1711 1320 beneficia
1737 1253 1817 1311 ante
1840 1248 1881 1311 ob.

538 1344 670 1412 fuerunt
685 1356 865 1413 reservata.
881 1388 925 1399 -
941 1347 1017 1413 Fiat
1033 1354 1129 1411 motu
1144 1345 1290 1431 propri0.
1308 1342 1370 1410 R...
1949 1338 1974 1348 “

581 1450 657 1514 Dat.
674 1451 771 1515 Avin.
789 1472 806 1515 2
823 1451 867 1517 id.
880 1451 964 1537 junii
980 1458 1015 1515 a⁰
1031 1453 1074 1515 8⁰.
1091 1450 1161 1533 (19,
1180 1450 1247 1532 25).
1271 1497 1274 1504 .

590 1587 726 1670 1737.
1600 1603 1848 1688 1349,15juin.
1945 1618 1974 1658 ³÷

580 1703 680 1788 Supp.
698 1702 860 1769 Nicolaus
874 1702 916 1768 de
944 1703 1097 1789 Speculo,
1122 1702 1284 1788 presbiter
1310 1700 1497 1768 Tornacen.
1522 1703 1620 1785 dioc,
1647 1705 1741 1790 quat.
1768 1707 1827 1773 sibi
1847 1706 1878 1772 de
1944 1721 1974 1763 ἲ

536 1793 659 1872 ricaria
673 1828 766 1893 perp.
783 1828 841 1872 seu
857 1806 1021 1893 capellan.
1032 1805 1173 1871 ecclesie
1188 1805 1230 1871 de
1248 1805 1373 1871 Rubeis
1386 1804 1554 1888 Maceriis,
1566 1807 1781 1877 Xanctonen.
1796 1811 1876 1885 dioc,
1942 1825 1974 1885 ;-.·

536 1910 596 1974 sibi
613 1910 795 1995 dignemini
811 1910 997 1996 providere.
1012 1950 1056 1960 -
1072 1908 1149 1975 Fiat
1164 1908 1235 1974 R...
1526 1897 1527 1902 ἵ
1948 1908 1953 1912 ’

580 2015 657 2079 Dat.
681 2013 780 2079 Arin.
804 2014 847 2080 id.
871 2013 954 2099 junii
971 2022 1004 2080 a⁰
1026 2016 1070 2080 8⁰.
1093 2014 1162 2096 (19,
1189 2014 1271 2098 28').

590 2152 729 2236 1738·
1598 2185 1694 2250 1340,
1711 2165 1845 2251 131'221'2·
1939 2135 1974 2254 ,⁷5

578 2270 679 2356 Supp.
696 2269 814 2334 Petrus
829 2269 870 2334 de
887 2268 1066 2348 Flesseriis,
1082 2268 1245 2354 presbiter
1261 2269 1461 2334 Ambianen.
1474 2268 1571 2350 dioc,
1582 2269 1754 2337 familiaris
1768 2271 1875 2349 Johan-
1944 2267 1974 2350 J

536 2373 587 2438 uis
602 2372 644 2438 de
668 2372 830 2452 Acheriis,
857 2372 958 2437 vestri
983 2372 1162 2452 familiaris,
1186 2372 1289 2436 etiam
1321 2381 1433 2438 custos
1459 2372 1508 2439 sui
1536 2374 1686 2460 hospitii,
1713 2385 1804 2460 quat.
1828 2372 1874 2440 sibi
1939 2371 1971 2450 J·

535 2471 578 2541 de
605 2477 733 2562 capella
759 2476 790 2541 S.
806 2475 837 2553 J.
855 2474 893 2540 B.
909 2476 975 2540 sita
993 2476 1025 2539 in
1041 2474 1183 2541 ecclesia
1208 2475 1239 2540 S.
1257 2474 1347 2540 Petri
1373 2473 1565 2558 Insulensis,
1590 2476 1781 2556 Tomaceu.
1795 2478 1875 2554 dioc,
1949 2543 1974 2566 .-

535 2580 627 2664 cujus
643 2580 769 2645 fructus
784 2588 850 2645 etc.
867 2599 1033 2644 summam
1049 2600 1090 2664 40
1107 2579 1180 2644 libr.
1203 2577 1372 2645 Turonen.
1388 2600 1577 2665 parvorum,
1601 2582 1786 2648 secundum
1800 2591 1875 2648 tara-
1948 2565 1974 2652 ,⁴

534 2684 661 2749 tionem
676 2683 817 2764 decime,
844 2682 945 2769 [non]
973 2682 1134 2748 excedere
1155 2691 1347 2762 noscuntur,
1374 2703 1450 2749 vac.
1477 2687 1536 2774 per
1561 2690 1707 2749 mortem
1730 2682 1878 2763 Johannis
1951 2675 1974 2684 ⁶

532 2786 614 2852 dicti
630 2785 781 2867 Bontori,
805 2787 987 2872 presbiteri,
1015 2786 1096 2853 dicti
1120 2785 1285 2864 Johannis
1309 2786 1350 2852 de
1377 2787 1530 2853 Acheriis
1556 2790 1798 2875 consanguinei
1820 2804 1879 2875 ger·
1958 2822 1974 2852 1

534 2884 634 2970 inani,
652 2890 760 2956 eidem
778 2889 879 2955 Petro
894 2881 1135 2975 digneminide
1151 2888 1242 2955 dicta
1265 2891 1396 2975 capella
1412 2891 1460 2956 sic
1483 2911 1556 2956 vac.
1577 2891 1766 2977 providere,
1788 2892 1884 2960 etiam
1966 2944 1974 2984 ·.

533 2993 559 3058 si
576 2994 672 3058 fuerit
695 3002 865 3059 reservata
877 3017 885 3073 ;
903 3015 973 3059 non
998 2996 1084 3059 obst.
1112 2993 1202 3077 quod
1228 2994 1406 3060 eeclesiam
1429 2994 1582 3080 parroch.
1610 2995 1653 3061 de
1681 2995 1892 3084 ehavignom
1970 2996 1974 3001 ’

533 3094 742 3161 Suessionen.
758 3096 856 3176 dioc,
873 3098 965 3181 eujus
981 3097 1106 3162 fructus
1122 3097 1187 3162 etc.
1201 3117 1366 3162 summam
1381 3118 1421 3182 30
1433 3098 1506 3164 libr.
1516 3098 1686 3165 Turonen.
1702 3117 1899 3187 parvorum,

533 3199 715 3264 secundum
731 3201 938 3265 taxationem
954 3200 1094 3282 decime,
1119 3203 1267 3265 valorem
1291 3222 1439 3266 annuum
1463 3223 1529 3267 non
1547 3202 1726 3284 excedunt,
1742 3226 1803 3290 per
1817 3220 1904 3292 pro‘

533 3304 695 3368 visionem
714 3304 753 3368 V.
770 3304 801 3368 S.
818 3313 975 3369 noscatur
991 3306 1153 3370 obtinere.
1169 3346 1213 3354 -
1230 3305 1305 3371 Fiat
1322 3305 1362 3370 R.

576 3406 653 3471 Dat.
670 3407 770 3470 Avin.
787 3407 830 3472 id.
843 3409 926 3493 junii
942 3416 976 3473 a⁰
992 3412 1034 3474 8⁰.
1051 3411 1120 3493 (19,
1141 3411 1213 3493 29*)

585 3545 727 3628 1739-
1596 3562 1848 3648 1549,13jum.

575 3660 674 3727 Motu
689 3659 824 3748 proprio
840 3662 1053 3748 providemus
1068 3663 1088 3741 J
1092 3664 1214 3729 ohanni
1232 3664 1273 3729 dc
1290 3663 1324 3729 N
1327 3676 1505 3730 orocastro
1520 3678 1539 3747 ²,
1567 3669 1771 3735 cancellario
1788 3667 1927 3735 Bous·

530 3767 620 3830 bonii
636 3776 671 3831 et
686 3768 852 3832 canonico
868 3768 1008 3832 ecclesie
1026 3767 1064 3833 B.
1082 3767 1131 3833 M.
1147 3769 1190 3833 de
1207 3768 1372 3849 Condato,
1387 3769 1604 3836 Cameracen.
1620 3770 1719 3853 dioc,
1736 3773 1780 3839 de
1794 3774 1930 3840 deca·

531 3881 612 3935 natu
628 3872 717 3936 dicte
741 3874 881 3938 ecclesie
905 3895 977 3940 rac.
1004 3894 1063 3958 per
1088 3875 1141 3938 ob.
1168 3873 1275 3936 ultimi
1302 3873 1430 3953 decani,
1458 3875 1514 3958 qui
1539 3895 1644 3961 nuper
1671 3886 1768 3942 extra
1792 3876 1932 3944 Rorsl·

532 3976 654 4039 curiam
671 3976 759 4039 diem
777 3978 894 4041 clausit
910 3985 1109 4041 extremum.
1126 4017 1169 4024 -
1186 3974 1263 4040 Fiat
1279 3985 1374 4041 motu
1390 3978 1526 4063 proprio
1544 3978 1583 4043 R.

575 4079 652 4143 Dat.
668 4080 767 4145 Avin.
784 4081 827 4146 id.
840 4081 923 4166 junii
941 4089 973 4146 a⁰
989 4083 1032 4145 8⁰.
1050 4085 1119 4164 (19,
1138 4082 1220 4163 34l'l.

585 4215 725 4297 1740.
1593 4234 1846 4320 1349,16juin.
1917 4320 1924 4331 .

574 4333 674 4416 Supp.
691 4332 843 4412 Carinus,
860 4335 1015 4401 dominus
1031 4336 1072 4401 de
1088 4335 1268 4421 Apclreri0,
1284 4336 1389 4417 miles,
1418 4346 1509 4420 quat.
1540 4337 1708 4423 [servitori
1733 4347 1769 4404 et
1797 4339 1890 4405 fan!
1912 4341 1935 4383 Ἰ·

530 4435 598 4499 liari
615 4456 675 4500 suo
692 4427 793 4501 Petro
807 4437 849 4501 de
866 4438 1010 4516 Lubeca,
1028 4439 1122 4526 cler]
1144 4438 1312 4504 Morinen.
1338 4440 1435 4522 dioc,
1459 4441 1501 4507 de
1529 4462 1601 4508 can.
1629 4451 1664 4508 et
1688 4447 1782 4529 preb.
1808 4425 1934 4511 ecctl·

530 4538 718 4605 Lausanen.
735 4563 806 4607 vac
822 4564 881 4628 per
898 4547 951 4608 ob.
967 4544 1084 4642 Jacobi
1102 4545 1143 4610 de
1162 4544 1266 4609 llluns
1283 4545 1463 4629 dignemini
1481 4545 1688 4630 providere...
1700 4586 1741 4597 -
1753 4546 1832 4614 Fiat
1847 4528 1932 4611 Β·

573 4644 651 4709 Dat.
674 4646 773 4710 Avin.
795 4653 830 4710 16
847 4647 914 4713 kal.
927 4649 998 4731 julii
1016 4658 1050 4713 a⁰
1066 4652 1108 4714 8⁰.
1126 4653 1194 4728 (19,
1214 4654 1296 4732 365).

581 4782 717 4863 1741.
1590 4819 1684 4885 1349,
1703 4804 1746 4866 18
1753 4801 1843 4883 jm'n.

573 4899 659 4982 Sign.
677 4900 708 4965 S.
725 4900 764 4965 V.
781 4901 978 4983 Galliardus,
996 4902 1027 4967 S.
1045 4901 1148 4967 Lucie
1165 4902 1199 4965 in
1215 4901 1314 4966 Silice
1337 4900 1422 4966 diac.
1446 4902 1632 4985 cardinalis,
1649 4904 1741 4990 quod
1755 4906 1918 4992 pridess

528 5002 598 5085 ipsa
625 5003 800 5084 Sanctitas,
823 5004 866 5069 ad
893 5006 1172 5091 supplicationem
1200 5004 1377 5070 cardinalis
1400 5006 1559 5090 ejusdem,
1574 5007 1617 5073 de
1633 5030 1708 5075 can.
1735 5019 1770 5075 et
1793 4999 1911 5097 preb·

526 5125 775 5136 ᾖ

561 5194 580 5241 1.
593 5194 655 5240 l'oir
667 5210 691 5241 n.
706 5196 773 5250 llos,
790 5197 858 5244 llll.
870 5224 900 5231 —
913 5200 935 5245 2.
948 5197 1008 5245 l'oir
1020 5214 1045 5248 n.
1059 5201 1128 5249 1497.
