4650 6059
563 769 603 832 ar
1060 838 1063 844 ,
1104 767 1192 844 1343,
1216 771 1249 834 21
1269 769 1380 851 juna.

562 917 655 981 tinue
667 918 798 1003 scripsit
808 928 843 984 et
858 919 1025 985 laboravit
1041 919 1127 984 circa
1137 919 1279 998 idem,et
1289 918 1426 983 servivit
1441 918 1520 1004 ipsis
1529 919 1814 1011 examinatoribus
1824 941 1926 1005 usque

562 1020 605 1086 ad
622 1022 907 1105 complementum
924 1032 958 1088 et
974 1023 1239 1107 reportationem
1266 1023 1479 1107 registrorum
1504 1023 1667 1089 examinis
1693 1024 1869 1111 sepedicti,
1884 1025 1925 1090 de

562 1124 675 1190 ollicio
690 1126 887 1206 notariatus
904 1135 941 1191 ut
956 1126 1030 1212 ipso
1045 1128 1093 1192 uti
1109 1129 1221 1192 valeat
1243 1127 1367 1212 ubique
1382 1135 1555 1207 terrarum,
1572 1136 1661 1193 auct.
1678 1135 1788 1213 apost.
1817 1128 1924 1193 eidem

561 1229 742 1313 dignemini
758 1230 943 1314 providere,
972 1240 1010 1295 ut
1037 1231 1069 1294 in
1088 1230 1204 1297 forma.
1234 1269 1266 1279 -
1296 1230 1372 1297 Fiat
1396 1252 1456 1317 per
1482 1231 1807 1311 vicecancellariam,
1830 1232 1857 1296 si
1885 1232 1925 1297 sit

562 1334 738 1399 sufficiens.
757 1333 796 1399 R.

606 1437 685 1502 Dat.
703 1458 756 1523 ap.
774 1436 1023 1504 Villamnovam
1045 1461 1080 1524 13
1097 1439 1165 1505 kal.
1179 1460 1254 1524 aug.
1270 1451 1304 1505 a⁰
1321 1447 1364 1506 2⁰.
1381 1441 1429 1523 (5,
1450 1442 1553 1523 rrrt').

588 1661 591 1668 ,
611 1575 728 1655 424.
1592 1608 1687 1673 1543,
1704 1610 1746 1654 21
1757 1589 1883 1672 jru’llet.

605 1693 706 1778 Supp.
723 1691 912 1759 Bernardus
935 1693 1095 1779 Stephani
1115 1694 1296 1780 [quatenus
1312 1686 1604 1758 archidiaconatus
1618 1713 1696 1758 suos
1710 1693 1754 1759 de
1778 1692 1923 1779 Figiaco,

561 1795 750 1876 Caturcen,
767 1797 857 1862 etde
871 1798 1047 1863 Alvisioin
1063 1796 1277 1864 Xanctonen.
1290 1797 1487 1876 diocesibus,
1503 1816 1563 1882 per
1574 1796 1656 1862 alios
1670 1796 1800 1862 visitari
1816 1798 1925 1864 facere

561 1898 742 1983 dignemini
759 1900 960 1986 indulgere].
1288 1883 1291 1889 ¹
1782 1927 1784 1932 ⁷

606 2002 693 2068 Item
709 2005 851 2068 similem
866 2025 912 2087 gr.
929 2004 1039 2071 facere
1049 2004 1232 2089 dignemini
1241 2004 1393 2070 servitori
1415 2013 1450 2070 et
1465 2003 1599 2070 notario
1613 2011 1727 2069 vestro
1744 2003 1926 2089 Raynaldo

560 2106 602 2171 de
620 2106 751 2172 Ursinis
764 2120 771 2145 ¹
789 2128 888 2193 super
898 2104 1143 2173 risitationibu's
1153 2107 1444 2174 archidiaconatus
1458 2106 1566 2191 suilde
1581 2104 1782 2191 Campinia⁸
1793 2106 1827 2171 in
1844 2106 1925 2172 eccl.

561 2209 720 2275 Leodien.
742 2248 774 2258 -
796 2210 873 2275 Fiat
891 2210 930 2276 R.

605 2313 684 2379 Dat.
701 2335 755 2399 ap.
773 2312 1021 2380 villamnovam
1043 2335 1078 2379 12
1095 2314 1162 2381 kal.
1180 2335 1255 2399 aug.
1271 2322 1304 2380 a⁰
1321 2324 1362 2379 2⁰.
1380 2316 1430 2398 (5,
1452 2317 1554 2398 103').

611 2450 859 2534 425-432.
1589 2483 1685 2547 1343,
1702 2482 1743 2527 η
1754 2461 1881 2543 juillet.

606 2569 706 2653 Supp.
727 2569 924 2634 domicellus
949 2579 1060 2635 vester
1083 2568 1232 2647 Jacobus
1255 2569 1297 2635 de
1325 2568 1486 2655 Maupilis
1512 2567 1554 2632 de
1581 2565 1764 2647 Florentia,
1790 2566 1927 2632 illustris
1957 2586 1969 2649 ἰ

561 2673 721 2757 principis
736 2673 826 2737 dom.
843 2673 928 2757 regis
945 2672 1087 2738 Francie
1104 2673 1252 2738 serviens
1267 2694 1436 2738 amrorum
1459 2680 1494 2736 et
1517 2691 1624 2756 nepos
1647 2669 1822 2754 quondam
1847 2674 1926 2735 bon.

561 2798 662 2843 mem.
693 2776 783 2842 dom.
813 2776 959 2856 Andree,
991 2777 1170 2848 cardinalis
1200 2776 1426 2842 Tomacensis
1441 2785 1461 2856 ²,
1492 2782 1585 2858 quat.
1612 2773 1674 2839 sibi
1698 2773 1741 2839 de
1764 2774 1925 2860 hospitali

561 2880 615 2945 SS.
631 2880 799 2958 Johannis
814 2889 849 2945 et
866 2880 1037 2967 Reparate
1052 2882 1095 2947 de
1111 2881 1214 2962 Luca,
1232 2890 1395 2947 consueto
1403 2879 1533 2965 jamdiu
1543 2888 1594 2944 est
1604 2899 1664 2963 per
1678 2880 1797 2963 laycos
1806 2882 1926 2963 guber-

560 2985 643 3064 nari,
660 3006 751 3049 nunc
766 3006 841 3050 vac.
858 3005 916 3070 per
931 2994 1076 3051 mortem
1092 2986 1213 3072 prefati
1230 2986 1320 3051 dom.
1337 2985 1514 3051 cardinalis
1537 2984 1592 3047 vel
1613 2983 1683 3056 ¹alio
1710 3003 1925 3067 quocumque

561 3087 662 3153 modo
693 3089 737 3152 ad
767 3087 881 3188 sedem
914 3099 1022 3175 apost.
1054 3098 1231 3173 spectante
1261 3088 1444 3173 dignemini
1482 3085 1669 3172 providere.
1699 3127 1743 3135 —-
1774 3084 1854 3152 Fiat
1891 3087 1925 3150 in

563 3192 679 3257 somra.
699 3192 737 3256 R.
1455 3188 1457 3191 ’

604 3339 690 3397 426.
708 3331 795 3395 Item
813 3352 907 3416 supp.
924 3339 1016 3414 quat.
1034 3352 1109 3396 cum
1126 3332 1216 3397 dom.
1233 3330 1418 3412 Johannes,
1435 3331 1536 3415 episc.
1553 3328 1755 3408 Tomacen,
1769 3326 1926 3392 conside-

562 3435 693 3499 ratione
708 3434 828 3519 prefati
845 3434 937 3514 dom.
954 3434 1043 3499 card.
1060 3444 1094 3499 et
1111 3434 1154 3499 ad
1178 3435 1279 3519 ipsius
1305 3454 1431 3520 preces
1456 3433 1603 3498 osticium
1628 3432 1926 3517 aggravantiarum

564 3539 653 3603 curie
668 3537 893 3602 Tomacensis
909 3558 985 3603 cum
1009 3538 1076 3602 suis
1088 3538 1215 3622 juribus
1239 3546 1273 3602 et
1300 3537 1537 3602 emolumentis
1563 3535 1734 3615 universis,
1763 3534 1926 3619 quamdiu

563 3643 669 3706 vitam
696 3663 789 3706 suam
824 3641 956 3706 duxerit
983 3644 1016 3706 in
1044 3642 1208 3722 humanis
1240 3641 1443 3706 concesserit
1469 3641 1649 3706 liberaliter
1675 3647 1710 3703 et
1735 3638 1926 3718 donaverit,

564 3746 747 3811 dummodo
763 3745 851 3810 idem
867 3744 887 3822 J
890 3749 1016 3811 acobus
1030 3746 1158 3811 dictum
1176 3745 1323 3809 officium
1340 3744 1444 3809 faciat
1458 3764 1518 3830 per
1533 3744 1749 3809 substitutum
1773 3751 1809 3807 et
1824 3743 1927 3808 servi·

562 3858 672 3916 torem
688 3850 859 3936 ydoneum
875 3849 1043 3928 deserviri,
1060 3859 1160 3935 prout
1175 3850 1209 3913 in
1225 3849 1345 3914 litteris
1361 3849 1480 3934 prefati
1497 3849 1587 3914 dom.
1607 3846 1756 3933 episcopi
1773 3846 1928 3912 contine·

563 3963 616 4019 tur
631 3964 651 4034 ³,
668 3955 851 4037 dignemini
879 3975 922 4018 ne
949 3954 1163 4040 superdicto
1191 3953 1304 4019 ofticio
1330 3954 1467 4038 ejusque
1494 3953 1600 4018 libero
1615 3950 1628 3987 s
1643 3950 1807 4016 exercitio
1830 3951 1928 4037 juxta

564 4061 817 4124 concessionem
834 4058 1021 4144 predictam
1038 4067 1071 4123 et
1088 4059 1393 4122 emolumentorum
1406 4064 1440 4120 et
1456 4063 1683 4142 proventuum
1708 4053 1931 4139 perceptione

564 4153 677 4225 valeat
695 4163 914 4248 imposterum
924 4162 1217 4247 molestari,ipsam
1230 4159 1485 4226 concessionem
1501 4168 1536 4225 et
1545 4158 1768 4224 donationem
1778 4156 1930 4241 ejusdem

564 4264 664 4329 ol'ticii
682 4275 716 4329 et
734 4266 835 4350 ipsius
851 4266 1000 4330 exercitii
1018 4286 1094 4329 cum
1110 4265 1177 4330 suis
1189 4265 1316 4349 juribus
1333 4273 1367 4328 et
1383 4263 1620 4328 emolumentis
1635 4269 1747 4326 ratam
1763 4259 1932 4326 habentes

564 4376 598 4431 et
613 4376 746 4451 gratam
764 4369 937 4453 ipsamque
954 4377 1043 4433 auct.
1060 4378 1168 4454 apost.
1186 4369 1395 4433 confirmare.
1412 4408 1455 4415 —
1475 4366 1552 4432 Fiat
1567 4367 1652 4431 sicut
1668 4364 1804 4450 petitur.
1824 4363 1864 4430 R.

608 4470 686 4535 Dat.
703 4492 756 4556 ap.
774 4470 1024 4565 l'illanrnovam
1044 4493 1079 4536 12
1097 4472 1163 4537 kal.
1180 4493 1253 4557 aug.
1270 4482 1303 4537 a⁰
1321 4482 1362 4536 2⁴¹.
1381 4479 1430 4554 (5,
1449 4472 1535 4554 104').

606 4617 692 4676 427.
711 4611 811 4674 Pater
828 4612 892 4675 8⁰¹⁰.
910 4610 1012 4695 Hugo
1035 4612 1077 4676 de
1103 4610 1263 4696 Maupilis
1278 4626 1298 4690 ⁴,
1316 4611 1533 4675 cancellarius
1557 4607 1793 4687 Tomacensis,
1822 4628 1929 4694 nepos

596 4799 624 4857 a)
641 4797 697 4845 (lul.
711 4798 858 4861 Campania.
872 4800 944 4859 --1))
962 4799 1017 4846 (lul.
1031 4800 1115 4847 libero.
1161 4805 1163 4810 '

598 5002 619 5048 l.
638 5001 670 5048 du
691 5001 787 5053 Thourc
810 5001 843 5056 ll,
864 5000 946 5047 ll-ts.
965 5028 996 5033 —-
1015 5003 1038 5046 2.
1051 4999 1112 5045 l'oir
1126 5014 1149 5061 p.
1163 5001 1201 5046 21.
1264 5002 1286 5047 3.
1300 5000 1336 5046 ln
1349 4999 1424 5047 lettre
1436 4999 1467 5046 «lo
1486 4997 1599 5057 l'fireqno
1615 4996 1680 5044 Jcan
1692 4995 1724 5044 dc
1736 4995 1849 5044 'l'ourrrai
1867 4995 1926 5045 (tait

564 5073 640 5122 «lette
651 5075 683 5122 (le
698 5075 767 5121 Paris
779 5074 801 5122 lo
815 5076 846 5120 l“
858 5071 952 5121 torritu-
966 5074 1027 5120 1343
1040 5074 1079 5132 (n.
1088 5074 1133 5129 st.)
1142 5076 1149 5132 (
1157 5074 1215 5136 nep.
1229 5074 1248 5120 ,1
1257 5075 1310 5130 rin,
1325 5076 1362 5130 tu,
1376 5075 1393 5121 1,
1402 5075 1488 5119 lli-lav
1498 5074 1518 5132 ).
1547 5100 1551 5104 -
1564 5073 1585 5118 l.
1596 5070 1726 5117 (lamine
1738 5069 1770 5117 ‹le
1782 5068 1895 5117 Tournai
1907 5069 1928 5117 lc

566 5150 598 5195 23
610 5164 668 5196 nur.
684 5150 751 5205 1336,
764 5146 907 5195 chancolier
918 5162 949 5194 on
964 5150 1032 5203 1339,
1046 5153 1071 5203 ψ
1082 5147 1105 5194 ln
1127 5150 1156 5193 12
1168 5148 1228 5195 aoht
1245 5150 1305 5194 13118
1318 5148 1388 5207 (Vos.
1406 5147 1437 5204 ll,
1451 5149 1481 5192 tu
1493 5163 1498 5196 ;
1511 5144 1591 5192 (tillus
1603 5144 1626 5192 le
1638 5143 1728 5191 Muisis
1739 5157 1781 5205 ap.
1797 5142 1889 5192 (hren.
1900 5141 1928 5189 ae

567 5222 688 5281 Flandre,
701 5223 734 5281 Il,
749 5223 808 5282 413)
822 5237 827 5269 :
841 5221 895 5268 voit·
907 5235 931 5268 n.
945 5221 998 5269 llll.
