4650 6059
981 806 1071 884 1346,
1092 809 1146 872 2-7
1168 809 1293 875 octobre.
1756 810 1817 877 279

471 956 545 1039 quod
560 958 649 1023 idem
668 958 806 1042 Egidius
821 959 855 1023 in
869 958 900 1023 S.
912 957 1143 1025 Bartholomei
1155 958 1315 1025 Leodien.
1333 972 1352 1041 ¹,
1373 968 1407 1026 et
1422 959 1635 1045 Hugardensi
1657 960 1816 1042 ecclesiis,

467 1060 543 1127 dicte
559 1061 720 1127 Leodien.
736 1062 835 1141 dioc,
852 1083 926 1127 can.
942 1070 977 1127 et
992 1065 1084 1148 preb.
1100 1062 1250 1128 noscitur
1262 1063 1424 1132 obtinere.
1442 1104 1483 1115 —
1500 1064 1576 1131 Fiat
1593 1064 1634 1132 R.

498 1165 573 1231 Dat
589 1165 689 1230 Avin.
708 1171 725 1230 6
741 1187 821 1231 non.
838 1174 905 1231 oct.
921 1173 954 1230 a⁰
971 1172 1011 1250 5⁰.
1027 1166 1099 1248 (12,
1115 1168 1197 1251 41⁹).

505 1303 651 1387 1073.
1484 1319 1580 1402 1346,
1597 1341 1616 1383 a
1633 1322 1771 1386 octobre.

495 1420 599 1507 Supp.
616 1419 636 1498 J
639 1421 801 1501 ohannes,
818 1420 920 1506 episc.
936 1419 1126 1506 Trajecten.
1142 1430 1162 1504 ²,
1180 1428 1271 1505 quat.
1290 1420 1556 1507 [consanguineo
1583 1443 1643 1489 suo
1667 1422 1687 1500 J
1690 1424 1814 1488 ohanni

463 1527 493 1590 le
510 1524 675 1591 Nuenaer
690 1535 712 1605 ³,
728 1524 854 1611 presb]
872 1524 1004 1591 decan.
1021 1535 1056 1591 et
1083 1546 1149 1590 una
1173 1528 1265 1611 preb.
1281 1525 1480 1593 sacerdotali
1496 1527 1578 1592 eccl.
1605 1525 1636 1591 S.
1654 1525 1816 1592 Gereonis

462 1628 662 1694 Iolonien...
680 1627 863 1713 dignemini
879 1629 1055 1715 providere
1071 1652 1079 1708 ;
1093 1649 1161 1694 non
1179 1632 1264 1695 obst.
1277 1629 1367 1713 quod
1386 1650 1459 1696 can.
1471 1633 1607 1715 etpreb.
1618 1631 1699 1695 eccl.
1716 1630 1748 1696 S.
1766 1628 1814 1695 M.

462 1731 644 1816 trajecten.
671 1752 711 1797 ac
735 1732 889 1817 parroch.
914 1734 997 1798 eccl.
1020 1733 1063 1798 de
1090 1732 1332 1799 Lederdamme
1359 1752 1399 1798 ac
1426 1753 1500 1819 cap.
1527 1754 1620 1819 perp.
1647 1733 1680 1797 in
1699 1733 1815 1815 Horst,

462 1836 645 1920 lrajecten.
661 1835 760 1915 dioc„
777 1836 925 1901 noscitur
941 1836 1104 1904 obtinere.
1119 1877 1163 1886 —
1180 1835 1257 1902 Fiat
1275 1835 1315 1901 R.

494 1940 578 2004 Dat.
595 1939 695 2005 Avin.
714 1945 731 2004 6
749 1960 828 2005 non.
845 1948 912 2005 oct.
928 1947 961 2004 a⁰
978 1947 1020 2024 5⁰.
1037 1941 1108 2025 (12,
1125 1942 1195 2025 42).

506 2078 657 2160 1074.
1487 2091 1582 2174 1346,
1599 2112 1618 2154 2
1635 2093 1773 2156 octobre.

497 2196 602 2282 Supp.
619 2195 774 2274 Karolus,
791 2195 824 2259 in
840 2215 953 2279 regem
971 2196 1200 2261 Romanorum
1217 2195 1344 2260 electus
1372 2213 1412 2259 ac
1440 2192 1579 2261 Boemie
1604 2214 1662 2258 rex
1677 2205 1698 2275 ⁴,
1725 2203 1818 2278 quat.

462 2299 627 2385 JAmoldo
643 2298 685 2363 de
701 2298 816 2382 Aquis,
833 2298 921 2364 laico
938 2297 1114 2385 Leodien.]
1132 2298 1230 2378 dioc„
1246 2298 1289 2363 de
1305 2286 1519 2382 preb.laicali
1530 2298 1612 2363 eccl.
1629 2297 1661 2363 S.
1677 2298 1819 2363 Servatii

462 2404 482 2469 Γ
484 2403 692 2488 rajectensis,
708 2403 798 2478 dicte
814 2402 911 2481 dioc„
928 2403 962 2466 in
978 2422 1044 2487 qua
1060 2401 1229 2488 prebende
1248 2401 1384 2466 laicales
1396 2408 1556 2468 consuete
1576 2403 1618 2466 ab
1634 2401 1715 2465 olim
1727 2400 1821 2467 laicis

462 2506 614 2591 resignari
642 2507 712 2572 fore
742 2515 936 2587 noscuntur,
967 2506 1057 2593 [vac.
1087 2508 1141 2571 vel
1172 2505 1301 2590 vacat.]
1341 2504 1525 2589 dignemini
1562 2504 1747 2590 providere.
1778 2546 1821 2554 -

462 2611 535 2677 Fiat
551 2610 591 2676 R.

498 2714 587 2779 item
604 2724 698 2799 quat.
717 2713 754 2800 [J
757 2714 879 2779 olranni
897 2714 939 2780 de
954 2714 1070 2798 Aquis,
1086 2712 1191 2799 laico]
1217 2712 1307 2779 dicte
1323 2711 1420 2792 dioc„
1448 2712 1490 2778 de
1506 2715 1597 2797 preb.
1614 2713 1722 2778 laicali
1739 2714 1821 2778 eccl.

462 2818 485 2884 ἱ.
502 2817 611 2884 Cassii
629 2816 827 2900 Bunnensis,
845 2816 1009 2883 Colonien
1025 2818 1165 2898 dioc.,...
1183 2815 1366 2901 dignemini
1382 2816 1568 2901 providere.
1590 2854 1622 2864 -
1644 2815 1720 2880 Fiat
1738 2815 1777 2880 R.

498 2922 581 2988 Dat.
597 2922 699 2987 Avin.
718 2927 735 2986 6
752 2943 832 2988 non.
848 2931 915 2988 oct.
932 2929 966 2986 a⁰
984 2930 1025 3006 5⁰.
1043 2922 1115 3007 (12,
1132 2922 1201 3005 42).

514 3057 656 3140 1075.
1496 3071 1587 3154 1346,
1605 3093 1623 3135 a
1641 3072 1779 3136 octobre.

499 3175 603 3260 Supp.
632 3174 797 3259 Philippa,
822 3175 936 3258 regina
962 3175 1084 3257 Anglie
1108 3182 1128 3255 ⁵,
1145 3183 1235 3259 quat.
1266 3174 1415 3251 Johanni
1442 3173 1619 3259 Leyward
1646 3177 1753 3259 presb.
1781 3175 1823 3239 de

463 3278 676 3363 induarpia,
694 3276 909 3342 Cameracen.
926 3278 1023 3356 dioc„
1041 3277 1082 3341 de
1101 3282 1177 3343 ben.
1204 3278 1246 3342 ad
1263 3280 1369 3343 coll...
1399 3279 1592 3343 monasterii
1620 3278 1650 3343 S.
1677 3276 1823 3342 Bavonis

462 3381 656 3460 Eandensis,
674 3379 862 3445 Tornacen.
879 3381 976 3460 (1100,
993 3381 1175 3464 dignemini
1192 3382 1378 3467 providere,
1395 3403 1536 3446 examen
1559 3389 1696 3468 propter
1711 3381 1822 3446 discri-

462 3488 549 3552 mina
566 3487 697 3550 riarum
715 3486 775 3550 sibi
792 3486 1006 3551 remittendo,
1023 3526 1065 3534 -
1083 3485 1157 3550 Fiat
1176 3486 1215 3552 R.

499 3592 579 3655 Dat.
596 3590 698 3653 Asin.
718 3594 735 3652 6
753 3610 832 3653 non.
849 3598 915 3654 oet.
933 3597 966 3654 a⁰
984 3597 1023 3673 5⁰.
1039 3591 1052 3672 (
1059 3594 1110 3669 12,
1130 3593 1187 3674 56)

509 3727 654 3809 1076.
1493 3743 1586 3825 1346,
1603 3743 1624 3805 ό
1640 3744 1777 3806 octobre.

500 3844 603 3910 Motu
630 3843 765 3929 proprio
791 3843 1004 3927 providemus
1032 3843 1179 3911 Nicolao
1206 3845 1351 3930 Rogerii,
1378 3867 1450 3910 can.
1478 3845 1726 3929 Rothomagen.
1742 3845 1762 3923 ⁶,
1779 3845 1821 3909 de

462 3971 541 4030 zan„
559 3952 652 4035 preb.
669 3957 704 4012 et
730 3948 880 4013 custodia
906 3952 987 4014 eccl.
1015 3950 1132 4033 colleg.
1158 3950 1190 4014 S.
1216 3950 1390 4034 (baugenci
1419 3950 1644 4028 Carneracen.,
1669 3949 1771 4012 etiam
1796 3949 1821 4013 si

462 4054 547 4119 licta
564 4052 719 4117 custodia
746 4051 835 4134 dign.
863 4073 921 4115 seu
946 4052 1001 4117 off.
1029 4053 1062 4116 in
1087 4054 1159 4138 ipsa
1187 4056 1268 4119 eccl.
1293 4063 1475 4140 reputetur,
1500 4073 1571 4117 vac.
1587 4073 1646 4137 per
1662 4056 1715 4117 ob.
1733 4052 1822 4136 Ray-

463 4156 584 4236 nundi,
602 4156 633 4219 S.
653 4153 701 4219 M.
719 4153 753 4219 N
756 4176 819 4219 010
836 4155 919 4220 (liae.
937 4156 1046 4221 card.⁷
1063 4199 1105 4205 —
1123 4157 1198 4222 Fiat
1214 4167 1309 4223 motu
1325 4158 1459 4243 proprio
1476 4166 1510 4221 et
1525 4157 1754 4242 dispensamus
1782 4156 1820 4220 R.

497 4261 581 4325 Dat.
599 4259 700 4322 Δ11111.
720 4280 736 4321 2
755 4280 833 4323 uon.
851 4268 967 4323 00111Ο
986 4268 1027 4343 5⁰.
1045 4261 1116 4343 (12,
1140 4269 1239 4345 117').

510 4397 655 4477 1077.
1491 4411 1586 4492 1546,
1605 4427 1624 4491 7
1639 4412 1777 4475 octobre.

500 4514 619 4598 Suppl.
635 4512 865 4595 lingelbertus
879 4511 1073 4596 archiepisc.
1087 4512 1204 4595 Rigen.
1216 4514 1236 4594 ⁸,
1248 4523 1340 4597 quat.
1355 4513 1521 4599 [Roberto
1535 4514 1577 4578 de
1593 4513 1707 4592 Bursa,
1725 4513 1818 4598 cler]

462 4619 648 4684 'fornacem
665 4616 763 4694 11100,
779 4616 821 4679 (10
838 4635 912 4678 can.
929 4615 1011 4678 eccl.
1028 4614 1206 4681 Tarbaten.
1230 4616 1414 4701 dignemini
1437 4616 1622 4701 providere,
1633 4620 1724 4701 preb.
1741 4638 1822 4681 1010

463 4723 553 4808 [vac.
570 4722 625 4784 101
642 4718 769 4803 racab]
789 4728 1005 4782 reservantes.
1019 4759 1060 4767 —
1079 4718 1155 4783 Fiat
1174 4719 1213 4784 R.

503 4825 584 4889 Dat.
601 4823 700 4887 Δ11111.
718 4843 797 4886 non.
815 4832 881 4886 out.
899 4831 932 4885 a⁰
951 4830 992 4905 5⁰.
1010 4826 1082 4905 (12,
1102 4830 1168 4906 53).

496 5020 1050 5071 1111111111.5151.-1,.11111111·11·11,·1.-
1068 5023 1090 5066 3.
1106 5021 1203 5072 1110011,
1221 5020 1290 5074 aiut..
1305 5024 1358 5075 282,
1372 5022 1425 5076 253,
1440 5021 1487 5065 reb
1503 5034 1507 5064 :
1521 5020 1574 5064 voir·
1589 5018 1670 5073 Burni,
1685 5017 1717 5068 11,
1732 5031 1756 5077 p.
1775 5017 1823 5060 litu.

469 5123 495 5130 —
506 5099 527 5145 l.
542 5096 608 5143 lton.
629 5095 683 5144 tar.
697 5096 768 5151 Boo..
783 5095 802 5145 1,
818 5109 840 5140 11.
855 5096 967 5140 tta-730.
981 5121 1012 5125 --
1024 5097 1046 5139 5.
1060 5093 1131 5145 Bliss,
1147 5094 1274 5145 l’rtitimrr,
1291 5094 1308 5150 l,
1325 5095 1376 5140 120,
1390 5121 1420 5126 --
1432 5095 1454 5139 ti.
1470 5092 1529 5136 l'oir·
1541 5105 1565 5136 11.
1578 5092 1615 5142 el,
1629 5093 1668 5136 ob.
1681 5118 1689 5121 -
1702 5116 1712 5122 -
1724 5090 1745 5135 7.
1758 5088 1824 5146 Ray-

470 5170 540 5216 mond
552 5170 585 5216 de
598 5169 697 5229 Farges,
710 5167 804 5216 dfe-ede
818 5168 840 5214 10
852 5171 866 5213 :3
879 5168 982 5214 octobre
996 5168 1057 5214 13111
1070 5167 1174 5227 (Eubul,
1195 5167 1213 5225 l,
1233 5167 1284 5218 lb.)
1300 5194 1331 5200 —-
1349 5169 1370 5213 8.
1392 5165 1530 5225 Eugelbert
1547 5163 1578 5211 de
1599 5163 1678 5210 Dolon
1696 5164 1764 5208 urnii
1786 5159 1826 5206 (rb

472 5242 560 5304 irbrue
571 5243 603 5290 de
618 5242 715 5304 Dorpat
727 5249 806 5289 0111111
819 5241 850 5288 de
863 5247 963 5288 moriter·
974 5255 1017 5286 sur
1030 5240 1053 5287 le
1065 5239 1132 5299 siege
1143 5240 1176 5287 de
1189 5240 1252 5300 Rigu
1264 5239 1368 5300 (Euboi,
1383 5240 1401 5294 Ι,
1415 5239 1483 5297 112).
