4650 6059
1044 770 1136 845 1842,
1159 769 1289 839 131111
1809 776 1848 842 281

443 983 446 988 .
552 931 612 994 151.
624 924 710 993 Item
724 945 823 1013 sopp.
838 932 933 1010 quat.
947 944 1035 1010 mag.
1050 922 1244 991 Guichardo
1259 923 1456 1010 Salomonis,
1480 949 1555 1016 cap.
1571 948 1641 1010 suo,
1657 927 1701 995 de
1717 948 1799 998 can.
1815 938 1851 996 et
1966 998 1968 1001 ,

442 1059 447 1088 ;
523 1030 684 1116 pabeam·
693 1027 896 1116 [dignemini
905 1026 1289 1115 providere.],nonobst.
1300 1028 1391 1113 quod
1400 1032 1553 1117 parroch.
1565 1032 1648 1099 eccl.
1660 1032 1704 1101 de
1716 1031 1850 1115 Heraia,

443 1150 449 1190 :
520 1134 696 1201 marten
706 1131 807 1213 dioc,-
822 1151 864 1198 ac
880 1128 1150 1199 Montisierrandi
1166 1140 1202 1199 et
1216 1131 1387 1203 Sebaziaci
1402 1134 1851 1217 eccl.,Claromonten.dioc.,

443 1270 450 1279 -
518 1244 614 1304 tanet
626 1238 720 1324 preb.
735 1233 920 1306 obtinet-
940 1233 1018 1303 Fiat
1030 1234 1067 1302 in
1081 1234 1405 1323 eccl..S.‚Gaugerici
1420 1236 1634 1317 cameracen.
1652 1239 1693 1308 R.
1704 1239 1748 1325 (1,
1768 1245 1849 1326 124).
1878 1253 1881 1258 '

443 1387 448 1394 '
544 1385 612 1450 152.
624 1378 715 1449 Item
729 1401 828 1470 supp.
843 1388 937 1467 quat.
960 1382 1208 1469 consangrdneo
1230 1402 1292 1450 suo
1306 1382 1469 1454 Gausrido
1483 1386 1526 1453 de
1542 1386 1703 1455 vichiaco
1716 1387 1760 1454 de
1775 1408 1852 1455 can.

443 1476 444 1479 '
507 1491 534 1551 e
542 1478 630 1573 preb.
643 1483 729 1553 coci
743 1482 962 1551 cameracen.
977 1482 1160 1571 dignemini
1175 1486 1360 1575 providere,
1371 1503 1445 1556 'non
1460 1492 1547 1557 obst.
1563 1490 1654 1576 quod
1669 1491 1703 1558 in
1719 1492 1801 1559 eccl.
1817 1491 1850 1559 S.

502 1587 612 1758 Sirepei
625 1587 855 1761 dssBriliomo,
871 1587 1122 1657 claromonten.
1138 1588 1237 1673 dioc,
1253 1610 1338 1673 can,
1354 1594 1447 1679 preb.
1459 1598 1495 1659 et
1505 1593 1693 1661 cantoriam
1708 1595 1852 1662 obtinet.

502 1728 531 1742 -
574 1701 622 1761 nt

531 1846 609 1910 153.
624 1838 718 1907 Item
731 1848 826 1926 quat.
842 1839 1017 1910 Dalmatio
1032 1838 1216 1921 Lamberti,
1232 1839 1311 1908 cler.
1326 1860 1458 1910 camere
1470 1861 1541 1924 sue,
1557 1841 1601 1910 de
1617 1863 1691 1910 can.
1707 1851 1742 1909 et
1756 1846 1851 1931 preb.
1927 1848 1930 1853 ’

489 1942 570 2010 eccl
579 1940 766 2028 de-anis,
778 1941 946 2012 Morinen.
957 1942 1056 2025 dioc,
1062 1942 1152 2011 unde
1164 1942 1323 2011 oriundus
1337 1944 1460 2029 existit,
1472 1944 1655 2032 dignemini
1664 1935 1851 2035 providere,

485 2048 570 2133 [non
584 2048 690 2133 obst]
704 2046 798 2134 quod
812 2047 933 2135 capell.
953 2047 1056 2114 castri
1080 2046 1124 2113 de
1146 2047 1239 2135 Ailly
1265 2068 1364 2136 super
1390 2046 1515 2131 Noam,
1538 2050 1737 2119 Ambianen.
1751 2051 1851 2138 dioc,

485 2150 632 2218 obtinet.
647 2190 676 2203 -
699 2149 779 2219 Fiat
793 2149 836 2219 R.
1358 2179 1360 2183 ¹
1496 2230 1497 2233 Ἴ

529 2253 614 2322 Dat.
629 2274 687 2343 ap.
702 2253 953 2322 villamnovam
968 2254 1014 2322 id.
1030 2274 1103 2341 aug.
1119 2255 1159 2321 a⁰'
1173 2262 1214 2322 1⁰.
1228 2254 1272 2340 (I,
1292 2255 1395 2342 124').
1442 2316 1447 2325 .
1580 2336 1583 2340 Α
1674 2323 1679 2333 ,

536 2410 649 2495 154.
811 2467 812 2470 =
1489 2512 1492 2521 ι
1548 2443 1643 2509 1342,
1660 2445 1700 2510 13
1717 2430 1805 2493 norit.

525 2527 634 2617 Supp.
648 2526 769 2594 Petrus
782 2524 827 2593 de
849 2524 1025 2609 Gandavo,
1051 2528 1161 2614 presb.
1189 2524 1392 2613 Flamingns,
1418 2526 1604 2595 Tornacen.
1631 2527 1728 2612 dioc,
1755 2538 1853 2616 quat.

481 2632 545 2698 srbi
560 2630 606 2697 de
619 2632 699 2698 ben.
714 2630 798 2697 eccl.
825 2647 851 2697 a.
867 2649 907 2711 c.,
933 2637 1111 2717 spectante
1137 2629 1181 2697 ad
1207 2630 1283 2697 coll.
1299 2630 1400 2718 episc.
1427 2629 1643 2702 cameracen.
1665 2631 1848 2719 dignemini

481 2732 663 2821 providere
677 2755 688 2814 ;
701 2753 772 2811 non
788 2735 875 2804 obst.
890 2733 981 2819 quod
995 2734 1147 2820 parroch.
1162 2734 1246 2801 eccl.
1262 2732 1301 2801 B.
1318 2733 1503 2801 Katherine
1518 2734 1695 2822 Brugensis
1709 2734 1732 2818 l,
1749 2736 1850 2804 'dicte

481 2836 676 2906 Tornaoen.
689 2835 789 2919 dioc,
804 2835 952 2919 noscitur
966 2838 1129 2904 obtinere.
1144 2876 1188 2889 -
1204 2836 1282 2917 Fiat
1296 2858 1401 2925 usque
1415 2837 1460 2906 ad
1474 2858 1641 2905 summam
1658 2858 1699 2925 50
1713 2839 1770 2906 lib.
1787 2838 1827 2905 R.

525 2938 612 3007 Dat.
626 2959 683 3027 ap.
698 2937 948 3006 villamnovam
963 2938 1005 3006 id
1021 2960 1097 3027 aug.
1112 2947 1147 3008 a⁰
1165 2948 1205 3026 1⁰.
1220 2939 1263 3026 (I,
1285 2942 1372 3027 116).

538 3095 648 3179 155-
1425 3158 1427 3163 -
1545 3128 1639 3191 1342,
1657 3113 1801 3192 13110ιῖ1.

529 3211 631 3297 Supp.
648 3210 849 3276 Lambertus
863 3210 906 3275 de
922 3210 1102 3275 Linsemial
1116 3221 1134 3289 ¹,
1147 3209 1307 3275 Leodien.
1320 3209 1406 3276 dioc.
1419 3215 1537 3296 presb,
1551 3212 1606 3296 qui
1619 3233 1698 3277 casu
1711 3212 1847 3277 fortuito

486 3325 519 3380 et
533 3315 591 3380 din
604 3321 797 3400 expectat0,
814 3334 881 3379 non
899 3313 1025 3379 habens
1040 3314 1142 3378 aliurn
1159 3314 1248 3399 apud
1263 3314 1377 3378 sedem
1403 3324 1511 3400 apost.
1527 3336 1628 3399 quam
1645 3315 1756 3380 Deum
1772 3337 1848 3401 pro-

486 3428 663 3498 motorem,
696 3425 789 3502 quat.
820 3416 928 3482 eidem
970 3438 1042 3482 can.
1077 3424 1113 3480 et
1144 3420 1236 3502 preb.
1267 3418 1301 3481 in
1328 3406 1409 3483 eccl.
1441 3419 1472 3485 S.
1503 3419 1644 3485 Dionisii
1675 3418 1845 3502 Leodien,

488 3525 572 3605 [vac.
587 3523 643 3587 vel
660 3522 796 3605 vacat.],
812 3521 986 3586 donationi
1002 3528 1110 3605 apost.
1126 3520 1307 3605 dignemini
1324 3541 1491 3588 reservare
1507 3532 1542 3588 et
1563 3524 1672 3589 eidem
1701 3524 1744 3589 de
1768 3525 1847 3610 ipsis

489 3627 661 3711 providere
679 3649 688 3705 ;
705 3647 773 3691 non
790 3628 876 3691 obst.
891 3629 967 3690 ben.
984 3634 1099 3690 curato
1115 3625 1205 3707 quod
1221 3626 1351 3690 obtinet
1377 3626 1410 3690 in
1438 3629 1520 3693 eccl.
1536 3629 1688 3713 parroch.
1704 3629 1746 3693 de
1764 3628 1848 3695 Ros·
1900 3665 1904 3671 ‚

490 3751 586 3811 mere,
602 3729 694 3796 dicte
717 3729 814 3808 dioc,
831 3728 922 3813 quod
937 3738 1073 3815 paratus
1089 3738 1139 3792 est
1154 3728 1333 3809 dimittere,
1356 3730 1382 3793 si
1398 3729 1438 3795 V.
1465 3732 1628 3816 placuerit
1655 3732 1697 3812 S,
1722 3731 1847 3816 adepta

490 3835 628 3917 pacifica
644 3833 853 3919 possessione
869 3832 1034 3898 dictorum
1051 3853 1125 3897 can.
1142 3841 1177 3897 et
1193 3836 1283 3918 preb.
1300 3872 1341 3882 —
1360 3833 1435 3898 Fiat
1452 3834 1491 3899 R.

530 3939 608 4003 Dat.
624 3957 679 4023 ap.
696 3936 942 4002 villamnovam
960 3936 1002 4001 id.
1019 3957 1092 4020 aug.
1109 3946 1141 4000 a⁰
1161 3946 1200 4001 1⁰.
1218 3935 1261 4019 (I,
1283 3939 1340 4019 148
1353 3939 1394 4021 v).

538 4091 647 4174 156.
1546 4125 1640 4188 1542,
1659 4125 1697 4188 15
1715 4109 1802 4169 norit.

528 4208 631 4294 Supp.
648 4204 856 4285 Godefridus,
874 4205 959 4269 filius
975 4204 1009 4270 N
1012 4205 1134 4270 icholai
1150 4205 1231 4270 dicti
1248 4204 1413 4290 Borghart
1428 4205 1470 4271 de
1488 4206 1651 4289 Herdren,
1668 4209 1745 4274 cler.
1761 4207 1851 4273 Leo-¹

490 4312 571 4377 dien.
588 4311 688 4389 dioc,
704 4308 760 4392 qui
777 4328 855 4373 casu
871 4308 1008 4374 fortuito
1024 4318 1059 4374 et
1074 4309 1130 4374 diu
1147 4318 1329 4395 expectato
1344 4331 1413 4375 non
1429 4311 1558 4376 habens
1573 4313 1674 4377 alium
1697 4313 1788 4399 apud
1815 4313 1846 4377 S.

493 4413 525 4481 v.
541 4436 645 4501 quam
661 4414 773 4478 Deum
789 4424 1027 4500 promotorem,
1044 4422 1136 4498 quat.
1153 4414 1264 4479 eidem
1280 4435 1352 4479 can.
1374 4424 1409 4479 et
1425 4417 1516 4501 preb.
1533 4416 1566 4479 in
1584 4418 1664 4481 eccl.
1682 4415 1713 4480 S.
1730 4415 1846 4480 Crucis

493 4516 656 4599 leodien,
682 4519 768 4601 [vac.
800 4517 854 4581 vel
884 4517 1022 4600 vacat.,]
1055 4516 1164 4581 eidem
1203 4517 1431 4598 conferendos,
1459 4519 1640 4603 dignemini
1668 4539 1852 4596 reservare,

491 4633 519 4689 et
533 4624 575 4689 de
591 4623 656 4689 illis
672 4621 783 4686 eidem
805 4622 944 4707 pauperi
971 4623 1047 4686 cler.
1074 4621 1203 4685 nullum
1231 4622 1368 4687 habenti
1390 4624 1494 4707 [ben]
1511 4625 1591 4689 eccl.
1608 4623 1791 4710 providere.
1810 4659 1848 4669 -·

493 4724 561 4794 Fiat
585 4727 627 4792 R.

527 4831 604 4897 Dat.
621 4852 678 4918 ap.
694 4829 943 4894 villamnovam
959 4828 992 4894 id
1008 4849 1081 4913 aug.
1098 4835 1132 4893 a⁰
1152 4835 1191 4893 1⁰.
1209 4828 1252 4913 (I,
1273 4831 1359 4914 160).

516 5019 542 5076 1)
558 5019 594 5066 1ae
611 5031 673 5065 nom
692 5029 786 5079 pmpre
801 5029 818 5063 a
834 5014 875 5063 dte
892 5016 964 5064 onis.
976 5043 1007 5051 —
1024 5015 1054 5077 b)
1071 5013 1135 5070 (bi,
1150 5014 1262 5075 Burgen.

517 5203 537 5249 1.
548 5201 648 5258 Kirach,
662 5196 739 5256 Rau,
751 5199 806 5246 266.
918 5216 924 5254 1
939 5249 941 5251 .
