4650 6059
483 774 523 837 90
1017 770 1104 844 1343,
1128 771 1179 835 aa
1197 739 1307 852 Junru

481 922 606 985 tatibus
625 902 753 985 clericis
769 920 974 985 secularibus
990 921 1042 984 vel
1058 919 1153 984 laicis
1163 918 1335 1004 assignari,
1351 920 1427 985 coll.
1443 919 1632 1006 hujusmodi
1645 923 1845 989 confimrare

480 1025 674 1107 dignemini.
691 1066 734 1073 —
752 1023 829 1089 Fiat
846 1023 887 1089 R.

526 1128 605 1192 Dat.
622 1148 676 1213 ap.
692 1126 949 1194 Villamnovam
959 1149 976 1213 3
994 1149 1072 1193 non.
1085 1128 1157 1213 julii
1175 1135 1205 1193 a.
1225 1135 1266 1192 2⁰.
1282 1129 1331 1211 (5,
1348 1130 1411 1212 81).

532 1264 646 1345 410.
1530 1282 1630 1364 rm,
1647 1280 1669 1344 6
1677 1279 1804 1361 juillet.

524 1382 657 1467 Supp..
673 1381 739 1446 dux
753 1379 936 1446 Brabantie
949 1391 983 1447 et
996 1381 1168 1447 comitissa
1180 1380 1340 1445 Hanonie
1350 1389 1443 1466 quat.
1455 1402 1570 1448 eorum
1584 1383 1679 1469 [cler.
1690 1384 1844 1452 Theode-

480 1484 565 1570 rico]
581 1485 622 1550 de
640 1484 798 1561 Bubanis,
816 1483 977 1550 Leodien.
994 1485 1091 1564 dioc,
1108 1484 1150 1549 de
1167 1505 1241 1549 can.
1258 1494 1292 1550 et
1307 1487 1399 1570 preb.
1416 1487 1498 1551 eccl.
1515 1486 1642 1572 Spiren.
1658 1488 1843 1572 dignemini

480 1589 664 1673 providere,
692 1609 760 1653 non
783 1591 869 1654 obst.
887 1588 978 1673 quod
994 1589 1081 1654 idem
1107 1586 1334 1653 Theodericus
1351 1589 1596 1674 preposituram
1612 1593 1695 1657 eccl.
1713 1592 1844 1660 Wasse·

478 1692 659 1776 burgensis,
675 1691 773 1757 dicte'
781 1691 878 1770 dioc,
895 1692 1044 1757 noscitur
1060 1692 1222 1756 obtinere.
1397 1757 1400 1762 Δ

523 1796 602 1860 Dat.
619 1815 671 1881 ap.
688 1794 937 1860 Villamnovam
956 1817 973 1859 2
990 1816 1068 1860 non.
1081 1795 1152 1880 julii
1171 1803 1205 1859 a⁰
1222 1801 1263 1859 2⁰.
1280 1797 1328 1878 (5,
1347 1798 1402 1879 76)

529 1934 635 2014 411.
1538 1965 1634 2031 1543,
1648 1969 1667 2033 9
1676 1925 1805 2031 juillet.

522 2054 624 2138 Supp.
639 2049 849 2135 A(maldusf),
870 2048 1060 2112 vicecomes
1086 2046 1301 2127 Caramanni,
1325 2056 1417 2131 quat.
1452 2046 1571 2134 [Petro
1594 2048 1725 2133 Vitalis,
1751 2056 1844 2143 can]

480 2157 561 2222 eccl.
574 2157 605 2220 S.
615 2152 799 2219 Andomari
812 2151 855 2216 de
865 2151 897 2214 S.
914 2150 1108 2215 Audomaro
1119 2161 1137 2230 ¹,
1155 2148 1325 2215 Morinen.
1340 2150 1438 2229 dioc,
1451 2152 1638 2218 concedere
1649 2152 1848 2237 dignemini,

481 2269 518 2325 ut
541 2260 727 2323 litterarum
752 2255 872 2334 studi0‚
898 2254 952 2318 ubi
978 2254 1058 2319 illud
1082 2254 1195 2339 vigeat
1215 2255 1381 2338 generale,
1406 2254 1600 2334 insistendo,
1616 2256 1671 2320 vel
1688 2256 1721 2320 in
1738 2259 1847 2325 altero

481 2362 591 2427 benef.
615 2359 801 2438 residend0,
818 2358 983 2423 fructus...
1001 2358 1151 2442 recipiat.
1168 2398 1210 2405 —
1228 2356 1305 2422 Fiat
1321 2357 1354 2421 in
1372 2357 1478 2423 forma
1495 2359 1539 2424 ad
1550 2360 1742 2426 triennium.
1761 2360 1802 2428 R.

528 2465 607 2530 Dat.
623 2464 720 2529 Avin.
739 2480 756 2547 7
773 2461 814 2527 id.
828 2461 899 2547 julii
916 2469 949 2526 a⁰
966 2471 1004 2526 2⁰.
1023 2467 1072 2545 (¹5,
1090 2463 1157 2545 87).

534 2601 644 2684 412.
1530 2619 1552 2676 '1
1554 2632 1597 2697 34
1597 2634 1631 2697 3,
1648 2635 1668 2698 9
1678 2612 1804 2694 juillet.

527 2721 616 2804 Sign.
642 2718 673 2783 S.
692 2716 732 2781 V.
757 2715 1029 2795 lamentabiliter,
1057 2716 1191 2780 humilis
1216 2724 1250 2780 et
1274 2716 1399 2781 devota
1422 2717 1548 2781 oratrix
1568 2727 1691 2800 vestra,
1709 2718 1849 2786 Beatrix

484 2824 660 2910 Lapietine
676 2822 718 2887 de
734 2820 901 2899 Tomac0,
917 2839 1045 2904 pauper
1061 2820 1180 2883 mulier
1191 2820 1293 2885 vidua
1305 2830 1325 2900 ²,
1338 2821 1380 2885 de
1393 2820 1493 2885 tertio
1505 2820 1622 2886 ordine
1633 2809 1848 2891 B.Francisci

482 2926 758 3004 mendicantium,
791 2922 981 2988 Tornacen.
1013 2922 1110 3002 dioc,
1150 2943 1219 2987 non
1258 2922 1406 3009 professa
1434 2924 1466 2986 in
1495 2922 1626 3003 eodem,
1654 2922 1755 3010 [que]
1783 2945 1847 2990 nec

483 3033 610 3097 babent
632 3028 885 3108 monasterium,
916 3048 979 3093 nec
1003 3027 1106 3092 etiam
1132 3027 1318 3093 decantant
1348 3028 1449 3093 horas
1480 3028 1662 3093 canonicas
1692 3028 1726 3092 in
1754 3029 1848 3095 dicto

483 3137 608 3210 ordine,
625 3135 683 3199 sed
703 3135 811 3198 solum
842 3143 876 3197 et
903 3133 1098 3217 simpliciter
1123 3132 1284 3197 virtutum
1300 3133 1475 3197 Altissimo
1499 3131 1692 3198 deserviunt
1716 3133 1847 3198 mendi·

482 3240 615 3317 cand0;
642 3259 706 3322 que
731 3238 866 3320 quidem
892 3235 1039 3311 Beatrix‚
1068 3236 1175 3320 prima
1201 3236 1254 3301 die
1280 3237 1359 3300 anni
1384 3256 1490 3322 nuper
1508 3235 1668 3321 preteriti,
1685 3256 1846 3301 unacum

483 3343 564 3420 aliia,
591 3340 761 3424 quandam
786 3340 1065 3426 supplicationem
1083 3339 1172 3404 dicte
1196 3340 1375 3405 Sanctitati
1400 3340 1557 3425 porrexit,
1574 3339 1616 3404 de
1633 3360 1699 3424 qua
1713 3341 1846 3405 nullam

482 3445 734 3530 responsionem
761 3444 902 3520 habuit;
929 3452 963 3507 et
988 3463 1094 3527 nuper
1115 3442 1216 3507 aliam
1242 3443 1274 3505 in
1302 3441 1411 3508 Ponte
1434 3442 1547 3527 Sorgie
1570 3463 1669 3528 super
1684 3443 1846 3530 hospitali

481 3569 664 3634 pauperum
683 3547 918 3626 Daudenarde,
931 3547 1012 3612 Cist.
1026 3545 1106 3625 ord,
1123 3547 1213 3611 dicte
1229 3546 1326 3625 dioc,
1344 3547 1522 3613 Sanctitati
1536 3546 1685 3633 predicte
1695 3548 1845 3628 tradidit,

482 3654 514 3717 in
531 3675 596 3737 qua
613 3661 724 3717 vestra
741 3652 920 3717 clementia
938 3651 1109 3737 respondit
1131 3673 1137 3715 :
1155 3652 1283 3734 Querar
1299 3652 1332 3715 in
1350 3652 1462 3736 aliquo
1474 3654 1551 3716 loco
1573 3651 1744 3735 religionis
1763 3672 1844 3717 sue:

480 3767 514 3822 et
538 3758 629 3822 dicta
654 3757 769 3840 religio
794 3757 835 3821 sit
860 3777 987 3841 pauper
1012 3756 1220 3835 mendicans,
1245 3755 1292 3819 nil
1317 3755 1359 3820 de
1383 3755 1519 3841 proprio
1533 3756 1673 3836 habens,
1689 3776 1756 3821 nec
1772 3757 1844 3841 ipsa

480 3861 616 3926 Beatrix
632 3861 759 3926 habeat
773 3861 815 3926 de
832 3882 899 3944 quo
915 3860 1058 3945 amplius
1073 3860 1178 3939 vivat,
1195 3859 1304 3942 sitque
1317 3880 1419 3923 senex
1430 3868 1463 3924 et
1474 3859 1607 3943 fragilis,
1624 3879 1665 3923 ac
1681 3861 1844 3945 expendit

479 3967 592 4032 omnia
618 3987 682 4049 qne
707 3966 854 4030 habebat
879 3963 1141 4029 misericordiam
1167 3972 1201 4027 et
1224 3964 1367 4046 gratiam
1385 3972 1532 4029 vestram
1547 3983 1607 4048 per
1623 3982 1641 4043 9
1657 3984 1793 4029 menses
1809 3964 1843 4028 in

479 4070 568 4132 curia
595 4069 626 4132 S.
644 4068 682 4133 V.
705 4069 866 4133 continue
891 4066 1114 4152 expectando,
1141 4075 1175 4129 et
1201 4074 1338 4151 propter
1361 4087 1497 4151 guerras
1521 4066 1632 4151 patrie
1658 4087 1700 4131 ac
1716 4066 1845 4152 ignium

480 4170 633 4234 incendia
660 4172 789 4236 nesciat
815 4170 894 4254 quid
919 4180 1043 4254 petere.
1062 4169 1163 4235 Unde
1180 4188 1275 4253 supp.
1299 4168 1390 4234 dicta
1414 4168 1559 4246 Beatrix,
1583 4176 1675 4253 quat.
1692 4170 1725 4233 in
1751 4170 1844 4236 dicto

480 4273 635 4356 hospitali
652 4295 836 4358 pauperum
856 4271 1090 4351 Ilaudenarde,
1102 4272 1127 4335 C
1132 4272 1276 4351 ist'ord,
1288 4272 1377 4337 dicte
1387 4272 1484 4353 dioc,
1498 4294 1564 4336 una
1581 4293 1657 4337 cum
1674 4275 1844 4339 sororibus

480 4375 580 4459 ipsius
604 4377 787 4461 hospitalis,
814 4378 845 4439 in
875 4399 941 4459 quo
966 4397 1033 4439 non
1060 4375 1286 4440 decantantur
1301 4376 1382 4440 lrore
1399 4364 1571 4452 canonice,
1595 4376 1654 4440 sed
1679 4378 1787 4442 solum
1808 4389 1843 4442 et

479 4479 673 4563 simpliciter
695 4480 769 4542 Deo
791 4490 824 4543 et
849 4480 1049 4563 pauperibus
1069 4478 1192 4542 ibidem
1213 4479 1433 4545 existentibus
1457 4480 1651 4560 deservitur,
1676 4481 1842 4547 mandare

478 4582 659 4664 dignemini
686 4583 792 4666 ipsam
818 4582 1009 4647 'Bcatricem
1035 4603 1093 4666 per
1118 4590 1245 4647 vestras
1268 4584 1397 4648 litteras
1413 4606 1454 4647 ex
1471 4595 1563 4649 certa
1580 4583 1721 4649 scientia
1737 4586 1840 4670 recipi

480 4685 512 4748 in
538 4687 663 4750 sociam
690 4695 723 4750 et
749 4708 896 4751 sororem
920 4688 962 4752 de
989 4688 1150 4751 mamiato
1177 4699 1289 4751 vestro
1314 4689 1460 4772 speciali,
1484 4688 1611 4772 sibique
1623 4689 1722 4775 juxta
1738 4690 1841 4776 ipsius

478 4789 653 4875 hospitalis
678 4793 964 4871 consuetudinem,
991 4813 1030 4856 ac
1055 4792 1096 4856 de
1125 4792 1226 4876 ipsius
1251 4793 1426 4877 hospitalis
1453 4793 1621 4872 fructibus,
1646 4792 1840 4873 redditibus

475 4894 610 4977 juribus,
635 4896 862 4978 proventibus,
889 4906 922 4959 et
947 4895 1207 4961 obventionibus
1232 4896 1403 4975 universis,
1429 4897 1514 4962 sicut
1531 4896 1586 4960 uni
1605 4917 1645 4960 ex
1663 4896 1737 4963 aliis
1760 4897 1840 4964 dicti

478 4997 653 5083 hospitalis
678 5000 843 5063 sororibus
868 5012 918 5062 est
946 5000 1013 5063 lieri
1040 5008 1250 5079 consuetum,
1277 5001 1403 5084 integre
1427 5000 1603 5085 provideri,
1620 5000 1840 5087 habitumque

513 5209 533 5254 l.
553 5207 612 5253 l'olr
629 5222 653 5256 n.
671 5211 710 5255 sili.
777 5208 1019 5257 2.l'‹·1n·‹·rlr=.l‹.=an
1034 5210 1068 5257 Le
1083 5211 1188 5259 tbmble
1201 5210 1280 5271 (dep.
1294 5211 1377 5268 ,le-ia,
1393 5212 1429 5258 tl.
1444 5211 1460 5257 l.
1475 5210 1526 5270 83.)
