4650 6059
400 750 461 814 472
821 751 909 825 1349,
930 750 971 813 27
992 749 1192 828 septembre-4
1214 752 1340 816 octobre.

402 903 514 966 dare...
545 922 632 985 mag.
662 901 813 967 Amaldo
843 900 973 966 Alberti
1000 912 1020 979 ¹,
1043 902 1217 985 preposito
1248 902 1389 966 ecclesie
1417 903 1575 985 Ariensis,
1602 905 1740 973 Morinen.

404 1005 501 1085 dioc,
519 1005 571 1070 lic.
588 1005 622 1068 in
639 1005 713 1089 leg,
730 1005 846 1090 nepoti
862 1004 965 1090 ipsius
990 1002 1177 1082 cardinalis,
1195 1025 1271 1069 cum
1287 1006 1457 1071 vacaverit
1478 1028 1539 1092 per
1554 1030 1676 1076 munus
1688 1032 1740 1077 con·

405 1108 600 1173 sectationis
616 1108 877 1193 impendendum
894 1107 1004 1172 electo
1019 1106 1202 1191 predicto...
1218 1131 1226 1187 ;
1244 1130 1312 1175 non
1337 1112 1423 1175 obst.
1440 1111 1531 1195 quod
1546 1112 1638 1178 idem
1654 1114 1741 1179 Arbal-

405 1211 467 1275 dus
481 1211 606 1275 dictam
622 1211 867 1297 preposituram
883 1210 1031 1275 Ariensis
1048 1210 1190 1276 ecclesie
1213 1212 1296 1276 etin
1321 1213 1439 1278 eadem
1455 1235 1496 1280 ac
1513 1216 1546 1279 in
1565 1214 1740 1282 Noviomen
1782 1207 1784 1268 J

407 1314 554 1379 ecclesiis
570 1315 789 1381 canonicatus
805 1322 840 1379 et
855 1316 947 1399 preb.
963 1313 1113 1378 noscitur
1128 1314 1290 1380 obtinere.
1312 1353 1343 1364 —
1372 1314 1449 1381 Fiat
1466 1316 1506 1382 R.

454 1460 549 1519 1813.
576 1452 663 1517 Item
679 1474 773 1539 supp.
790 1461 882 1537 quat.
899 1452 1002 1518 modo
1018 1452 1115 1517 simili
1143 1473 1312 1517 reservare
1334 1452 1516 1537 dignemini
1544 1464 1580 1520 et
1602 1456 1738 1541 provideri
1782 1437 1784 1443 ’

406 1556 567 1620 mandare
582 1577 668 1641 mag.
686 1557 788 1622 Petro
803 1556 845 1621 de
856 1556 973 1636 BracO,
985 1555 1196 1622 decretorum
1212 1555 1313 1636 doct,
1325 1557 1504 1641 capellano
1513 1567 1631 1624 nostro
1640 1570 1674 1624 et
1682 1558 1738 1624 sacri

407 1659 520 1744 palatii
537 1660 637 1723 vestri
654 1661 829 1745 apostolici
846 1660 999 1739 auditori,
1016 1660 1143 1725 decan.
1161 1669 1195 1724 et
1211 1662 1303 1745 preb.
1320 1662 1402 1726 eccl.
1429 1661 1591 1742 Ariensis,
1603 1660 1739 1728 Morinen.
1780 1658 1784 1682 ³

406 1763 503 1841 dioc,
520 1784 603 1846 quos
618 1771 713 1828 tenet
728 1765 876 1849 prefatus
894 1765 1042 1843 electus;
1059 1784 1129 1828 non
1146 1766 1232 1829 obst.
1249 1764 1339 1849 quod
1354 1764 1442 1829 idem
1458 1786 1546 1850 mag.
1563 1764 1607 1850 P(
1609 1768 1704 1850 etrus)
1718 1766 1738 1827 in

407 1867 523 1950 majori
541 1866 720 1933 Bituricen.
736 1876 771 1932 et
787 1869 818 1933 S.
836 1867 949 1937 Ursini
966 1868 1125 1948 ecclesiis,
1149 1865 1342 1947 Bituricen.,
1358 1889 1431 1933 can.
1447 1879 1482 1933 et
1498 1872 1592 1954 preb.
1608 1890 1648 1935 ac
1662 1868 1739 1935 archi·

405 1971 540 2053 presbit.
556 1970 598 2034 de
615 1970 830 2051 LoberciacO,
856 1971 1072 2037 Lemovicen.
1089 1971 1187 2050 dioc„
1204 1972 1353 2037 noscitur
1380 1972 1542 2037 obtinere.
1559 2013 1603 2021 —
1628 1972 1696 2038 Fiat
1713 1970 1738 2034 R.

409 2080 480 2154 (18,
503 2076 543 2155 1).

454 2216 554 2274 1814.
580 2209 666 2274 Item
692 2210 796 2277 modo
823 2211 921 2277 simili
947 2232 1116 2276 reservare
1141 2220 1176 2275 et
1202 2210 1369 2296 provideri
1394 2211 1557 2277 mandare
1585 2210 1737 2299 dignemini

406 2312 591 2396 Reginaldo
609 2312 854 2395 Maubcmardi,
871 2316 1134 2395 camerariosuo,
1144 2314 1187 2380 de
1203 2335 1276 2380 can.
1291 2322 1327 2378 et
1335 2317 1427 2399 preb.
1440 2316 1583 2381 ecclesie
1596 2317 1738 2388 Leodien.,

408 2438 492 2501 qnos
515 2426 610 2482 tenet
626 2419 794 2504 sepefatus
806 2420 933 2485 electus
949 2442 957 2499 ;
974 2439 1042 2484 non
1067 2421 1143 2484 obst
1158 2419 1249 2503 quod
1265 2439 1338 2484 can.
1354 2430 1388 2484 et
1403 2422 1496 2504 preb.
1513 2428 1547 2484 et
1565 2420 1738 2486 archidiaco
1778 2426 1784 2455 ‘-

405 2530 522 2585 natum
539 2520 692 2586 Tirachie
708 2522 741 2586 in
759 2525 842 2589 eccl.
859 2522 1055 2588 Laudunen.
1072 2530 1105 2586 et
1122 2522 1470 2608 archipresbiteratum
1482 2522 1525 2588 de
1542 2522 1737 2609 Nigromonte

404 2644 481 2688 curn
497 2626 640 2689 ecclesia
657 2625 689 2691 S.
708 2624 846 2691 Martini
863 2626 925 2690 sibi
941 2646 1085 2705 annexa,
1101 2625 1268 2690 Albiensis
1283 2626 1381 2704 dioc,
1394 2626 1544 2692 noscitur
1561 2628 1738 2693 obtinere.-

407 2727 482 2793 liiat
500 2728 539 2793 R.
1550 2779 1553 2783 »

448 2830 535 2895 Item
552 2831 655 2897 modo
670 2832 808 2897 simili...
828 2832 998 2898 Bernardo
1021 2833 1063 2898 de
1078 2831 1183 2898 Turre
1211 2833 1292 2898 alias
1317 2833 1359 2897 de
1375 2832 1626 2915 Combomaria,
1642 2832 1738 2922 presbi-

405 2944 489 3016 ter0,
502 2935 543 3000 de
560 2957 633 3001 can.
650 2945 684 3001 et
699 2939 792 3022 preb.
808 2938 890 3002 eccl.
906 2936 937 3002 S.
954 2935 1129 3021 Gangeriei
1146 2936 1373 3016 Cameracen,
1390 2957 1474 3021 quos
1489 2945 1588 3003 tenet
1603 2956 1737 3005 memora-

404 3048 458 3103 tus
473 3040 600 3103 electus
615 3063 623 3119 3
641 3060 710 3105 non
727 3042 812 3104 obst.
829 3039 919 3123 quod
935 3039 1112 3105 ecclesiam
1136 3040 1273 3126 paroch.
1296 3039 1338 3104 de
1364 3037 1524 3122 Melhars,
1541 3042 1629 3109 dioc.
1644 3042 1737 3108 Lemo

403 3143 521 3221 vicen,
553 3152 587 3207 et
612 3142 791 3227 quamdam
819 3143 983 3228 capellan.
1000 3163 1093 3228 perp.
1110 3143 1143 3206 in
1171 3143 1447 3209 vicecancellaria
1471 3154 1587 3211 nostra
1618 3146 1738 3213 noscitur

404 3247 564 3311 obtinere.
587 3284 619 3294 -
641 3244 717 3311 Fiat
734 3246 774 3311 R.

448 3349 526 3414 Dat.
542 3371 595 3435 ap.
613 3348 641 3409 V
644 3350 861 3414 illamnovam
880 3371 896 3433 5
913 3348 980 3414 kal.
998 3359 1064 3415 oct.
1081 3358 1115 3415 a⁰
1132 3354 1174 3415 8⁰.
1192 3351 1262 3434 (18,
1285 3362 1337 3434 1⁸).

459 3484 593 3566 1815.
1360 3524 1456 3587 1349,
1473 3521 1514 3583 27
1531 3508 1712 3590 septetnbre.

447 3603 550 3686 Supp.
568 3600 729 3679 P(etrus),
755 3600 808 3664 tit.
825 3600 856 3665 S.
878 3602 1029 3665 Susanne
1054 3602 1215 3687 presbiter
1242 3605 1419 3671 cardinalis
1435 3619 1456 3686 ²,
1473 3617 1565 3689 quat.
1590 3610 1745 3694 capellano

403 3705 553 3770 familiari
582 3726 642 3770 suo
670 3703 811 3770 Matheo
826 3704 868 3769 de
885 3704 1102 3789 Longebraie,
1119 3708 1304 3791 presbitero
1321 3707 1488 3776 Morinen.
1505 3711 1603 3794 dioc,
1622 3714 1665 3779 de
1687 3716 1746 3776 ben.

402 3810 516 3873 eccl...
532 3808 575 3873 ad
591 3809 689 3873 coll...
700 3807 837 3892 capituli
855 3805 1023 3871 Morinen.
1033 3808 1216 3891 dignemini
1233 3813 1440 3894 providere...
1454 3838 1462 3894 ;
1487 3836 1557 3881 non
1574 3821 1661 3884 obst.
1675 3812 1748 3900 quod

403 3913 582 3996 qnamdam
609 3912 770 3997 capellan.
798 3911 832 3974 in
859 3912 941 3976 eccl.
960 3910 991 3976 S.
1015 3910 1134 3988 Jacobi
1161 3912 1203 3977 de
1230 3913 1438 3997 Valencenis,
1464 3940 1528 4002 que
1556 3931 1690 4007 propter
1709 3916 1746 3983 sui

402 4018 604 4081 tenuitatem
620 4016 663 4081 ad
689 4016 856 4080 decimam
883 4036 950 4080 non
978 4025 1126 4096 taxatur,
1152 4025 1187 4082 et
1213 4021 1351 4103 paroch.
1378 4024 1457 4088 eccl.
1486 4024 1529 4088 de
1557 4024 1748 4092 Consturella

402 4120 524 4185 modici
540 4121 670 4199 valoris,
687 4122 882 4184 Atrebaten.
898 4119 995 4199 dioc,
1012 4120 1160 4185 noscitur
1176 4122 1336 4188 obtinere.
1354 4164 1394 4173 —
1412 4124 1488 4191 Fiat
1505 4127 1546 4192 R.

449 4225 526 4288 Dat.
543 4245 597 4309 ap.
615 4224 865 4288 Villanmovam
885 4244 900 4306 5
920 4222 987 4287 kal.
1004 4232 1071 4288 oct.
1088 4231 1122 4287 a⁰
1139 4226 1181 4288 8⁰.
1199 4229 1269 4304 (18,
1288 4232 1327 4309 5).

457 4359 589 4441 1816.
1432 4399 1527 4465 1549,
1545 4407 1564 4465 ,ι
1583 4386 1713 4448 octobre.

446 4478 592 4542 Rotulus
615 4467 904 4563 confirmacionem
929 4485 961 4541 et
982 4478 1183 4541 electionum.

449 4582 535 4647 Item
552 4582 650 4647 simili
667 4581 770 4647 modo
790 4581 988 4667 [dignemini
1005 4582 1218 4666 confimrare]
1251 4584 1451 4649 electionem
1468 4586 1593 4654 iactam
1608 4590 1651 4655 de
1667 4589 1749 4670 Inge-

403 4708 509 4751 ranno
524 4687 566 4751 de
583 4684 799 4750 Grandisarto
816 4699 837 4766 ³,
855 4688 1020 4751 canonico
1036 4688 1177 4751 ecclesie
1194 4686 1364 4768 Leodien.,
1381 4690 1423 4754 ad
1438 4693 1647 4759 scolastriam
1663 4692 1749 4779 ipsius

405 4792 554 4870 ecclesie,
572 4789 662 4875 quod
678 4789 826 4854 officium
843 4791 955 4855 existit
971 4811 995 4855 s.
1012 4811 1040 4855 c.

437 4967 457 5013 1.
476 4965 582 5011 Arnaml
594 4965 700 5022 Aubert,
715 4964 907 5027 prevbtd'hire
920 4964 971 5013 cite
982 4980 1081 5013 comme
1101 4966 1136 5013 tel
1157 4966 1210 5014 101
1232 4968 1282 5013 mai
1306 4969 1368 5014 1349
1386 4966 1519 5028 (Berliere,
1539 4969 1635 5017 laceret.
1656 4965 1750 5026 abolet·

403 5055 428 5087 n.
441 5041 485 5086 118
497 5055 502 5095 ;
513 5041 567 5085 roh·
579 5039 637 5101 plus
649 5040 713 5086 haut
726 5054 751 5087 n.
765 5039 832 5100 773).
844 5067 875 5073 —
886 5043 908 5088 2.
921 5041 1005 5087 Pierre
1018 5040 1151 5099 Bertrand,
1163 5042 1254 5088 ancIcn
1266 5040 1362 5101 evtque
1372 5041 1484 5089 d'Anus.
1496 5068 1528 5076 —
1541 5044 1563 5092 3.
1575 5040 1716 5090 1101111911.
1728 5030 1752 5081 ll

402 5118 440 5160 est
453 5112 581 5160 01101030
593 5111 679 5171 juillet
693 5114 754 5160 1332
767 5112 845 5173 (Prot,
869 5112 973 5161 (horare
990 5112 1033 5160 dee
1050 5117 1138 5160 conclea
1154 5112 1185 5160 de
1196 5114 1304 5173 llantur,
1317 5128 1342 5163 n.
1355 5116 1423 5174 ota),
1435 5119 1463 5163 et
1478 5128 1511 5163 en
1524 5116 1587 5164 1343
1596 5116 1716 5179 (Hocsem,
1726 5121 1752 5156 ⁰·

401 5188 453 5246 30).
