4650 6059
496 744 561 809 464
1019 744 1107 818 1349,
1130 744 1227 808 26-30
1248 748 1327 810 aoitt.

496 898 528 963 S.
546 897 655 981 Egidii
670 896 840 963 dimittere
865 906 1030 979 teneatur,
1047 918 1124 963 cum
1140 899 1230 964 dicte
1246 900 1387 966 ecclesie
1403 901 1435 967 S.
1452 900 1629 968 Michaelis
1648 902 1752 970 fuerit
1770 907 1844 991 paci·

497 1002 594 1066 ficam
609 1000 854 1086 possessionem
870 1010 1051 1081 assecutus,
1068 1010 1102 1065 et
1119 1022 1196 1067 cum
1211 1002 1285 1067 aliis
1300 1023 1369 1069 non
1393 1005 1615 1072 obstantibus.
1630 1046 1675 1057 -
1699 1006 1779 1074 Fiat
1792 1008 1827 1074 R.

538 1105 616 1169 Dat.
632 1105 732 1170 Avin.
750 1107 768 1169 8
784 1104 852 1170 kal.
868 1111 1003 1190 sept..a⁰
1019 1107 1060 1170 8⁰.
1074 1107 1155 1187 .(19,
1174 1106 1260 1189 168).
1287 1158 1288 1161 ,

548 1242 850 1328 1783-1784.
1551 1277 1647 1344 1349,
1666 1270 1708 1325 zo
1725 1267 1810 1327 oortt.

538 1362 640 1447 Supp.
649 1359 669 1439 J
672 1364 807 1443 acobus,
817 1384 875 1427 rex
886 1361 1136 1445 Majoricarum,
1147 1369 1241 1444 quat.
1254 1359 1423 1446 [familiari
1436 1382 1498 1427 suo
1510 1361 1545 1427 N
1547 1362 1658 1429 icolao
1666 1364 1711 1431 de
1723 1364 1843 1435 Hutens

495 1467 526 1531 S.
543 1466 731 1550 Symeonis,
748 1466 842 1553 olen]
862 1466 1021 1531 Leodien.
1038 1465 1136 1543 dioc.,
1159 1465 1202 1530 de
1215 1466 1327 1549 aliquo
1349 1469 1426 1532 ben.
1443 1475 1548 1552 spect.
1564 1467 1609 1532 ad
1625 1468 1703 1534 coll.
1720 1468 1842 1554 capituli

494 1570 525 1633 S.
542 1568 636 1634 Pauli
652 1568 811 1636 Leodien.
827 1568 1010 1655 dignemini
1026 1568 1212 1654 providere.
1228 1609 1272 1617 —
1288 1567 1364 1634 Fiat
1381 1569 1421 1635 R.

537 1714 641 1773 1784.
658 1707 760 1793 Supp.
776 1706 796 1785 J
800 1710 935 1788 acobus,
951 1727 1009 1773 rex
1027 1706 1279 1792 Majoricarum,
1295 1716 1386 1791 quat.
1414 1707 1607 1794 [capellano
1629 1730 1692 1775 suo
1715 1720 1751 1777 et
1766 1732 1840 1796 mag.

492 1813 621 1897 capelle
646 1828 704 1876 sue
730 1810 866 1897 Egidio]
893 1810 1059 1889 Jobannis
1082 1811 1125 1876 de
1149 1811 1181 1877 S.
1205 1810 1353 1877 Vedasto
1370 1822 1392 1892 ¹,
1407 1810 1626 1878 Cameraccn.
1653 1813 1755 1895 dioc.,
1781 1834 1841 1880 can.

492 1916 632 1980 ecclesie
649 1914 688 1980 B.
705 1913 755 1980 M.
770 1916 1045 2002 AntwerpiensiS,
1068 1915 1159 1981 dicte
1185 1914 1402 1982 Cameracen.
1428 1915 1526 1996 dioc.,
1542 1916 1727 2002 dignemini
1753 1938 1841 1984 reser-

493 2039 571 2090 vare
586 2041 595 2098 ;
608 2038 677 2092 non
693 2020 779 2083 obst.
796 2020 886 2103 quod
902 2019 990 2084 idem
1016 2018 1153 2104 Egidius
1175 2019 1355 2085 ecclesiam
1381 2020 1412 2085 S.
1440 2019 1581 2086 Martini
1605 2022 1649 2087 de
1677 2022 1840 2104 Roffiacho

494 2143 570 2187 cum
586 2123 656 2205 ejus
677 2142 820 2204 annexa,
847 2123 980 2188 Albien.
1005 2123 1104 2204 dioc.,
1120 2143 1255 2204 necnon
1272 2144 1373 2189 unam
1389 2124 1422 2188 in
1447 2123 1666 2207 Cameracen.
1694 2136 1730 2192 et
1753 2128 1837 2209 aliam

494 2226 658 2311 capellan.
668 2245 761 2310 perp.
774 2226 808 2290 in
824 2227 960 2311 paroch.
972 2226 1015 2291 de
1028 2225 1222 2306 Herentals,
1233 2226 1451 2293 Cameracen.
1465 2226 1563 2310 dioc.,
1580 2231 1733 2298 ecclesiis
1747 2230 1837 2297 nosci·

493 2337 547 2393 tur
562 2329 724 2394 obtinere.
746 2367 777 2376 -
799 2328 874 2395 Fiat
892 2329 931 2395 R.

536 2433 613 2498 Dat.
627 2432 728 2507 Avin.
746 2452 764 2517 7
780 2433 846 2500 kal.
862 2444 947 2519 sept.
962 2442 996 2499 a⁰
1012 2436 1142 2517 8⁰‚·(l9,
1162 2435 1266 2518 141).

546 2569 685 2652 1785.
1551 2605 1650 2670 1349,-
1662 2607 1708 2671 30
1724 2593 1801 2653 amit.

533 2689 635 2774 Supp.
651 2687 861 2761 Godemarus
885 2688 928 2753 de
956 2686 1087 2773 Fayno,
1115 2689 1325 2753 senescalcia
1349 2688 1536 2770 Bellicadri,
1559 2697 1653 2774 quat.
1682 2687 1829 2778 [familiari

491 2813 551 2858 suo
567 2791 713 2859 Nicolao
728 2792 771 2858 de
786 2791 936 2872 Jardino,
953 2791 1091 2877 clerico]
1111 2791 1271 2875 Leodien.
1287 2791 1385 2872 dioc.,
1408 2795 1484 2859 ben.
1500 2794 1583 2858 eccl.
1599 2794 1645 2860 ad
1660 2795 1737 2862 coll.
1751 2795 1830 2882 abba·

489 2897 532 2963 tis
547 2906 582 2962 et
597 2897 791 2963 monasterii
808 2896 1023 2976 villariensis,
1039 2895 1082 2961 Ο.
1100 2895 1203 2977 zcist,
1220 2897 1309 2962 dicte
1336 2896 1434 2976 dioc.,
1459 2896 1642 2982 dignemini
1670 2914 1827 2964 resenare

531 3000 726 3170 galdtfllddin.
744 3127 761 3189 3
778 3105 844 3170 kal.
861 3114 946 3191 sept.
965 3063 1145 3187 a⁰¹8⁰.(19,
1167 3078 1269 3188 1424).

540 3243 680 3323 1786.
1048 3280 1052 3287 ·
1543 3276 1639 3342 1549,
1654 3277 1700 3341 30
1718 3264 1799 3322 aortt.

530 3360 617 3443 Sign.
634 3361 665 3424 S.
682 3359 722 3425 V.
749 3360 901 3423 Andreas
927 3358 969 3423 de
986 3358 1155 3438 Cadrellis,
1181 3358 1363 3424 canonicus
1389 3356 1625 3439 Matisconen.,
1650 3360 1743 3443 quod
1768 3359 1831 3424 olim

487 3463 754 3546 consanguineus
770 3485 847 3529 suus
862 3462 882 3541 J
886 3463 1035 3528 ohannes
1057 3463 1099 3527 de
1116 3462 1320 3547 Valomayo,
1344 3463 1508 3548 capellam
1531 3463 1573 3528 de
1589 3462 1719 3550 Virayo
1735 3466 1834 3529 subtus
1879 3541 1881 3546 Ι

485 3568 778 3653 Castrumnoi'um,
796 3567 1020 3633 Matisconen.
1037 3567 1133 3645 dioc.,
1151 3581 1186 3631 et
1201 3587 1294 3652 perp.
1308 3568 1471 3651 capellan.
1488 3567 1519 3631 S.
1536 3565 1639 3631 Blasii
1657 3568 1691 3632 in
1708 3565 1835 3635 ecclesia

488 3671 723 3758 Matisconen.,
741 3684 775 3736 et
791 3673 962 3756 quondam
979 3671 1178 3763 Guillelmus
1193 3670 1235 3734 de
1252 3670 1283 3734 S.
1299 3669 1458 3735 Terverio
1475 3691 1548 3737 can.
1565 3678 1600 3735 et
1615 3667 1730 3737 locum
1743 3671 1836 3738 eccle·

485 3777 532 3840 sie
550 3775 789 3856 Matisconen.,
807 3776 934 3859 inqua,
952 3775 1030 3839 licet
1057 3774 1100 3837 sit
1123 3781 1233 3837 certus
1254 3774 1492 3839 canonicorum
1515 3795 1684 3856 numerus,
1708 3779 1837 3863 preben-

484 3880 599 3962 darum
629 3888 745 3944 tamen
771 3878 944 3943 distinctio
970 3897 1038 3941 non
1064 3877 1216 3954 habetur,
1242 3897 1325 3960 quos
1352 3885 1433 3943 tuuc
1460 3878 1670 3959 obtinebant,
1689 3899 1839 3965 ,quosque

484 3984 718 4048 canonicatum
735 3991 770 4046 et
785 3983 908 4059 locum,
926 3982 1006 4046 olim
1024 4002 1095 4046 vac.
1111 3983 1241 4065 perob.
1265 3981 1437 4065 quondam
1461 3980 1630 4047 Vincentii
1651 3984 1744 4062 Albi,
1759 3983 1840 4049 idem

483 4085 680 4149 Guillelmus
697 4085 805 4149 suerat
821 4093 993 4148 assecutus
1008 4084 1211 4149 auctoritate
1228 4083 1405 4164 ordinaria,
1430 4084 1576 4149 invicem
1600 4095 1838 4171 pennutaruut,

482 4189 637 4272 idemque
653 4186 826 4265 Jolrannes
842 4207 917 4252 cau.
934 4197 968 4251 et
985 4172 1261 4267 locum'eosdem,
1286 4209 1327 4251 ex
1345 4208 1443 4253 causa
1459 4188 1721 4273 permutationis
1736 4192 1839 4276 hujus

482 4291 571 4356 modi
589 4292 649 4356 sibi
667 4291 817 4370 collatos,
834 4291 948 4381 extitit
963 4300 1145 4370 assecutus,
1170 4312 1293 4375 eosque
1310 4291 1458 4376 possedit
1481 4300 1515 4356 et
1531 4292 1682 4377 possidet
1705 4295 1839 4380 pacifice

481 4404 516 4459 et
532 4395 653 4481 quiete.
670 4394 755 4459 Cum
771 4404 885 4460 autem
902 4379 1183 4472 idem'Johannes
1198 4395 1317 4459 timeat
1341 4386 1383 4459 an
1408 4395 1548 4480 predicti
1574 4398 1795 4464 canonicatus
1809 4409 1839 4462 et

481 4500 574 4563 locus
588 4498 679 4564 dicte
696 4497 922 4590 Matisconen.
939 4499 1079 4563 ecclesie
1102 4507 1182 4563 ante
1205 4498 1489 4584 permutationem
1517 4497 1708 4582 hujusmodi
1725 4500 1838 4566 suerint

481 4602 654 4689 collationi
671 4612 706 4667 et
721 4602 929 4687 dispositioni
948 4603 1035 4668 sedis
1050 4612 1158 4687 apost.
1174 4602 1373 4687 generaliter
1396 4604 1450 4666 vel
1467 4602 1659 4687 specialiter
1674 4602 1837 4679 reservati,

481 4727 575 4791 supp.
591 4706 700 4771 dictus
715 4705 878 4785 Andreas,
895 4716 985 4790 quat.
1002 4706 1111 4769 eidem
1138 4705 1289 4782 Jolranni
1318 4706 1502 4771 concedere
1530 4704 1715 4789 dignemini
1734 4708 1836 4792 hujus·

481 4810 570 4874 modi
587 4808 869 4895 permutationem
886 4817 919 4873 et
937 4809 1152 4873 collationem
1170 4830 1209 4873 ac
1225 4810 1464 4895 provisionem,
1481 4810 1596 4894 vigore
1608 4810 1700 4876 dicte
1713 4830 1834 4897 permu-

481 4914 622 4977 tationis
638 4912 679 4976 de
704 4912 802 4976 dictis
827 4933 900 4977 can.
926 4920 960 4976 et
987 4913 1064 4977 loco
1091 4913 1151 4976 sibi
1177 4912 1282 4977 iactas
1306 4921 1341 4977 et
1365 4934 1562 4999 quecunque
1587 4914 1666 4979 iude
1692 4925 1831 5000 sequuta

481 5016 616 5100 perinde
633 5018 744 5080 valere
757 5016 935 5081 decernere
952 5027 986 5081 et
994 5018 1126 5101 plenam
1138 5017 1262 5081 habere
1274 5017 1402 5082 roboris
1413 5018 1661 5100 firmitatem,ac
1673 5020 1699 5084 si
1712 5019 1754 5084 de
1763 5016 1829 5103 ipsis

513 5192 534 5236 l.
549 5189 609 5235 Voir
621 5203 645 5236 n.
663 5191 732 5236 1579.
