4650 6059
941 789 1029 863 1345,
1052 790 1092 854 let
1112 790 1239 857 octobre.
1710 794 1772 861 233

363 1000 365 1008 ,
425 952 563 1010 mentum
578 942 678 1010 officii
696 943 884 1010 cessionum
901 944 990 1009 curie
1016 941 1185 1009 Morinen.
1213 948 1337 1030 absque
1362 945 1473 1030 aliquo
1498 946 1772 1015 contradictionis

424 1069 474 1115 seu
486 1048 707 1115 revocationis
717 1049 903 1128 obstaculo,
916 1055 951 1113 et
962 1048 1042 1114 illud
1052 1047 1201 1114 officium
1214 1048 1302 1114 idern
1313 1048 1461 1117 Thomas
1477 1052 1576 1118 saciet
1592 1073 1652 1138 per
1667 1074 1702 1119 se
1717 1055 1771 1119 vel

424 1174 475 1240 per
492 1152 662 1240 ydoneum
686 1152 855 1218 notarium
881 1153 968 1217 bene
995 1160 1030 1217 et
1057 1152 1268 1218 laudabiliter
1293 1155 1449 1235 exerceri,
1466 1159 1519 1221 vel
1545 1157 1571 1222 si
1597 1158 1771 1242 contingat

424 1279 513 1325 unum
535 1278 659 1324 vacare
683 1257 725 1324 de
750 1256 879 1323 duobus
902 1254 1022 1323 officiis
1048 1258 1139 1342 virge
1170 1278 1229 1322 seu
1262 1260 1463 1343 sarganterie
1488 1260 1577 1325 curie
1603 1258 1771 1327 Morinen.

423 1384 473 1449 per
486 1363 690 1429 amotionem
705 1363 760 1427 vel
776 1360 868 1441 alias,
893 1368 928 1425 et
953 1360 1041 1426 idem
1067 1359 1218 1427 Thomas
1242 1360 1324 1426 illud
1347 1363 1511 1444 maluerit,
1538 1363 1628 1448 quod
1643 1363 1770 1430 dictum

424 1467 556 1534 officium
571 1467 664 1552 virge
679 1466 802 1532 habeat
828 1464 872 1531 ad
886 1465 992 1531 vitam
1008 1485 1101 1530 suam
1128 1465 1303 1531 dumtaxat
1318 1467 1512 1547 tenendum,
1529 1476 1564 1533 et
1583 1468 1771 1553 predictum

373 1575 375 1580 '
424 1572 555 1639 officimn
569 1571 759 1638 cessionum
775 1569 915 1635 omnino
930 1568 1081 1635 dimittat
1096 1592 1104 1648 ;
1122 1578 1157 1635 et
1172 1569 1321 1655 prefatus
1336 1570 1438 1656 episc.
1451 1580 1486 1637 et
1501 1592 1709 1638 successores
1721 1574 1769 1639 sui

425 1676 555 1763 episcopi
574 1673 743 1741 Morinen.
759 1676 916 1755 habeant,
933 1673 1136 1759 possideant,
1161 1674 1349 1760 percipiant
1376 1683 1410 1740 et
1426 1675 1541 1742 levent
1557 1685 1721 1763 perpetuo
1736 1685 1771 1744 et

425 1780 608 1847 hereditario
619 1781 693 1865 jure
709 1778 845 1845 seudum
856 1786 1014 1844 vocatum
1030 1778 1149 1863 gallice
1177 1800 1194 1842 a
1212 1777 1347 1866 Lesief
1359 1782 1418 1864 qai
1431 1779 1604 1867 faselum
1623 1782 1735 1847 Voiret
1751 1804 1768 1845 »

426 1885 553 1951 existens
568 1894 640 1950 tam
656 1885 688 1949 in
706 1883 843 1950 civitate
872 1880 1040 1948 Morinen.
1056 1902 1156 1966 quam
1173 1890 1277 1962 extra,
1294 1883 1384 1966 quod
1400 1883 1534 1950 seudum
1551 1894 1645 1951 tenet
1661 1885 1770 1952 dictus

427 1986 556 2055 Thomas
570 1998 606 2054 et
622 1986 772 2074 possidet
788 2008 807 2052 a
825 1987 918 2053 dicto
933 1986 1045 2072 episc,
1062 1986 1199 2050 nomine
1215 1987 1427 2073 episcopatus
1439 1996 1473 2053 et
1489 1992 1571 2054 eccl.
1589 1987 1769 2069 Morinen.,

363 2123 366 2162 :
430 2093 508 2159 etsie
522 2091 726 2179 permutatio
741 2090 822 2158 dicti
838 2089 927 2156 feudi
944 2111 1021 2156 cum
1048 2111 1115 2155 uno
1139 2089 1307 2156 dictorum
1335 2090 1521 2158 officiorum
1547 2096 1607 2159 sub
1623 2093 1769 2179 disjunc-

362 2245 371 2255 .
431 2195 505 2261 tione
519 2196 607 2263 facta
623 2194 684 2261 fuit
701 2216 777 2261 cum
792 2194 1100 2260 renunciationibus
1124 2203 1158 2259 et
1182 2195 1337 2261 clausulis
1362 2197 1650 2278 convenientibus
1671 2206 1769 2283 prout

432 2299 455 2364 in
467 2302 577 2367 litteris
592 2321 692 2387 super
708 2300 771 2366 hiis
787 2300 950 2366 confectis
965 2300 1064 2366 latius
1081 2300 1282 2365 continetur.
1307 2298 1419 2380 Unde,
1435 2301 1603 2367 nedictus
1619 2310 1770 2369 contrac-

363 2437 371 2475 ·.
430 2403 728 2492 luspennutationis
740 2402 872 2488 infringi
884 2404 995 2469 valeat
1005 2404 1059 2469 vel
1072 2403 1261 2487 aliqualiter
1273 2403 1442 2484 infirmari,
1453 2425 1494 2470 eo
1506 2406 1682 2490 presertim
1694 2405 1771 2489 quia

363 2538 373 2578 2
429 2507 516 2575 dictus
530 2510 632 2597 episc.
648 2508 801 2595 promisit
816 2507 909 2573 dicto
935 2507 1066 2574 Thome
1092 2528 1127 2572 se
1153 2515 1343 2573 curaturum
1369 2516 1403 2573 et
1429 2507 1593 2575 facturum
1619 2518 1770 2575 contrac-

428 2618 482 2679 tum
503 2614 693 2702 hujusmodi
720 2634 780 2701 per
806 2612 920 2678 sedem
935 2620 1043 2698 apost.
1060 2611 1169 2678 facere
1185 2612 1375 2677 conlimrari
1390 2636 1398 2692 ;
1416 2633 1511 2699 supp.
1530 2615 1631 2699 episc.
1641 2635 1769 2681 memo·

427 2725 498 2785 ratus
511 2727 603 2804 quat.
619 2718 748 2785 dictum
763 2724 977 2784 contractum
991 2715 1259 2802 permutationis,
1272 2715 1358 2782 sicut
1374 2725 1425 2782 est
1442 2717 1572 2797 initum,
1583 2717 1766 2803 dignemini

423 2822 606 2888 confirmare
622 2828 711 2888 auct.
727 2830 848 2902 vestra,
864 2821 1049 2886 tribuentes
1064 2820 1174 2886 eidem
1199 2820 1332 2885 solitam
1357 2821 1484 2886 roboris
1508 2821 1710 2887 firmitatem.
1726 2862 1769 2871 -

423 2921 484 2992 liat
500 2926 540 2993 R.

363 3047 364 3051 Ἰ
450 3071 530 3133 926.
559 3062 648 3129 Item
664 3065 746 3148 sign.
764 3063 853 3148 quod
869 3063 939 3149 ipse
963 3062 1100 3148 cupiens
1124 3062 1305 3127 utilitatem
1332 3064 1414 3128 eccl.
1431 3084 1488 3128 sue
1506 3048 1672 3127 Morinen.
1688 3084 1766 3147 aug-

415 3180 567 3248 mentare,
585 3169 708 3233 habitis
723 3167 964 3233 deliberatione
989 3175 1023 3231 et
1040 3175 1186 3231 tractatu
1202 3166 1378 3250 diligenter
1402 3187 1477 3231 curn
1495 3167 1643 3252 capitulo
1661 3166 1762 3233 Mori-

410 3295 479 3340 nen.
507 3294 673 3356 causaque
698 3274 843 3357 cognita,
861 3273 937 3356 quia
964 3272 1072 3335 visum
1099 3271 1161 3335 fuit
1189 3271 1313 3335 eisdem
1337 3271 1369 3335 in
1396 3271 1577 3335 utilitatem
1603 3273 1684 3337 eccl.
1708 3293 1765 3337 sue

407 3378 598 3452 redundare,
615 3377 900 3462 permutationem
916 3376 995 3441 fecit
1012 3397 1087 3441 cnm
1101 3375 1255 3452 Johanne
1270 3375 1461 3455 Lombardi,
1479 3376 1593 3441 franco
1608 3397 1670 3462 pro
1686 3385 1768 3443 tunc

408 3483 545 3547 homine
567 3481 648 3546 dicti
677 3480 835 3565 episcopi,
853 3481 983 3545 ratione
1009 3502 1066 3544 seu
1091 3480 1227 3544 nomine
1244 3481 1325 3545 eccl.
1343 3501 1401 3544 sue
1416 3480 1577 3565 predicte,
1603 3481 1644 3546 de
1670 3481 1767 3546 infra-

406 3588 538 3673 scriptis
554 3589 653 3650 rebus
671 3596 704 3650 et
721 3586 753 3649 in
771 3586 876 3650 forma
901 3607 964 3669 que
981 3585 1129 3668 sequitur
1155 3604 1163 3648 t
1188 3585 1345 3649 videlicet
1362 3586 1451 3669 quod
1472 3586 1580 3650 dictus
1596 3586 1768 3663 Johannes

404 3693 537 3771 habeat,
551 3689 730 3776 possideat,
747 3690 910 3775 percipiat
936 3698 969 3754 et
996 3692 1087 3754 levet
1112 3711 1212 3753 omne
1240 3692 1506 3754 emolumenturn
1523 3690 1623 3754 ollicii
1648 3691 1765 3773 signeti

402 3797 493 3861 curie
523 3793 691 3859 Morinen.
707 3795 831 3875 absque
858 3793 969 3876 aliquo
986 3792 1261 3857 contradictionis
1277 3795 1329 3857 vel
1347 3794 1568 3878 oppositionis
1592 3794 1767 3857 obstaculo

403 3898 565 3984 quamdiu
582 3899 686 3963 vitani
703 3897 833 3962 duxerit
849 3898 882 3961 in
900 3897 1062 3977 humanis,
1079 3906 1113 3961 et
1130 3897 1220 3981 quod
1237 3897 1317 3962 illud
1333 3896 1479 3962 officium
1505 3918 1562 3982 per
1589 3920 1623 3961 se
1640 3899 1692 3960 vel
1710 3919 1768 3981 per

402 4006 551 4088 aliquem
568 4002 738 4089 ydoneum
755 4002 932 4080 notarium,
950 4001 1023 4087 ipso
1049 4001 1211 4086 impedito
1235 4002 1392 4084 legitime,
1420 4001 1562 4066 fideliter
1589 4002 1767 4080 exercebit,

402 4118 504 4194 prout
520 4107 623 4172 moris
638 4114 688 4172 est
705 4106 866 4170 hactenus
883 4106 991 4190 ipsum
1008 4106 1170 4183 exerceri3
1185 4113 1219 4169 et
1235 4105 1261 4168 si
1275 4106 1449 4189 contingat
1459 4106 1548 4188 quod
1567 4104 1673 4170 Maria
1685 4127 1767 4170 uxor

403 4234 463 4277 sua
491 4212 685 4297 supervivat
710 4209 770 4295 ipsi
788 4208 947 4288 Johanni,
969 4209 1096 4295 prefate
1114 4208 1232 4284 Marie,
1246 4230 1305 4294 pro
1322 4218 1355 4273 et
1373 4211 1404 4273 in
1421 4210 1768 4295 recompensationem

402 4337 461 4381 sue
477 4316 567 4381 dotis
583 4315 625 4380 ad
643 4314 747 4400 ipsam
764 4314 963 4398 pertinentis
990 4314 1022 4377 in
1047 4313 1147 4377 feudo
1163 4313 1381 4398 infrascripto,
1399 4325 1474 4398 post
1491 4314 1664 4379 decessum
1687 4314 1766 4379 dicti

403 4415 579 4494 johannis,
598 4436 638 4479 20
654 4416 710 4479 lib.
728 4416 827 4482 Paris,
845 4418 942 4481 annis
958 4418 1102 4499 singulis,
1124 4418 1271 4501 qualibet
1285 4418 1472 4502 septimana
1497 4419 1671 4502 cujuslibet
1689 4420 1766 4483 cinni

405 4520 500 4604 equis
516 4518 728 4604 portionibus
744 4521 941 4601 dividendis
958 4522 1104 4607 prefatus
1128 4522 1228 4606 episc.
1246 4531 1280 4587 et
1293 4542 1499 4586 successores
1515 4522 1562 4586 sui
1580 4522 1717 4587 reddere
1734 4534 1768 4586 et

405 4624 913 4709 solveretenebuntur,qua1ndiu
924 4625 1076 4711 ipsapost
1086 4626 1258 4690 decessum
1266 4625 1625 4702 dictiJobannisvitam
1637 4626 1767 4690 duxerit

406 4728 436 4791 in
447 4728 513 4793 hoc
526 4726 853 4814 mundoEpiscopus
862 4751 943 4794 vero
953 4738 1158 4794 memoratus
1169 4739 1202 4793 et
1216 4750 1422 4794 successores
1431 4732 1479 4794 sui
1491 4732 1767 4804 tenebunthabe-

404 4835 497 4908 bunt,
514 4831 733 4916 possidebunt
761 4854 802 4896 ex
832 4833 962 4916 integro
983 4854 1058 4897 cum
1077 4834 1231 4897 omnibus
1259 4834 1469 4918 pertinentiis
1485 4843 1518 4897 et
1535 4834 1768 4919 dependentiis

405 4936 473 5017 jure
490 4934 694 5000 hereditario
709 4943 873 5021 perpetuo
889 4958 1004 5001 mense
1021 4937 1203 5022 episcopali
1217 4958 1385 5001 annexum
1401 4938 1536 5002 leuduni
1548 4938 1628 5002 dicti
1643 4937 1766 5014 Johan-

409 5039 465 5119 nis,
482 5039 608 5124 quoda
635 5038 726 5104 dicta
743 5042 824 5105 eccl.
841 5063 898 5105 seu
915 5045 957 5105 ab
975 5041 1057 5126 ipso,
1075 5042 1212 5105 nomine
1229 5042 1318 5106 dicte
1335 5044 1416 5108 eccl.
1435 5041 1600 5106 Morinen.
1617 5044 1765 5121 tenebat,

410 5153 563 5208 vocatum
579 5143 700 5225 gallice
729 5166 746 5207 a
773 5143 903 5231 [ΛΜ
916 5150 957 5210 de
980 5145 1114 5230 Bruges
1135 5167 1160 5222 n,
1190 5155 1259 5210 tam
1277 5146 1310 5208 in
1327 5146 1463 5211 civitate
1480 5144 1648 5212 Morinen.
1666 5167 1765 5230 quam

414 5257 498 5313 extra
515 5249 675 5313 situatum
692 5257 726 5313 ct
742 5249 897 5327 existens,
915 5258 948 5314 et
965 5250 1012 5314 sic
1028 5250 1234 5334 permutatio
1249 5250 1329 5314 dicti
1347 5250 1434 5314 feudi
1452 5270 1527 5315 cum
1545 5250 1636 5315 dicto
1652 5249 1765 5314 otlicio
