4650 6059
924 772 1012 846 1842.
1034 772 1127 837 21-22
1148 773 1278 841 uuus.
1739 782 1781 848 st
1825 743 1828 750 ’

417 923 613 991 conioesoris
627 923 870 992 festivitatibus
883 924 1018 1006 devote,
1042 932 1078 991 et
1103 946 1163 1012 per
1187 946 1303 993 eorum
1327 937 1474 1013 octavas,
1501 930 1721 1015 visitantibus,
1746 943 1782 1002 et

417 1047 529 1094 inaniis
541 1027 729 1113 adjutrices
742 1028 999 1116 porrigentibus,
1014 1049 1118 1096 unum
1134 1051 1261 1098 annum
1275 1039 1311 1098 et
1326 1054 1369 1119 40
1384 1033 1456 1101 dies
1481 1034 1525 1102 de
1550 1035 1708 1122 injunctis
1733 1038 1782 1105 eis

417 1130 610 1216 penitentiis
624 1131 884 1200 misericorditer
897 1133 1047 1208 relaxare
1061 1132 1256 1218 dignemini.
1278 1175 1322 1187 —
1347 1135 1423 1204 Fiat
1446 1137 1489 1205 de
1518 1158 1578 1205 100
1603 1139 1721 1207 diebus
1747 1142 1780 1208 in

417 1233 662 1316 festivitatibus,
678 1243 714 1301 et
728 1234 772 1301 de
794 1255 837 1321 40
852 1236 887 1302 in
902 1237 1044 1318 octavis,
1060 1236 1105 1303 ad
1118 1257 1178 1304 sex
1192 1258 1309 1307 annos.
1327 1239 1368 1309 R.
1383 1281 1427 1292 -
1443 1240 1520 1308 Fiat
1537 1241 1575 1308 R

455 1337 537 1404 Dat.
552 1338 657 1405 Avin.
677 1359 715 1424 15
732 1337 801 1406 kal.
815 1359 895 1408 nov.
910 1346 944 1406 a⁰
964 1346 1003 1406 1⁰.
1019 1339 1064 1425 (I,
1082 1342 1173 1425 276).

461 1495 569 1576 271.
1428 1534 1524 1599 1342,
1541 1535 1581 1580 η
1598 1517 1738 1583 octobre.

454 1613 559 1700 Supp.
576 1611 597 1692 J
600 1613 753 1680 ohannes
767 1611 811 1680 de
825 1612 1004 1700 Ailhyaco,
1020 1611 1202 1681 Belvacen.
1217 1614 1305 1682 dioc.
1321 1619 1441 1703 presb,
1457 1626 1548 1703 quat.
1563 1618 1625 1684 sibi
1641 1618 1685 1685 de
1706 1640 1781 1687 can.

414 1719 492 1784 eccl.
509 1715 710 1784 laudunen.
726 1716 910 1804 dignemini
925 1715 1113 1804 providere,
1129 1724 1165 1783 et
1179 1721 1272 1804 preb.
1288 1739 1466 1801 reservare,
1482 1740 1551 1787 non
1577 1724 1664 1788 obst.
1690 1724 1781 1808 quod

413 1843 483 1890 can.
499 1831 536 1888 et
551 1823 649 1910 preb.
664 1821 748 1888 eccl.
763 1820 796 1888 S.
811 1818 948 1888 Vedasti
964 1818 1179 1907 Belv(acen.)
1194 1822 1503 1909 parrochialemque
1515 1825 1597 1890 eccl.
1617 1824 1650 1891 8.
1666 1824 1780 1892 Salva-

412 1925 492 1992 ton's
508 1923 774 2010 Belv(acen.)ac
789 1925 907 2011 capell.
922 1944 1016 2011 perp.
1032 1922 1071 1991 B.
1076 1922 1243 2003 Johannis
1257 1925 1301 1992 de
1309 1925 1669 2013 Triogallo,Belvacen.
1681 1928 1779 2012 dioc,

413 2030 566 2096 obtinere
582 2035 743 2096 noscatur
756 2068 801 2080 -
814 2030 870 2094 vel
885 2028 919 2094 in
934 2030 1018 2096 eccl.
1035 2026 1204 2097 Morinen.
1219 2070 1263 2082 -
1279 2028 1356 2097 Fiat
1371 2029 1412 2098 R.

454 2133 535 2200 Dat.
551 2131 656 2198 Avin.
676 2151 713 2197 12
728 2130 798 2199 kal.
812 2152 892 2199 nov.
907 2138 940 2198 a⁰
959 2139 999 2199 1⁰.
1016 2130 1061 2216 (I,
1079 2134 1174 2218 276¹)
1187 2144 1209 2200 ¹.

460 2270 707 2356 272-274.
1369 2309 1465 2374 1342,
1481 2309 1581 2355 21-22
1597 2290 1736 2354 octobre.

454 2392 561 2480 Snpp.
578 2389 742 2457 Hanonie
757 2409 881 2471 comes,
907 2398 1000 2476 quat.
1014 2392 1093 2458 cler.
1118 2398 1153 2457 et
1180 2391 1368 2459 consiliario
1391 2412 1463 2474 suo,
1490 2411 1530 2459 ac
1553 2399 1779 2480 proventuum

411 2511 577 2562 terrannn
597 2493 680 2561 dicti
704 2492 838 2562 comitis
851 2494 1029 2581 receptori,
1056 2494 1157 2561 Petro
1181 2494 1224 2561 de
1249 2493 1352 2582 Haye
1361 2511 1384 2578 ¹,
1409 2495 1550 2564 decan.
1575 2496 1610 2562 in
1635 2496 1719 2564 eccl.
1746 2495 1779 2562 8.

410 2598 596 2666 Salvatoris
610 2597 799 2684 Traiecten.
814 2596 997 2684 dignemini
1018 2597 1206 2685 providere,
1218 2602 1310 2685 preb.
1323 2621 1466 2686 quoque,
1479 2602 1567 2686 [vac.
1579 2602 1633 2666 vel
1642 2601 1777 2684 vacat.],

409 2701 652 2772 conferendam
667 2701 778 2768 eidem
801 2700 912 2783 Petro,
939 2701 1122 2787 dignemini
1147 2723 1316 2770 reservare
1327 2725 1337 2785 ;
1361 2723 1432 2770 non
1457 2707 1542 2771 obst.
1569 2705 1659 2790 qnod
1688 2702 1777 2770 idem

411 2807 530 2875 Petrus
546 2827 622 2874 ean.
638 2814 674 2873 et
688 2807 782 2894 preb.
798 2805 831 2872 in
847 2806 930 2873 eccl.
946 2806 979 2882 8,
994 2805 1084 2873 Petri
1100 2807 1143 2874 de
1171 2799 1387 2890 Midilbruch,
1402 2815 1438 2874 et
1452 2809 1535 2874 eccl.
1558 2808 1711 2894 parroch.
1734 2807 1777 2874 de

410 2911 629 2998 Clotinghen,
645 2909 834 2996 Trajecten.
849 2909 947 2991 dioc,
963 2917 998 2976 et
1013 2911 1177 2997 capellam
1193 2910 1226 2977 8.
1242 2909 1376 2997 Georgii
1392 2909 1426 2975 in
1449 2912 1532 2977 eccl.
1557 2909 1596 2977 B.
1621 2909 1672 2977 M.
1698 2910 1779 2977 Tra·

410 3015 545 3096 iecten,
561 3033 693 3081 accan.
709 3020 745 3079 et
759 3015 852 3099 preb.
868 3013 903 3077 in
918 3012 1039 3080 eadem
1054 3015 1137 3081 eccl.
1152 3014 1302 3080 noscitur
1317 3013 1469 3080 obtinere
1484 3035 1493 3094 ;
1519 3033 1619 3097 quam
1643 3012 1778 3097 quidem

411 3121 589 3206 capellam,
619 3125 799 3204 postquam
836 3117 1002 3183 dictorum
1033 3138 1108 3183 can.
1139 3126 1174 3183 et
1204 3120 1296 3203 preb.
1326 3117 1572 3203 possessionem
1602 3115 1777 3202 pacificam

413 3225 509 3289 luerit
525 3230 708 3302 assecutus
725 3221 894 3286 dimittere
910 3230 961 3285 est
977 3229 1123 3306 paratus.
1140 3220 1221 3286 Non
1238 3225 1323 3288 obst.
1341 3221 1581 3288 consuetudine
1590 3241 1649 3286 seu
1667 3224 1777 3287 obser-

414 3328 537 3408 vantia,
554 3328 645 3411 qnod
660 3345 762 3390 nemo
777 3324 995 3389 beneficiatus
1011 3325 1043 3389 in
1061 3325 1200 3390 civitate
1216 3325 1414 3411 Trajecten,
1430 3325 1492 3389 nisi
1509 3325 1607 3389 fuerit
1631 3327 1778 3410 prelatus

413 3433 444 3495 in
461 3432 575 3516 aliqua
591 3428 815 3506 ecclesiarum,
832 3428 914 3493 duas
928 3430 1021 3513 preb.
1038 3428 1179 3493 indicta
1196 3429 1334 3494 civitate
1360 3429 1511 3495 obtinere
1536 3436 1649 3515 potest
1664 3452 1672 3509 ;
1701 3449 1777 3494 cum

414 3538 484 3601 aliis
500 3556 571 3600 non
588 3532 798 3599 obstantibus
813 3540 878 3598 etc.
896 3532 1032 3597 —Fiat
1049 3530 1089 3597 R.

455 3699 539 3759 273.
567 3689 654 3755 Item
670 3710 766 3775 supp.
782 3690 871 3754 idem
899 3710 1022 3766 comes
1040 3700 1131 3773 quat.
1148 3688 1295 3766 Johanni
1312 3689 1354 3753 de
1378 3689 1476 3754 Donc
1487 3699 1508 3770 ³,
1525 3691 1602 3755 cler.
1627 3700 1662 3754 et
1689 3690 1776 3754 fideli

417 3817 483 3874 suo,
500 3794 645 3860 similem
661 3813 708 3878 gr.
726 3793 834 3858 facere
850 3792 1031 3877 dignemini
1049 3792 1081 3855 in
1099 3793 1181 3857 eccl.
1197 3791 1398 3878 Trajecten,
1408 3813 1476 3857 non
1490 3796 1574 3858 obst.
1588 3794 1677 3878 quod
1690 3794 1777 3859 idem

418 3900 555 3964 clericus
571 3898 738 3982 capellani
754 3896 886 3961 comitis
909 3897 942 3959 in
970 3896 1111 3960 ecclesia
1138 3896 1181 3960 de
1207 3895 1437 3981 Reynsburch,
1465 3896 1654 3981 Trajeeten.
1681 3897 1778 3974 dioc,

419 4003 565 4068 noscitur
581 4001 733 4065 obtinere
749 4023 757 4079 ;
774 4021 851 4065 cum
868 3999 1023 4064 clausulis
1039 3999 1245 4084 supradictis.
1260 4039 1305 4048 —
1321 3998 1398 4064 Fiat
1414 3999 1455 4067 R.

458 4108 540 4171 Dat.
557 4104 657 4169 Avin.
679 4124 715 4167 12
732 4103 799 4169 kal.
816 4124 895 4168 nov.
912 4113 944 4167 a⁰
965 4111 1003 4167 1⁰.

456 4269 545 4330 274.
572 4259 713 4345 insuper
727 4280 822 4346 supp.
840 4258 1023 4325 Niccolaus
1039 4260 1143 4344 Stuyc
1153 4270 1173 4339 ⁴,
1197 4259 1407 4325 ambasiator
1421 4260 1587 4326 dictorum
1600 4261 1733 4326 comitis
1745 4274 1779 4326 et

420 4366 518 4447 ducis,
534 4372 626 4450 quat.
639 4364 754 4454 Petro,
771 4363 840 4428 filio
855 4362 874 4440 J
878 4365 976 4428 acobi
992 4363 1034 4428 de
1052 4362 1258 4443 Riederbart,
1275 4364 1390 4448 nepoti
1415 4384 1476 4430 suo
1485 4372 1506 4445 ⁵,
1532 4364 1620 4445 cler,
1637 4364 1779 4429 similem

421 4491 460 4554 gr.
486 4470 598 4536 facere
623 4468 804 4552 dignemini
830 4468 863 4532 in
890 4468 972 4533 eccl.
1000 4467 1201 4551 Trajecten,
1229 4488 1305 4532 cum
1332 4469 1486 4533 clausulis
1508 4468 1716 4555 supradictis.
1737 4508 1779 4517 —

423 4570 505 4654 Fiat,
521 4573 582 4639 sed
597 4572 639 4637 de
655 4572 734 4636 data
751 4571 921 4655 sequentis
937 4570 1013 4636 diei.
1031 4569 1071 4635 R.

462 4677 538 4742 Dat.
556 4676 658 4741 Avin.
680 4695 712 4737 11
733 4674 799 4739 kal.
817 4695 895 4739 nov.
912 4687 944 4738 a·
966 4689 1003 4738 1⁴.
1020 4677 1063 4753 (l,
1083 4689 1172 4757 275).

450 4920 469 4967 l.
481 4918 519 4967 On
534 4924 628 4965 trouve
640 4918 655 4963 b
665 4915 693 4963 -ln
701 4915 762 4964 date
774 4915 810 4963 dn
824 4920 853 4964 19
865 4916 970 4965 octobre
982 4918 1013 4977 (l,
1027 4920 1085 4978 216)
1095 4932 1146 4965 unc
1154 4917 1281 4966 demando
1289 4918 1322 4966 do
1332 4918 1409 4966 Louis
1420 4917 1451 4964 de
1462 4917 1627 4965 biroroeevure
1637 4920 1780 4976 (Sanctum)

424 4991 491 5040 cher.
504 5007 536 5040 cn
557 4991 651 5039 invent
669 4989 702 5038 ‹le
721 4990 788 5038 Jenn
807 4990 905 5037 Rabuti
925 4990 958 5038 <lc
978 4991 1056 5048 iloto,
1076 5006 1121 5038 son
1141 4991 1283 5052 chemlam,
1302 4994 1348 5052 qui
1365 5005 1382 5038 a
1401 4990 1546 5051 &galement
1565 4992 1631 5039 servi
1651 5006 1697 5037 son
1715 4990 1781 5039 frbrc

424 5063 511 5124 «ittam,
533 5065 590 5118 Th..
606 5064 650 5112 dln
669 5063 702 5112 de
720 5064 839 5123 Tournni,
860 5078 920 5111 sans
938 5078 1023 5111 aucun
1041 5065 1128 5124 doute,
1149 5065 1269 5120 Thibaut‚
1290 5065 1448 5114 archidiac-rc
1460 5065 1492 5112 dc
1505 5065 1624 5126 Bourges,
1638 5064 1739 5112 nomme
1758 5065 1780 5112 lo.

363 5129 366 5184 l
425 5139 447 5184 :tl
459 5143 507 5187 mai
521 5141 591 5196 1333,
603 5145 673 5184 mort
684 5137 708 5185 lc
721 5137 751 5184 13
762 5139 825 5185 aoilt
836 5139 941 5185 suivant
953 5137 1038 5198 (Gall.
1048 5137 1143 5188 cltrist..
1156 5138 1205 5197 lll,
1218 5142 1265 5187 226
1279 5155 1284 5191 ;
1297 5139 1384 5196 Eubel,
1397 5140 1415 5192 1.
1426 5142 1492 5198 516).
1510 5167 1534 5173 -
1546 5143 1568 5186 2.
1579 5139 1661 5198 Brom,
1673 5153 1699 5186 11.
1711 5140 1780 5186 1039.

363 5223 367 5290 1
439 5239 449 5244 -
461 5216 480 5261 3.
492 5213 576 5270 Bmm,
592 5229 616 5259 ιι.
631 5212 702 5259 toto,
714 5238 745 5245 -
757 5212 780 5258 t.
793 5211 853 5259 Voir
866 5227 890 5260 n.
902 5214 958 5260 251.
970 5238 1001 5246 -
1013 5215 1035 5259 ι’).
1050 5211 1132 5271 Brom,
1148 5227 1171 5261 n.
1186 5214 1255 5261 1011.
