4650 6059
583 778 641 843 418
1015 842 1019 850 ,
1109 774 1197 848 1849,
1220 775 1315 840 18-20
1337 776 1421 841 avril.

638 926 776 1010 1552.
1635 959 1734 1025 1349,
1752 942 1799 1005 18
1814 944 1907 1007 avril.

632 1040 750 1129 [Motu
764 1038 916 1125 proprio]
936 1038 1119 1124 dignemini
1135 1039 1311 1126 providere
1327 1040 1503 1107 Antlronio
1527 1041 1640 1124 Sause,
1656 1044 1852 1129 presbitero
1872 1044 1941 1111 Tor-

585 1146 731 1225 nacensi,
741 1144 783 1210 de
800 1143 988 1229 capellania
1004 1163 1096 1229 perp.
1107 1164 1211 1228 parve
1224 1144 1410 1229 capellanie
1425 1145 1601 1232 hospitalis
1612 1144 1651 1213 B.
1665 1144 1715 1212 M.
1728 1146 1940 1215 Tomacensis

584 1251 764 1336 vulgariter
779 1255 981 1334 nuncupate,
991 1267 1064 1312 vac.
1077 1267 1136 1332 per
1146 1247 1202 1313 lib.
1218 1246 1480 1332 resignationem
1502 1269 1562 1335 per
1578 1248 1739 1335 Egidium
1753 1250 1800 1318 de
1815 1250 1938 1318 Cokeri-

585 1362 756 1421 aumont...
773 1354 910 1418 factam.
926 1391 970 1400 —
987 1349 1062 1415 Fiat
1080 1349 1120 1415 R.

628 1459 708 1524 Dat.
724 1457 822 1522 Avin.
843 1476 881 1539 14
897 1454 963 1520 lral.
978 1454 1057 1518 maii
1075 1460 1108 1518 a⁰
1125 1462 1174 1538 7⁰.
1185 1454 1255 1537 (17,
1273 1458 1378 1539 247l‘).

637 1604 777 1688 1553.
1634 1636 1732 1701 1349,
1750 1639 1793 1714 19
1810 1621 1899 1685 avril.

628 1721 729 1807 Supp.
746 1720 909 1799 Blancha,
927 1716 1098 1802 quondam
1113 1717 1200 1800 regis
1217 1715 1357 1783 Francie
1373 1726 1407 1783 et
1430 1717 1585 1785 Navarre
1600 1719 1678 1801 filia,
1693 1721 1832 1789 duxissa
1846 1724 1932 1788 Aure·

585 1827 740 1891 lianensis
774 1833 809 1890 et
839 1824 881 1890 de
912 1823 1046 1889 Valesio
1076 1822 1255 1900 comitissa,
1286 1832 1377 1907 quat.
1409 1823 1585 1909 capellano
1611 1833 1647 1890 et
1678 1826 1860 1893 secretario
1884 1846 1931 1892 suo

584 1928 604 2007 J
607 1929 731 1994 ohanni
748 1927 851 1993 Cadel
865 1938 883 2008 ¹,
901 1925 1069 1992 Morinen.
1092 1925 1233 2007 dioc.,...
1262 1926 1305 1992 de
1329 1930 1406 1993 ben.
1430 1928 1464 1992 in
1479 1927 1568 1994 dioc.
1583 1928 1638 1993 vel
1665 1928 1731 1995 civ.
1747 1931 1927 1996 Ambianen.

584 2032 766 2117 dignemini
783 2030 958 2117 providere
974 2053 982 2109 ;
999 2050 1068 2096 non
1085 2033 1171 2096 obst.
1196 2029 1287 2114 quod
1313 2033 1405 2117 preb.
1431 2030 1463 2096 S.
1487 2030 1702 2098 Wquranni‘
1725 2033 1926 2100 Abbatisville

585 2138 736 2200 obtinere
752 2142 920 2200 noscatur.
936 2170 980 2179 -
1004 2133 1079 2199 Fiat
1104 2134 1144 2199 R.

629 2238 707 2303 Dat.
722 2239 822 2302 Avin.
843 2257 879 2321 13
897 2235 963 2302 kal.
979 2236 1057 2302 maii
1074 2244 1107 2302 a⁰
1123 2246 1166 2321 7⁰.
1183 2238 1252 2320 (17,
1271 2240 1361 2322 254).
1949 2203 1967 2758 1

638 2390 942 2475 1554-1556.
1632 2425 1729 2490 1549,
1746 2427 1788 2471 ao
1804 2407 1892 2474 avril.

627 2510 727 2595 Supp.
755 2508 857 2593 Hugo
891 2508 933 2573 de
968 2506 1139 2572 Florentia
1166 2526 1187 2587 ²,
1215 2508 1430 2574 cancellarius
1459 2508 1657 2589 Tomacen.,
1688 2529 1797 2595 nepos
1824 2509 1924 2593 bo(ne)

583 2613 776 2697 memorie)
793 2611 884 2678 dorn.
900 2610 1122 2677 Tomacensis
1138 2610 1315 2677 cardinalis
1329 2627 1351 2692 ³,
1367 2619 1458 2696 quat.
1475 2612 1536 2678 sibi
1551 2611 1594 2678 de
1610 2614 1687 2678 ben.
1703 2613 1788 2679 eccl.
1804 2634 1833 2679 c.
1848 2633 1873 2679 c.
1883 2610 1924 2676 vel

583 2739 607 2784 s,
625 2738 664 2799 c.,
681 2718 784 2783 etiarn
801 2716 828 2783 si
844 2715 1205 2801 dignitas,personatus
1220 2715 1275 2780 vel
1291 2714 1438 2781 officium
1454 2716 1577 2781 existat
1589 2724 1624 2781 et
1634 2715 1669 2781 in
1685 2716 1830 2783 ecclesia
1844 2715 1924 2782 colle·

581 2821 671 2906 giata
694 2821 791 2886 fuerit
817 2819 962 2904 dignitas
986 2818 1187 2904 principalis,
1215 2826 1391 2904 spectante
1416 2818 1639 2885 communiter
1663 2819 1719 2885 vel
1745 2816 1924 2886 divisimad

581 2925 808 3005 collationem,
826 2923 1027 2989 electionem
1043 2929 1108 2987 etc.
1125 2921 1273 3008 episcopi
1290 2930 1325 2987 et
1341 2923 1477 3008 capituli
1494 2943 1534 2989 ac
1550 2924 1756 3008 singulorum
1766 2920 1924 2989 canonico

580 3048 653 3093 rurn
680 3028 820 3093 ecclesie
849 3027 1057 3106 Fesulanen„
1084 3045 1189 3109 usque
1216 3024 1270 3090 ad,
1283 3046 1450 3090 summam
1481 3046 1541 3110 150
1556 3025 1761 3092 florenorum
1787 3025 1855 3093 auri
1872 3042 1924 3090 sec.

581 3133 792 3198 taxationem
807 3132 989 3216 dignemini
1013 3130 1190 3218 providere
1206 3154 1214 3211 ;
1231 3151 1300 3196 non
1317 3135 1402 3197 obst.
1430 3130 1520 3215 quod
1548 3129 1766 3197 canonicatus
1791 3138 1826 3196 et
1849 3130 1924 3217 preb.

580 3256 655 3300 curn
673 3236 783 3300 officio
811 3236 1008 3300 cancellarie
1029 3236 1062 3299 in
1087 3234 1274 3300 Tomacen.
1300 3242 1335 3299 et
1359 3235 1390 3298 S.
1418 3234 1507 3298 Petri
1532 3233 1754 3314 Casletensis„
1774 3232 1925 3300 Morinen.

579 3338 676 3417 dioc,
693 3339 851 3416 ecclesiis,
868 3359 907 3403 ac
924 3337 1146 3424 capellaniam
1163 3337 1206 3402 de
1223 3336 1727 3419 Barledonc,Tornacen.dioc.,
1740 3357 1781 3402 ac
1797 3358 1867 3403 can.
1878 3335 1925 3399 sub

578 3463 654 3527 exp.
670 3444 761 3526 preb.
779 3444 812 3505 in
828 3441 969 3506 ecclesia
984 3442 1186 3506 Ambianen.
1202 3442 1350 3506 noscitur
1377 3442 1569 3506 obtinere...
1595 3439 1731 3505 —Fiat
1750 3440 1791 3505 R.

624 3583 723 3643 1555.
744 3577 831 3642 Item
849 3588 939 3664 quat.
955 3580 1080 3647 dilecto
1104 3582 1353 3666 consanguineo
1380 3602 1440 3647 suo
1467 3580 1598 3659 Jacobo
1625 3580 1667 3646 de
1695 3579 1925 3656 Lanfredinis,⁴
1965 3633 1967 3640 .

578 3683 700 3749 clerico
728 3683 922 3765 Florentin,
950 3684 993 3749 de
1018 3687 1094 3750 ben.
1122 3685 1204 3751 eccl.
1233 3705 1261 3750 c.
1287 3706 1316 3750 c.
1345 3684 1514 3769 usquead
1542 3687 1593 3764 80,
1614 3684 1669 3748 vel
1684 3703 1710 3750 s.
1727 3705 1756 3749 c.
1776 3689 1816 3749 60
1832 3684 1926 3748 librar.
1964 3697 1967 3704 ·

577 3787 606 3852 T
608 3808 701 3854 uron.
718 3808 810 3873 parv.
828 3809 1004 3869 summam,
1021 3809 1086 3854 sec.
1111 3788 1322 3854 taxationem
1349 3789 1489 3869 decime,
1518 3795 1692 3874 spectante
1719 3785 1935 3853 communiter
1961 3713 1967 3876 1

578 3893 632 3957 vel
648 3892 781 3957 divisim
798 3892 842 3958 ad
857 3892 1075 3959 collationem
1091 3901 1156 3958 etc.
1173 3892 1303 3957 abbatis
1319 3901 1353 3958 et
1371 3901 1558 3958 conventus
1582 3890 1777 3956 monasterii
1804 3891 1837 3957 S.
1852 3885 1928 3954 Petri
1961 3879 1967 3950 ’ἶ

579 3993 775 4076 Gandensis,
805 3994 992 4060 Tomacen.
1019 3994 1116 4075 dioc,
1144 3994 1186 4060 Ο.
1204 3994 1235 4059 S.
1252 3993 1301 4075 B.,
1328 3995 1511 4078 dignemini
1536 3993 1736 4079 providere;
1764 4015 1834 4061 non
1857 3995 1929 4058 obst.

579 4099 668 4183 qnod
684 4099 906 4184 capellaniam
923 4097 961 4165 B.
979 4098 1028 4164 Μ.
1045 4100 1079 4164 in
1096 4100 1178 4165 eccl.
1195 4098 1227 4163 S.
1244 4098 1332 4163 Petri
1350 4099 1391 4164 de
1409 4099 1559 4178 Durella,
1570 4105 1604 4163 et
1620 4097 1770 4164 officium
1786 4098 1930 4164 diacona·

577 4210 631 4265 tus
647 4203 680 4264 in
697 4202 838 4266 ecclesia
855 4201 897 4265 de
914 4202 1040 4286 Eynes,
1068 4224 1109 4268 ac
1136 4223 1210 4269 can.
1238 4205 1298 4268 sub
1325 4224 1400 4288 exp.
1427 4205 1518 4288 preb.
1545 4201 1578 4265 in
1599 4201 1741 4268 ecclesia
1756 4200 1930 4268 Tomacen.

578 4304 725 4368 noscitur
741 4305 902 4368 obtinere.
919 4345 962 4353 -
980 4303 1056 4370 Fiat
1073 4303 1113 4370 R.

623 4449 723 4511 1556.
753 4442 841 4508 Item
866 4453 956 4527 quat.
980 4444 1130 4521 Johanni
1163 4445 1333 4529 quondam
1358 4445 1542 4511 Willhelnri
1573 4443 1727 4524 Barcion,
1755 4443 1931 4529 presbitero

578 4545 719 4626 Meten,
736 4545 778 4611 de
794 4550 870 4612 ben.
887 4549 968 4613 eccl.
985 4570 1010 4614 s.
1027 4570 1056 4613 c.
1072 4556 1248 4633 spectante
1265 4551 1487 4616 communiter
1503 4551 1556 4613 vel
1571 4546 1704 4614 divisim
1729 4546 1772 4612 ad
1789 4546 1930 4613 collatio·

575 4669 654 4713 nem
670 4657 734 4714 etc.
752 4649 1004 4736 archiepiscopi,
1029 4650 1159 4731 decani,
1185 4659 1219 4716 et
1246 4651 1383 4738 capituli
1411 4673 1451 4718 ac
1475 4651 1679 4736 singulorum
1700 4650 1930 4715 canonicorum

575 4753 715 4819 ecclesie
733 4752 885 4835 Romen,
903 4755 1005 4819 etiarn
1021 4754 1046 4819 si
1060 4755 1093 4819 in
1107 4755 1189 4820 eccl.
1203 4756 1387 4821 cathedrali
1400 4756 1531 4834 existat,
1544 4752 1726 4839 dignemini
1739 4752 1910 4839 providere
1924 4771 1929 4826 ;

607 4951 631 5003 a)
648 4944 704 4991 (lul.
723 4944 830 4990 birrani.

580 5063 661 5069 ----
680 5062 845 5071 ,-

607 5132 628 5177 l.
641 5129 703 5177 Voir
720 5145 744 5177 n.
763 5133 818 5177 1312.
830 5157 862 5166 -
881 5133 902 5177 2.
916 5130 1022 5189 Huguae
1038 5128 1069 5176 de
1088 5128 1215 5191 Manpilis,
1230 5132 1284 5179 voir
1296 5144 1320 5179 n.
1333 5130 1387 5188 42⁷,
1402 5128 1456 5186 184,
1469 5128 1584 5184 nos-506,
1597 5126 1652 5172 667.
1665 5151 1697 5162 -
1716 5124 1739 5173 3.
1751 5120 1841 5171 Andre
1851 5120 1930 5170 Ghini.

573 5203 642 5253 eard.
653 5204 685 5252 dc
698 5204 866 5250 S¹‘·Susanne.
880 5229 911 5238 -
924 5203 946 5251 4.
959 5202 1021 5249 Voir
1033 5215 1058 5251 n.
1073 5202 1125 5260 119,
1138 5203 1194 5251 129.
