4650 6059
1043 776 1134 853 1847,
1155 777 1209 843 2-9
1230 793 1320 844 mars
1800 779 1862 851 sot

492 931 609 1017 ipsius,
625 937 780 1015 tempore
795 929 1018 1016 promotionis
1042 929 1194 1014 ejusdem
1218 929 1263 995 ad
1285 930 1452 1017 prefatam
1467 931 1597 997 Lunen.
1621 933 1704 999 ecci.
1732 933 1862 999 obtine·

493 1038 555 1101 bat
571 1047 593 1116 ¹,
609 1034 637 1100 si
648 1054 710 1120 per
724 1034 856 1120 lapsum
871 1033 1033 1120 temporis
1056 1033 1099 1099 de
1114 1034 1283 1120 episcopis
1306 1034 1542 1102 consecrandis
1561 1036 1632 1120 jam
1657 1044 1791 1119 vacant,
1806 1036 1862 1102 vel

494 1159 575 1205 cum
600 1158 662 1224 per
684 1136 973 1203 consecrationem
1003 1136 1119 1223 ipsius·
1134 1138 1200 1218 vel,
1216 1146 1430 1223 preterquam
1456 1158 1516 1223 per
1540 1138 1690 1223 ejusdem
1714 1142 1778 1219 ob.,
1795 1137 1863 1208 alio

495 1241 619 1326 quovis
643 1240 748 1307 modo
773 1241 846 1325 jam
879 1240 1075 1305 vacaverint
1098 1260 1157 1305 seu
1186 1247 1309 1307 vacent
1338 1241 1393 1306 vel
1434 1243 1602 1308 vacabunt
1633 1242 1861 1326 imposterum,

494 1345 682 1431 dignemini
698 1345 874 1430 providere
883 1368 892 1425 ;
916 1364 984 1410 non
1012 1347 1098 1410 obst.
1115 1344 1206 1427 quod
1221 1343 1311 1409 idem
1322 1341 1469 1421 Jacobus
1484 1345 1517 1408 in
1535 1344 1676 1410 ecclesia
1688 1345 1862 1411 Siclinensi

495 1468 570 1514 can.
586 1447 721 1513 obtinet
737 1455 772 1513 et
787 1450 880 1534 preb.
900 1485 929 1497 -
948 1446 1025 1512 Fiat
1041 1446 1082 1512 R.

540 1551 621 1617 Dat.
636 1550 738 1616 Avin.
757 1554 774 1614 6
790 1571 871 1617 non.
886 1560 986 1617 mart.
1002 1558 1035 1616 a⁰
1051 1558 1094 1636 5⁰.
1112 1550 1184 1637 (10,
1202 1552 1289 1636 101).

549 1686 691 1770 1164.
1565 1718 1660 1785 1347,
1678 1724 1697 1765 2
1714 1723 1819 1769 maro.

538 1806 630 1890 Sigu.
645 1804 667 1883 J
669 1805 821 1872 ohannes
836 1802 879 1868 de
895 1802 1053 1870 Isendike
1067 1817 1090 1885 ²,
1102 1813 1138 1871 et
1153 1804 1321 1872 Gerardus
1335 1804 1378 1872 de
1388 1804 1526 1871 Vivario
1541 1813 1563 1885 ³,
1579 1805 1670 1888 quod
1679 1804 1698 1882 J
1703 1805 1863 1886 ohannes,

496 1930 555 1995 per
569 1930 618 1990 se,
633 1907 881 1995 preposituram
896 1907 951 1974 SS.
975 1908 1219 1993 Apostolorum
1243 1907 1430 1989 Colonien.,
1455 1916 1490 1974 et
1509 1906 1686 1988 Gerardus,
1710 1908 1863 1994 predicti,

497 2034 555 2099 per
569 2020 825 2098 procuratorem
841 2030 947 2091 suum,
971 2012 1189 2093 scolastriam,
1206 2032 1280 2077 can.
1304 2021 1339 2077 et
1362 2014 1456 2098 preb.
1480 2032 1520 2077 00
1543 2011 1814 2097 supplementum
1829 2012 1862 2077 S.

499 2116 680 2183 Salvatoris
703 2116 894 2201 Trajecten.
919 2116 1146 2199 ecclesiarum,
1172 2136 1236 2200 que
1262 2124 1345 2183 tunc
1372 2116 1580 2196 obtinebant,
1608 2115 1642 2180 in
1665 2136 1755 2180 man.
1770 2115 1861 2181 dom.

499 2220 704 2307 stephani),
731 2221 832 2306 episc.
858 2222 889 2285 S.
916 2221 1027 2286 Pontii
1052 2221 1319 2302 Thomeriarum,
1336 2221 1425 2306 apud
1450 2220 1565 2286 sedem
1581 2228 1687 2305 apost.
1704 2241 1745 2284 ex
1761 2240 1861 2286 causa

500 2324 755 2410 permutationis
781 2324 1001 2409 resignarunt,
1019 2325 1175 2409 idemque
1201 2324 1314 2410 episc,
1337 2325 1380 2391 de
1405 2325 1568 2391 mandato
1584 2333 1707 2403 vestr0,
1724 2325 1860 2390 oraculo

501 2428 573 2493 vive
588 2428 685 2494 vocis
700 2428 761 2493 sibi
778 2427 878 2507 facto,
889 2428 1078 2513 hujusmodi
1094 2427 1337 2513 resignationes
1352 2426 1499 2494 admisit.
1516 2426 1630 2512 Quare
1646 2448 1752 2513 supp,
1769 2436 1861 2511 quat.

503 2529 649 2597 Gerardo
672 2530 714 2598 de
738 2532 947 2618 prepositura
970 2532 1171 2616 hujusmodi,
1198 2540 1233 2598 et
1256 2530 1404 2610 Johanni
1429 2532 1588 2619 predictis
1610 2531 1653 2597 de
1676 2532 1860 2613 scolastria,

505 2654 572 2700 can.
588 2642 623 2701 et
642 2638 732 2721 preb.
748 2655 788 2701 ac
804 2638 1040 2721 supplemento
1055 2635 1271 2702 ecclesiarum
1294 2634 1528 2722 predictarum,
1550 2635 1682 2701 etiarnsi
1697 2637 1772 2700 ben.
1789 2634 1861 2719 ipsa

509 2739 553 2803 vel
569 2739 715 2804 alterum
741 2759 858 2805 eorum
878 2739 1037 2807 fuerint...
1064 2749 1242 2822 reservata,
1269 2738 1452 2827 dignemini
1476 2737 1672 2825 providere;
1690 2760 1758 2803 non
1774 2740 1860 2804 obst.

510 2842 590 2925 quod
603 2840 778 2919 Johannes
787 2842 821 2907 in
834 2843 889 2909 SS.
905 2846 1146 2930 Apostolorum
1162 2843 1336 2910 Colonien.
1353 2842 1514 2929 predicta,
1531 2863 1663 2908 necnon
1680 2841 1860 2922 Seflicensi,

512 2963 541 3010 ac
554 2944 776 3011 Wischelensi
793 2967 867 3013 can.
883 2955 919 3013 et
933 2951 1037 3034 preb,
1062 2956 1097 3014 et
1122 2947 1155 3013 in
1171 2946 1367 3027 Xanctensi,
1394 2945 1568 3012 Colonien.
1593 2944 1690 3025 dioc,
1708 2966 1783 3018 can.
1800 2947 1860 3011 sub

514 3067 576 3133 exp.
591 3051 685 3133 preb.
701 3057 736 3113 et
752 3049 807 3115 off.
824 3071 849 3116 s.
862 3071 894 3116 c.
908 3074 916 3130 ;
933 3072 1032 3136 super
1047 3052 1167 3136 quibus
1182 3049 1369 3118 Seflicensis
1385 3070 1457 3115 can.
1474 3057 1509 3114 et
1524 3050 1627 3134 preb,
1639 3057 1673 3113 et
1688 3046 1861 3114 Xancten·

516 3149 548 3214 sis
568 3152 782 3217 ecclesiarum
814 3152 939 3218 ferculo
954 3176 1012 3219 seu
1028 3157 1264 3240 supplemento
1279 3155 1313 3218 in
1343 3154 1440 3218 Rom.
1463 3174 1529 3218 cur.
1546 3152 1663 3237 litigat,
1693 3151 1861 3217 0160101-

516 3252 572 3334 (105,
588 3256 720 3341 prefati,
740 3256 772 3319 in
791 3256 951 3323 Leodien.
979 3266 1013 3323 et
1038 3259 1069 3324 S.
1086 3259 1235 3323 Severini
1262 3258 1437 3323 Colonien.
1465 3267 1499 3323 et
1527 3259 1560 3322 in
1577 3257 1615 3323 B.
1634 3257 1682 3323 M.
1699 3258 1858 3341 Aquensi,

519 3376 546 3421 ac
555 3358 582 3423 S.
598 3359 789 3444 Gengulphi
808 3360 1092 3446 Heynsbergensi,
1109 3363 1269 3428 Leodien.
1285 3362 1382 3442 dioc,
1399 3363 1641 3440 ecclesiiscan.
1658 3370 1693 3426 et
1708 3365 1810 3448 preb,
1827 3370 1861 3426 01

520 3457 542 3522 iu
562 3463 675 3527 eadem
701 3465 783 3528 eccl.
811 3464 841 3528 S.
867 3465 1014 3530 Severini
1047 3469 1328 3550 supplementum,
1356 3466 1447 3549 quod
1477 3466 1637 3531 ferculum
1664 3466 1860 3550 appellatur,

521 3566 651 3631 obtinere
668 3578 849 3632 noscantur
864 3592 872 3645 ;
890 3578 924 3632 et
940 3570 1030 3652 quod
1043 3571 1131 3634 idern
1142 3569 1310 3634 Gerardus
1321 3590 1419 3654 super
1431 3570 1613 3649 scolastria,
1626 3591 1698 3634 can.
1711 3580 1746 3634 et
1767 3572 1859 3654 preb.

523 3661 603 3745 ipsius
618 3671 701 3733 0001.
720 3668 911 3753 Maguntin.
929 3673 962 3735 in
979 3673 1069 3738 dicta
1086 3695 1153 3739 cur.
1170 3674 1291 3757 litigat.
1308 3714 1351 3722 -
1375 3672 1452 3738 Fiat
1467 3694 1528 3758 pro
1544 3682 1696 3756 utroque,
1723 3674 1762 3739 R.

554 3770 626 3837 Dat.
642 3773 742 3837 Arm.
761 3779 779 3836 6
795 3795 874 3840 non.
891 3785 989 3843 mart.
1006 3784 1040 3842 a⁰
1057 3787 1098 3860 5⁰.
1116 3780 1189 3858 (10,
1211 3779 1297 3860 103).

562 3911 693 3995 1165.
1567 3946 1661 4009 1347,
1679 3949 1697 4010 0
1716 3950 1819 3992 naurs.

554 4027 646 4116 Supp.
663 4028 779 4095 Guido
794 4029 836 4095 de
852 4031 1024 4111 Ambazia,
1042 4032 1266 4097 subdiaconus
1292 4040 1326 4096 et
1350 4032 1490 4096 servitor
1507 4039 1626 4110 vester,
1644 4040 1735 4114 quat.
1753 4031 1813 4095 sibi
1831 4032 1864 4095 in

468 4123 473 4194 1
527 4144 589 4207 pers.
605 4134 779 4200 servitoris
794 4133 843 4198 sui
859 4133 1008 4215 Walteri,
1036 4136 1107 4199 nati
1131 4136 1301 4219 quondam
1327 4133 1467 4200 Henrici
1483 4134 1525 4199 de
1548 4133 1667 4214 BuscO,
1685 4136 1761 4217 cler.
1779 4133 1864 4200 Leo

528 4230 593 4301 dien.
609 4238 696 4303 dioc.
713 4251 734 4317 ⁴,
750 4258 840 4322 spec,
856 4257 903 4321 gr.
917 4237 1086 4318 iacientes,
1110 4240 1220 4304 eidem
1236 4238 1388 4303 Waltero
1413 4239 1454 4304 de
1480 4259 1552 4303 can.
1566 4249 1601 4303 et
1625 4241 1717 4324 preb.
1734 4240 1815 4304 eccl.
1833 4240 1864 4305 S.

530 4328 601 4403 Pauli
617 4340 791 4420 Leodien.,
807 4362 866 4426 per
882 4344 936 4405 ob.
953 4342 1123 4425 quondam
1139 4342 1271 4406 Thome
1287 4341 1328 4407 de
1346 4341 1493 4421 Perusio,
1511 4342 1613 4427 ipsius
1638 4345 1720 4407 eccl.
1742 4365 1814 4409 can.
1831 4351 1865 4408 et

529 4453 612 4518 apost.
627 4445 715 4509 sedis
731 4445 900 4529 scriptoris
912 4452 946 4508 et
962 4444 1180 4509 abreviatoris
1192 4451 1211 4524 ⁵,
1228 4444 1282 4509 vel
1299 4444 1379 4509 alias
1395 4444 1514 4529 quovis
1530 4443 1632 4509 inodo
1648 4465 1732 4525 vac,
1749 4466 1865 4529 quam·

530 4539 565 4604 tis
576 4546 659 4612 idem
676 4547 827 4613 Thomas
843 4568 917 4613 can.
934 4556 969 4613 et
981 4551 1072 4633 preb.
1089 4548 1259 4633 predictos
1275 4569 1351 4613 cum
1369 4548 1435 4613 alio
1450 4552 1526 4613 ben.
1543 4548 1615 4612 sine
1626 4549 1763 4613 licentia
1779 4550 1867 4615 sedis

530 4658 613 4724 apost.
628 4651 846 4736 permutavit,
862 4651 1045 4735 dignemini
1069 4651 1245 4736 providere
1261 4674 1270 4731 ;
1287 4673 1355 4716 non
1372 4655 1458 4717 obst.
1475 4650 1564 4736 quod
1588 4650 1676 4715 idem
1700 4650 1867 4718 Walterus

529 4741 585 4815 ben.
600 4756 679 4819 eccl.
696 4762 854 4839 spectans
870 4755 1093 4819 communiter
1109 4754 1151 4819 ad
1168 4755 1265 4820 0011...
1282 4755 1355 4822 dec.
1372 4764 1406 4821 et
1421 4754 1557 4840 capituli
1575 4756 1656 4820 eccl.
1673 4754 1704 4820 S.
1721 4755 1863 4821 Dionisii

472 4843 480 4960 '4
533 4840 665 4923 Leodien.
697 4858 730 4922 in
759 4858 928 4923 communi
953 4857 1070 4939 forma,
1097 4867 1185 4925 auct.
1210 4859 1397 4924 litterarum
1425 4867 1621 4937 vestrarum,
1646 4867 1813 4943 expectat,
1830 4867 1865 4923 et

535 4979 754 5005 N—

558 5053 1009 5122 110111001000101110,010111(110010
1025 5065 1057 5113 de
1069 5065 1139 5124 Toul,
1153 5080 1245 5127 promu
1262 5080 1295 5113 nu
1315 5065 1382 5126 siige
1392 5064 1424 5113 de
1437 5065 1503 5112 Luni
1527 5064 1664 5125 (110110)Ιο
1685 5067 1715 5111 25
1735 5066 1784 5112 mai
1805 5067 1866 5114 1344

464 5165 470 5184 2
535 5119 726 5255 ffippepoplaaa).
737 5139 804 5186 -a
817 5138 964 5198 &auertant
977 5141 1082 5188 10011.
1094 5167 1127 5174 -
1138 5141 1160 5188 a.
1175 5137 1782 5188 11111.110.-1.1ο111.111.-1.11111.
1797 5141 1867 5199 1049,

574 5290 624 5337 dud
638 5297 683 5340 Vnt
701 5299 762 5352 Belg.
