4650 6059
477 792 520 855 48
999 784 1086 858 1342,
1109 784 1163 849 3-4
1186 784 1313 849 octobre

479 946 609 1009 decano
618 951 652 1007 et
665 941 813 1026 capitulo
824 941 959 1025 plenam
977 937 1076 1003 fidem
1090 960 1099 1017 ;
1116 938 1216 1002 certis
1231 937 1292 1002 sibi
1309 956 1407 1022 super
1422 936 1486 1002 hiis
1500 936 1671 1024 deputatis
1686 946 1842 1005 executo

481 1049 579 1127 ribus,
597 1046 651 1129 qui
669 1044 886 1131 prepositum,
903 1042 1078 1122 decanum,
1095 1049 1130 1105 et
1145 1041 1329 1126 capitulum
1338 1061 1379 1107 ac
1389 1060 1607 1126 quoscunque
1623 1042 1718 1123 alios,
1728 1049 1843 1108 contra

481 1152 646 1217 indultum
663 1159 697 1215 et
717 1149 889 1215 decretum
905 1147 1095 1231 hujusmodi
1112 1146 1227 1210 venire
1252 1146 1389 1212 forsitan
1413 1154 1655 1232 presumentes,
1671 1153 1730 1213 aut
1745 1148 1842 1233 plene

482 1277 549 1321 non
565 1263 721 1341 parentes
738 1235 874 1332 eisdem,
896 1252 938 1317 ad
959 1251 1204 1316 observandum
1229 1271 1306 1316 curn
1330 1250 1453 1317 effectu
1477 1257 1512 1315 et
1535 1252 1635 1335 plene
1658 1249 1842 1337 parendum

483 1359 560 1444 ipsis
576 1379 635 1443 per
658 1377 831 1423 censuram
855 1355 1116 1422 ecclesiasticam
1136 1363 1171 1420 et
1198 1354 1421 1440 privationem
1444 1353 1686 1420 beneficiorum
1710 1373 1843 1421 suorum

482 1481 754 1545 quorumcunque
764 1468 872 1545 apost.
882 1467 970 1525 auct.
981 1460 1186 1544 compellant
1199 1481 1208 1538 ;
1226 1479 1303 1523 curn
1320 1457 1475 1523 omnibus
1490 1478 1558 1523 non
1570 1460 1656 1523 obst.
1666 1465 1703 1524 et
1718 1459 1843 1525 clausu-

482 1566 521 1631 lis
537 1564 743 1651 opportunis,
758 1605 802 1614 —
821 1563 896 1629 Fiat
920 1585 979 1650 per
1002 1564 1114 1629 omnia
1139 1563 1224 1628 sicut
1240 1563 1374 1648 petitur.
1391 1562 1433 1628 R.

525 1670 603 1734 Dat.
620 1669 720 1733 Avin.
739 1688 755 1752 5
774 1689 851 1735 non.
867 1676 933 1733 oct.
950 1676 982 1732 a⁰
1002 1674 1041 1733 1⁰.
1058 1666 1102 1750 (1,
1121 1671 1226 1750 2275).

534 1797 644 1879 226.
1514 1826 1610 1891 1542,
1624 1827 1646 1892 3
1663 1808 1804 1874 octobre.

526 1915 627 1999 Supp.
644 1914 721 1978 cler.
740 1910 935 1997 Radulphus
952 1910 1212 1995 Carpentatoris,
1229 1931 1302 1976 can.
1318 1911 1510 1990 Abrincen„
1523 1913 1665 1977 servitor
1676 1911 1845 1996 quondam

482 2017 785 2084 bon.me1n.dom.
802 2014 975 2093 Lndovici,
999 2013 1092 2080 ducis
1119 2012 1355 2094 Burbonensis,
1382 2013 1472 2097 quod
1496 2034 1572 2079 cum
1597 2013 1669 2101 ipse
1695 2014 1847 2081 servierit

486 2143 544 2207 per
558 2142 596 2185 22
614 2140 720 2185 annos
735 2117 887 2204 predicto
901 2118 992 2184 dom.
1008 2139 1078 2197 sun,
1103 2126 1202 2203 prout
1224 2118 1343 2183 melius
1369 2126 1404 2183 et
1430 2117 1573 2184 fideliter
1598 2119 1721 2204 potuit,
1748 2127 1847 2205 prout

485 2225 577 2291 scitis
594 2226 626 2287 in
642 2230 746 2309 parte,
763 2220 913 2306 proxime
926 2221 1021 2305 juxta
1037 2241 1113 2285 eum
1130 2220 1306 2286 existendo
1321 2243 1329 2300 ;
1345 2221 1388 2285 de
1404 2221 1497 2306 cujus
1512 2221 1649 2287 servitio
1661 2222 1728 2289 hoc
1739 2223 1847 2289 solum

485 2328 641 2404 obtinuit,
658 2325 814 2390 videlicet
828 2324 1009 2389 Abrincen.
1026 2333 1059 2389 et
1076 2325 1107 2389 S.
1123 2324 1304 2391 Audomari
1321 2343 1394 2391 can.
1421 2332 1457 2390 et
1478 2326 1593 2410 preb.¹,
1617 2333 1652 2390 et
1678 2325 1847 2394 administ.

486 2431 656 2516 cujusdam
672 2428 791 2494 domus
806 2428 870 2493 Dei
887 2429 921 2493 in
937 2436 1046 2493 castro
1063 2427 1161 2493 Viric.
1180 2428 1225 2493 Et
1239 2427 1343 2494 modo
1368 2428 1411 2494 de
1437 2449 1529 2494 novo
1554 2421 1656 2512 aliqui
1684 2430 1788 2495 emuli
1814 2437 1849 2495 et

487 2533 685 2613 invidentes
702 2533 884 2596 sentientes
899 2554 953 2597 me
969 2532 1096 2597 dictum
1119 2532 1293 2597 dominum
1320 2533 1478 2613 amisisse,
1503 2534 1622 2598 volunt
1648 2542 1770 2600 contra
1795 2553 1850 2599 me

486 2657 656 2721 opponere
672 2635 762 2719 quod
777 2642 788 2668 ¹¹
806 2636 839 2698 in
855 2636 1019 2718 aliquibus
1035 2637 1345 2720 permutationibus,
1362 2657 1445 2721 quas
1459 2636 1568 2702 dictus
1583 2637 1741 2704 dominus
1755 2659 1850 2704 meus

485 2740 592 2805 voluit
608 2738 688 2803 mihi
706 2739 812 2803 facere
828 2738 870 2803 de
886 2739 1049 2822 aliquibus
1071 2741 1155 2805 meis
1179 2740 1359 2821 beneficiis,
1388 2762 1465 2805 cum
1490 2739 1592 2827 ipsisb
1619 2742 1681 2807 fuit
1707 2743 1850 2809 simonia

485 2864 544 2929 per
560 2843 796 2928 promissiones
811 2851 845 2907 et
862 2844 1105 2908 conventiones
1121 2865 1160 2909 ac
1176 2865 1323 2924 munera,
1340 2864 1422 2927 quas
1437 2852 1472 2909 et
1487 2864 1552 2928 que
1568 2845 1679 2911 dictus
1694 2845 1850 2912 dominus

485 2968 580 3011 meus
595 2946 770 3012 debuimus
784 2945 893 3012 facere
909 2947 941 3011 in
958 2947 1260 3033 permutationibus
1272 2948 1336 3012 illis
1348 2971 1356 3027 ;
1369 2947 1458 3032 quod
1467 2969 1639 3033 nunquam
1648 2949 1711 3014 fuit
1722 2949 1847 3017 factum

486 3071 548 3115 nec
561 3072 620 3135 per
635 3051 742 3136 ipsum
760 3071 822 3116 nec
838 3071 976 3137 perine,
992 3051 1088 3115 novit
1105 3051 1207 3115 Deus.
1224 3049 1313 3115 Item
1328 3050 1507 3116 intendunt
1519 3071 1707 3137 proponere
1732 3059 1849 3118 contra

486 3174 550 3232 me,
558 3153 648 3237 quod
657 3163 809 3239 tempore
819 3155 1061 3239 acceptationis
1071 3155 1256 3237 aliquorum
1266 3154 1506 3220 beneficiorum
1517 3174 1608 3219 eram
1619 3153 1848 3221 excommuni-

486 3257 627 3321 cationis
642 3256 778 3321 vinculo
794 3257 972 3321 innodatus
990 3279 998 3336 ;
1017 3257 1106 3340 quod
1124 3257 1157 3320 in
1175 3257 1315 3321 veritate
1342 3278 1513 3342 nunquam
1539 3256 1631 3339 scivi,
1659 3278 1725 3324 nec
1750 3256 1848 3326 credo

486 3380 600 3423 verum
617 3380 699 3424 esse.
716 3359 882 3442 Quocirca
897 3360 1028 3445 placeat
1045 3361 1075 3423 S.
1093 3358 1143 3436 ll,
1159 3361 1321 3425 memorie
1348 3361 1624 3427 commendantes
1639 3364 1745 3428 verba
1768 3362 1846 3428 dicti

483 3462 612 3528 domini
629 3462 695 3526 mei
711 3462 930 3528 effectualiter
945 3463 1137 3548 adimplere,
1154 3464 1265 3528 taliter
1281 3472 1318 3528 ut
1345 3484 1443 3550 super
1468 3464 1626 3550 predictis
1653 3464 1846 3549 dignemini,

485 3567 512 3631 si
529 3567 650 3651 placet,
663 3586 796 3631 mecum
811 3566 956 3651 gratiose
971 3566 1173 3651 dispensare,
1190 3587 1233 3631 ne
1256 3576 1393 3653 propter
1420 3567 1569 3653 predicta
1593 3588 1728 3654 possem
1753 3569 1847 3635 amit·

485 3679 557 3734 tere
573 3677 696 3734 statum
712 3690 835 3735 meum.
851 3709 894 3719 —
911 3668 995 3751 Fiat,
1012 3678 1047 3734 et
1063 3669 1329 3737 consideratione
1344 3670 1425 3736 dicti
1438 3670 1590 3736 ‘defuncti
1613 3679 1729 3737 tecum
1752 3692 1847 3759 super

486 3773 627 3838 simonia
643 3772 872 3858 dispensamus
886 3796 895 3854 ;
913 3774 960 3838 sic
975 3781 1089 3839 tamen
1106 3774 1197 3857 quod
1211 3774 1367 3841 restituas
1382 3774 1408 3838 si
1428 3794 1493 3858 que
1509 3784 1643 3861 recepta
1658 3784 1737 3841 sunt
1755 3798 1766 3856 ;
1786 3797 1846 3840 nec

485 3878 639 3942 volumus
655 3877 745 3961 quod
761 3877 1065 3943 excommunicatio
1080 3878 1140 3942 tibi
1157 3878 1263 3963 possit
1279 3878 1365 3943 obici
1384 3878 1426 3945 ad
1442 3878 1544 3942 finem
1560 3876 1721 3963 perdendi
1748 3881 1846 3945 bene·

485 3979 560 4044 licia
575 3988 642 4061 tua,
670 3980 729 4045 sed
745 3980 845 4045 facias
860 3988 895 4045 te
910 3979 1048 4060 absolvi,
1076 3988 1112 4045 et
1127 4002 1167 4045 ea
1182 3980 1243 4045 tibi
1260 3980 1460 4047 conserimus
1476 3991 1511 4046 et
1533 3980 1781 4049 confirmamus.
1808 3979 1846 4046 R.

529 4083 606 4147 Dat.
619 4083 718 4149 Avin.
737 4105 753 4169 5
771 4104 850 4150 non.
868 4092 934 4150 oct.
951 4092 983 4150 a⁰
1003 4091 1043 4147 1⁰.
1060 4082 1103 4164 (I,
1123 4104 1139 4147 2
1144 4104 1184 4168 34
1196 4091 1238 4166 ἢ).

537 4234 646 4315 227.
1519 4269 1614 4335 1342,
1630 4275 1649 4335 4
1667 4254 1805 4318 octobre.

530 4352 630 4437 Supp.
658 4351 830 4436 [Fortius]‚
858 4354 959 4439 episc.
984 4373 1042 4417 seu
1078 4353 1230 4418 minister
1261 4363 1371 4419 vestre
1404 4356 1485 4420 eccl.
1517 4353 1690 4422 Pictaven.
1713 4366 1734 4438 ²,
1758 4363 1846 4442 quat.

485 4476 562 4521 cunr
579 4456 697 4535 eidem,
715 4456 748 4519 in
764 4477 943 4540 personam
959 4458 1196 4543 consanguinei
1224 4459 1272 4523 sui
1299 4479 1386 4544 mag.
1415 4458 1607 4545 Raymundi
1634 4459 1676 4525 de
1704 4459 1845 4538 Bonet0,

487 4559 513 4625 Ι.
531 4558 575 4626 U.
592 4558 794 4645 professoris,
811 4581 857 4645 gr.
875 4561 1018 4627 feceritis
1034 4583 1123 4648 spec.
1139 4564 1182 4629 de
1198 4584 1270 4628 can.
1287 4572 1322 4628 et
1337 4567 1429 4649 preb.
1460 4565 1542 4629 eccl.
1568 4562 1606 4627 B.
1634 4561 1847 4648 Radegundis

487 4664 633 4730 Pictavis
648 4685 720 4729 vac.
736 4665 790 4728 vel
807 4675 929 4746 vacat,
948 4665 1051 4731 etiarn
1067 4667 1092 4732 si
1110 4688 1186 4732 cum
1202 4667 1365 4752 dignitate
1381 4691 1389 4747 3
1407 4676 1441 4732 et
1457 4668 1490 4732 in
1506 4667 1597 4733 dicta
1613 4667 1695 4733 eccl.
1711 4688 1780 4733 non
1805 4667 1847 4733 sit

485 4769 596 4851 aliqua
611 4768 755 4852 dignitas
771 4769 824 4832 vel
840 4779 1036 4854 personatus
1052 4770 1130 4854 quin
1146 4792 1206 4856 per
1216 4771 1417 4836 electionem
1433 4779 1596 4851 creentur,
1612 4771 1745 4856 placeat
1761 4771 1793 4837 S.
1809 4768 1847 4835 V.

486 4872 653 4951 mandare,
670 4872 759 4956 quod
774 4872 989 4957 provideatur
1003 4874 1112 4939 eidem
1129 4875 1162 4939 iu
1180 4875 1269 4941 dicta
1286 4877 1367 4942 eccl.
1384 4876 1425 4941 de
1441 4876 1529 4961 dign.
1547 4877 1600 4941 vel
1617 4896 1703 4961 pers.
1719 4883 1777 4941 aut
1793 4873 1847 4942 off.

517 5046 545 5105 a)
562 5046 618 5094 (lul.
630 5048 682 5106 qui.
739 5049 768 5108 b)
785 5048 841 5096 (lul.
854 5063 912 5096 cum
931 5050 992 5111 ipa.

521 5235 541 5280 l.
554 5232 636 5290 Vidnl,
649 5246 674 5281 n.
687 5232 741 5282 668.
753 5259 784 5266 -
796 5233 817 5280 2.
832 5234 893 5283 l'oir
905 5248 929 5284 n.
943 5234 996 5283 122.
