4650 6059
1008 800 1096 876 1845,
1118 802 1140 866 4
1160 803 1251 867 marsi
1751 802 1810 871 199

470 951 629 1038 dignemini
643 970 815 1019 reservare
829 975 838 1034 ;
855 950 1026 1021 ncn'obst.
1040 952 1133 1039 quod
1155 952 1247 1019 idem
1261 952 1492 1021 Theodoricus
1505 955 1660 1041 parroch.
1676 955 1758 1022 eccl.
1774 955 1809 1023 in

468 1056 548 1138 Stele,
559 1055 651 1124 dicte
666 1054 842 1125 C'clonien.
857 1057 956 1140 dioc,
969 1057 1121 1125 noscitur
1134 1054 1299 1126 obtinere.
1310 1095 1355 1110 -
1370 1057 1449 1125 Fiat
1464 1056 1505 1126 R.
1531 1060 1534 1066 ’

495 1160 571 1227 Dat.
587 1156 912 1248 ap.⁴Villamnovam
927 1184 947 1249 4
961 1181 1042 1230 non.
1057 1169 1155 1229 mart.
1171 1168 1207 1228 a⁰
1222 1168 1265 1248 3⁰.
1281 1161 1331 1249 (6,
1350 1163 1421 1250 ⁶3')

501 1298 735 1382 812·8l8.
859 1399 861 1403 ,
1255 1400 1257 1406 Α
1345 1305 1347 1307 ’
1512 1292 1765 1398 1345,4mar.i.

493 1417 580 1505 Sign.
597 1414 830 1503 Engelbertus,
845 1414 974 1482 electus
988 1411 1160 1497 Leodien.,
1175 1413 1373 1505 quodlicet
1395 1413 1525 1499 civitas,
1542 1415 1652 1503 opida,
1667 1416 1747 1482 ville
1773 1422 1810 1483 et

462 1530 566 1603 astra,
581 1540 717 1588 necnon
731 1518 887 1586 homines
901 1516 1025 1585 subditi
1045 1517 1195 1607 episcopi
1210 1517 1402 1586 eteocleeie
1417 1516 1578 1587 Leodien.
1602 1520 1688 1586 inter
1703 1540 1739 1586 se
1753 1519 1809 1585 vel

462 1645 524 1690 rum
538 1624 623 1707 aliis,
633 1622 763 1709 aliquas
774 1620 958 1710 pactiones,
966 1628 1078 1709 pacta,
1088 1618 1387 1703 confederationes,
1398 1618 1809 1709 alligationessubmissic-

462 1749 508 1795 nes
533 1728 591 1794 vel
625 1725 887 1813 conjurationes,
916 1743 1124 1811 quocunque
1155 1724 1294 1791 nomine
1331 1732 1539 1810 censeantur,
1564 1725 1635 1792 sine
1661 1724 1810 1812 ipsorum
1878 1787 1893 1812 ,ς

462 1831 597 1920 episcopi
619 1837 657 1898 et
681 1828 825 1897 ecclesie
848 1848 1015 1897 consensu
1048 1848 1089 1895 ac
1115 1827 1150 1894 in
1174 1828 1322 1915 ipsorum
1348 1827 1579 1915 prejudicium,
1605 1829 1714 1922 facere
1740 1849 1810 1896 non

463 1934 594 2002 lebeant
618 1953 732 2019 neque
745 1932 886 2020 possint,
896 1952 961 1999 nec
976 1931 1025 1998 eis
1034 1931 1104 1999 hoc
1111 1930 1223 1999 facere
1233 1932 1364 1999 licuerit
1374 1952 1439 2000 nec
1453 1932 1557 2000 liceat
1570 1953 1580 2015 ς
1594 1939 1710 1998 tamen
1719 1932 1811 2000 dicta

462 2039 576 2121 ivitas,
592 2045 629 2103 et
643 2036 805 2104 nonnulle
821 2034 1080 2102 communitates
1094 2042 1130 2101 et
1145 2035 1247 2124 opida
1266 2043 1301 2103 et
1316 2035 1383 2102 alia
1396 2035 1482 2118 loce,
1507 2038 1642 2103 necnon
1657 2036 1811 2103 homines

462 2140 630 2229 npndicti
651 2143 739 2208 tales
752 2140 927 2230 pactiones
940 2147 976 2206 et
995 2147 1105 2228 pacta,
1120 2140 1420 2223 confederationes,
1435 2140 1653 2227 alligationes,
1671 2140 1812 2208 submis-

462 2246 558 2313 iones
572 2253 610 2312 et
625 2244 875 2331 conjurationes
900 2243 1101 2331 quandoque
1123 2243 1234 2311 facere
1245 2252 1524 2334 presumpserunt
1538 2252 1573 2310 et
1587 2251 1813 2331 attemptave·
1841 2330 1845 2336 ι

462 2357 535 2431 mit,
550 2370 595 2416 ex
609 2348 995 2438 qmbusplurimamala,
1004 2347 1152 2434 dampna
1165 2355 1201 2415 et
1215 2347 1363 2436 pericula
1377 2346 1538 2437 episcopo
1560 2353 1596 2415 et
1611 2347 1752 2416 ecclesie
1772 2369 1814 2417 ac

462 2453 511 2518 :oti
524 2454 637 2539 patrie
652 2452 867 2539 episcopatus
881 2450 1042 2520 Leodien.
1065 2452 1289 2538 contigerunt,
1310 2451 1398 2519 sicut
1413 2450 1622 2541 experientia
1643 2451 1687 2518 de
1710 2451 1813 2539 opido

462 2555 616 2642 lloyensi,
632 2556 724 2624 dicte
739 2554 893 2636 diocesis,
908 2553 1023 2621 docuit
1036 2552 1103 2620 hiis
1116 2552 1244 2621 diebus.
1257 2549 1360 2621 Unde
1372 2553 1463 2620 idem
1477 2551 1614 2637 electus,
1629 2553 1755 2621 timens
1768 2573 1812 2620 ne

463 2682 484 2725 n
499 2661 649 2727 iutmnm
663 2659 745 2725 talia
759 2678 820 2747 per
835 2657 1020 2748 civitatem,
1034 2656 1259 2744 cpida,'villas
1273 2665 1309 2724 et
1320 2665 1442 2740 castra,
1457 2677 1592 2725 necnon
1607 2659 1762 2726 homines
1778 2666 1814 2725 et

462 2764 601 2831 subditos
615 2783 695 2830 suos
708 2770 745 2829 et
758 2761 901 2830 ecclesie
925 2759 1170 2848 presumantur,
1195 2781 1291 2848 supp.
1318 2760 1359 2829 E.
1374 2760 1407 2828 S.
1424 2758 1464 2830 V.
1480 2762 1650 2849 predictus
1675 2763 1813 2848 electus,

462 2869 588 2935 nomine
601 2887 664 2935 suo
678 2874 715 2933 et
729 2865 820 2934 dicte
836 2885 896 2933 sue
910 2865 1062 2947 ecclesie,
1072 2872 1163 2952 quat.
1173 2863 1356 2951 dignemini
1372 2864 1435 2932 nbi
1450 2883 1549 2954 super
1560 2864 1626 2933 hoc
1636 2865 1814 2958 providere

462 2971 494 3035 ie
503 2970 653 3039 remedio
661 2978 869 3060 opportuno;
881 2968 1094 3036 decernendo
1103 2988 1236 3035 exnunc
1245 2973 1461 3056 quascunque
1469 2968 1647 3058 pactiones
1658 2976 1694 3037 et
1702 2978 1815 3057 pacta,

462 3075 671 3160 alligationes,
693 3072 994 3153 confederationes,
1015 3069 1252 3138 submissiones
1273 3081 1309 3139 et
1329 3064 1587 3159 conjurationes,
1613 3094 1817 3159 quocunque
1921 3129 1923 3131 .

462 3180 588 3244 nomine
603 3187 812 3259 censeantur,
826 3178 931 3244 factas
940 3198 1000 3263 per
1009 3197 1226 3261 quoscunque
1241 3177 1283 3242 de
1299 3177 1438 3243 subditis
1450 3178 1598 3265 episcopi
1622 3187 1657 3244 et
1673 3179 1816 3245 ecclesie

463 3279 622 3361 leodien,
638 3282 692 3346 vel
707 3280 879 3346 faciendas
894 3281 929 3346 in
945 3282 1099 3357 futurum,
1115 3281 1186 3347 sine
1203 3282 1351 3367 ipsorum
1377 3302 1552 3364 consensu,
1569 3283 1640 3348 sive
1655 3304 1712 3349 eas
1727 3283 1817 3349 fece-

463 3386 517 3451 rint
531 3397 588 3453 aut
604 3387 730 3453 faciant
745 3386 807 3472 ipsi
823 3385 945 3452 subditi
962 3387 1049 3451 inter
1064 3406 1101 3452 se
1121 3395 1179 3451 aut
1195 3406 1272 3452 cum
1288 3385 1464 3466 extraneis,
1477 3384 1548 3452 fore
1564 3393 1598 3451 et
1614 3407 1686 3452 esse
1695 3389 1816 3468 nullas,

464 3489 557 3557 irritas
583 3500 619 3556 et
645 3490 772 3570 inanes,
788 3510 828 3555 ac
844 3490 967 3555 nullius
988 3490 1123 3575 penitus
1142 3511 1215 3555 esse
1230 3490 1368 3571 roboris,
1385 3489 1552 3555 firmitatis
1566 3491 1621 3554 vel
1637 3492 1815 3573 momenti,

464 3593 580 3659 etiamsi
611 3593 721 3659 forent
745 3593 937 3678 juramento
963 3593 1099 3673 vallata,
1138 3613 1202 3657 nec
1233 3613 1290 3659 eas
1313 3602 1429 3658 tenere
1456 3603 1514 3659 aut
1540 3596 1651 3659 valere
1679 3616 1815 3680 quoquo

465 3698 551 3763 inodo
570 3720 579 3777 ;
606 3696 675 3784 [et]
693 3704 890 3762 executores
906 3717 1005 3783 super
1018 3696 1086 3763 hoc
1102 3697 1287 3763 concedere
1296 3717 1375 3763 cum
1389 3704 1561 3784 potestate
1576 3699 1812 3784 compescendi

464 3818 589 3867 censura
604 3800 833 3867 ecclesiastica
856 3800 1119 3867 contradictores
1134 3807 1170 3865 et
1184 3802 1325 3866 rebelles
1341 3808 1377 3866 et
1391 3801 1449 3866 illa
1464 3801 1565 3865 etiam
1582 3804 1799 3869 observantes
1804 3826 1812 3883 ;

463 3913 508 3969 aut
522 3904 800 3971 constitutionem
816 3905 975 3989 penalem
997 3904 1096 3970 edere
1121 3904 1154 3969 in
1182 3904 1333 3970 favorem
1357 3904 1460 3990 ipsius
1487 3903 1647 3971 Leodien.
1673 3905 1814 3970 ecclesie

463 4019 568 4073 contra
584 4009 656 4093 ejus
671 4007 822 4074 subditos
837 4008 917 4073 talia
931 4010 986 4074 vel
1003 4009 1123 4074 similia
1146 4009 1365 4094 imposterum
1390 4016 1632 4095 presumentes.
1647 4048 1691 4059 —-
1715 4009 1814 4075 Fiant

462 4108 486 4172 in
500 4111 699 4176 cancellaria
713 4111 825 4176 littere
841 4111 884 4176 de
906 4112 977 4197 jam
993 4111 1091 4177 factis
1115 4120 1173 4177 aut
1200 4111 1318 4177 fiendis
1343 4120 1462 4178 contra
1485 4112 1673 4193 ecclesiam,
1699 4114 1814 4197 quales

462 4212 578 4290 iustitia
593 4214 744 4300 patietur
761 4214 801 4280 R.
817 4225 837 4280 ¹.

494 4358 573 4419 813.
596 4349 686 4416 Item
706 4372 801 4437 supp.
823 4350 912 4417 idem
939 4353 1076 4432 electus,
1099 4359 1190 4436 quat.
1207 4373 1293 4432 cum,
1310 4352 1395 4418 sicut
1411 4352 1443 4418 S.
1459 4351 1499 4418 V.
1516 4354 1621 4434 novit,
1638 4355 1762 4420 auxilio
1778 4366 1814 4423 et
1893 4382 1896 4386 ·

462 4453 639 4519 assistentia
654 4455 828 4535 baronum,
845 4454 1007 4520 nobilium
1034 4463 1069 4519 et
1095 4454 1234 4520 aliamm
1253 4475 1481 4540 personarum,
1498 4465 1569 4522 tam
1585 4479 1645 4543 pro
1661 4459 1727 4525 suis
1742 4466 1755 4493 ³
1778 4468 1814 4525 et

462 4558 590 4623 ecclesie
605 4578 664 4622 sue
676 4557 812 4641 juribus,
829 4579 932 4642 quam
947 4578 1008 4644 pro
1024 4559 1151 4623 honore
1168 4558 1199 4623 S.
1211 4558 1310 4624 Rom.
1328 4558 1420 4624 Eccl.
1437 4560 1471 4624 in
1487 4561 1636 4646 partibus
1650 4564 1812 4628 Alaman-

462 4662 504 4725 nie
528 4661 767 4728 conservandis
791 4671 826 4726 et
849 4660 1076 4743 defendendis,
1099 4661 1247 4747 indigere
1270 4671 1448 4742 noscatur;
1465 4672 1500 4728 et
1515 4666 1558 4729 ob
1574 4665 1640 4731 hoc
1656 4674 1813 4751 oporteat

462 4764 540 4845 quod
566 4764 647 4849 ipse,
674 4765 754 4850 ipsis
776 4772 811 4829 et
835 4785 952 4830 eorum
976 4765 1061 4845 filiis,
1082 4765 1261 4850 nepotibus
1284 4773 1318 4829 et
1341 4767 1595 4852 consanguineis
1619 4769 1748 4835 clericis
1774 4790 1810 4835 se

463 4869 609 4934 exhibeat
634 4869 840 4953 gratiosum;
865 4868 926 4933 sibi
953 4868 987 4931 in
1014 4889 1072 4933 sua
1099 4868 1282 4933 cathedrali
1305 4870 1457 4950 ecclesia,
1480 4878 1516 4935 et
1538 4871 1611 4936 aliis
1627 4873 1813 4957 collegiatis

491 5055 517 5114 a)
530 5055 650 5107 (laeua

498 5230 517 5274 1.
528 5229 563 5279 or.
574 5231 703 5292 normann
720 5230 826 5290 canet,
846 5231 889 5290 nr,
904 5232 985 5280 ari-³1.
