<?xml version="1.0" encoding="UTF-8"?>
<!DOCTYPE html PUBLIC "-//W3C//DTD XHTML 1.0 Transitional//EN"
    "http://www.w3.org/TR/xhtml1/DTD/xhtml1-transitional.dtd">
<html xmlns="http://www.w3.org/1999/xhtml" xml:lang="en" lang="en">
 <head>
  <title>
</title>
<meta http-equiv="Content-Type" content="text/html;charset=utf-8" />
  <meta name='ocr-system' content='tesseract 3.04.00' />
  <meta name='ocr-capabilities' content='ocr_page ocr_carea ocr_par ocr_line ocrx_word'/>
</head>
<body>
  <div class='ocr_page' id='page_1' title='image "./suppliquesdeclm00goog_0543.png"; bbox 0 0 4650 6059; ppageno 0'>
   <div class='ocr_carea' id='block_1_1' title="bbox 478 778 1508 861">
    <p class='ocr_par' dir='ltr' id='par_1_1' title="bbox 478 778 1508 861">
     <span class='ocr_line' id='line_1_1' title="bbox 478 778 1508 861; baseline -0.002 -18"><span class='ocrx_word' id='word_1_1' title='bbox 478 779 541 843; x_wconf 78' lang='lat'>486</span> <span class='ocrx_word' id='word_1_2' title='bbox 810 779 896 853; x_wconf 77' lang='lat'>1849,</span> <span class='ocrx_word' id='word_1_3' title='bbox 919 779 959 843; x_wconf 85' lang='lat'>28</span> <span class='ocrx_word' id='word_1_4' title='bbox 981 778 1133 844; x_wconf 71' lang='lat' dir='ltr'>decembre</span> <span class='ocrx_word' id='word_1_5' title='bbox 1155 815 1194 823; x_wconf 91' lang='lat'>-</span> <span class='ocrx_word' id='word_1_6' title='bbox 1217 780 1303 853; x_wconf 77' lang='lat'>1350,</span> <span class='ocrx_word' id='word_1_7' title='bbox 1327 780 1362 845; x_wconf 84' lang='lat'>12</span> <span class='ocrx_word' id='word_1_8' title='bbox 1380 780 1508 861; x_wconf 75' lang='lat' dir='ltr'>Janvier.</span> 
     </span>
    </p>
   </div>
   <div class='ocr_carea' id='block_1_2' title="bbox 480 925 1834 1221">
    <p class='ocr_par' dir='ltr' id='par_1_2' title="bbox 480 925 1834 1221">
     <span class='ocr_line' id='line_1_2' title="bbox 480 925 1834 1016; baseline 0.001 -24"><span class='ocrx_word' id='word_1_9' title='bbox 480 928 565 1011; x_wconf 89' lang='lat' dir='ltr'>regis</span> <span class='ocrx_word' id='word_1_10' title='bbox 590 925 729 993; x_wconf 89' lang='lat' dir='ltr'>Francie</span> <span class='ocrx_word' id='word_1_11' title='bbox 745 936 780 993; x_wconf 91' lang='lat' dir='ltr'>et</span> <span class='ocrx_word' id='word_1_12' title='bbox 794 927 887 994; x_wconf 91' lang='lat' dir='ltr'>ducis</span> <span class='ocrx_word' id='word_1_13' title='bbox 903 927 1124 1009; x_wconf 84' lang='lat' dir='ltr'>Norrnannie,</span> <span class='ocrx_word' id='word_1_14' title='bbox 1149 949 1226 993; x_wconf 90' lang='lat' dir='ltr'>cum</span> <span class='ocrx_word' id='word_1_15' title='bbox 1252 930 1448 995; x_wconf 90' lang='lat' dir='ltr'>vacaverint</span> <span class='ocrx_word' id='word_1_16' title='bbox 1470 949 1530 1016; x_wconf 94' lang='lat' dir='ltr'>per</span> <span class='ocrx_word' id='word_1_17' title='bbox 1553 931 1834 997; x_wconf 85' lang='lat' dir='ltr'>consecrationem</span> 
     </span>
     <span class='ocr_line' id='line_1_3' title="bbox 482 1030 1219 1118; baseline 0.004 -23"><span class='ocrx_word' id='word_1_18' title='bbox 482 1030 562 1096; x_wconf 90' lang='lat' dir='ltr'>dicti</span> <span class='ocrx_word' id='word_1_19' title='bbox 579 1031 712 1097; x_wconf 89' lang='lat' dir='ltr'>electi...</span> <span class='ocrx_word' id='word_1_20' title='bbox 726 1071 770 1080; x_wconf 96' lang='lat'><strong>—</strong></span> <span class='ocrx_word' id='word_1_21' title='bbox 786 1030 864 1097; x_wconf 90' lang='lat' dir='ltr'>Fiat</span> <span class='ocrx_word' id='word_1_22' title='bbox 885 1040 982 1098; x_wconf 91' lang='lat' dir='ltr'>motu</span> <span class='ocrx_word' id='word_1_23' title='bbox 1003 1032 1138 1118; x_wconf 90' lang='lat' dir='ltr'>proprio</span> <span class='ocrx_word' id='word_1_24' title='bbox 1155 1031 1219 1098; x_wconf 90' lang='lat' dir='ltr'><strong>R...</strong></span> 
     </span>
     <span class='ocr_line' id='line_1_4' title="bbox 526 1134 1282 1221; baseline 0.004 -23"><span class='ocrx_word' id='word_1_25' title='bbox 526 1134 606 1200; x_wconf 93' lang='lat' dir='ltr'>Dat.</span> <span class='ocrx_word' id='word_1_26' title='bbox 618 1135 719 1200; x_wconf 83' lang='lat' dir='ltr'>Avin.</span> <span class='ocrx_word' id='word_1_27' title='bbox 735 1154 754 1219; x_wconf 93' lang='lat'><em>7</em></span> <span class='ocrx_word' id='word_1_28' title='bbox 770 1135 836 1201; x_wconf 87' lang='lat' dir='ltr'>kal.</span> <span class='ocrx_word' id='word_1_29' title='bbox 849 1136 977 1221; x_wconf 87' lang='lat' dir='ltr'>januar.</span> <span class='ocrx_word' id='word_1_30' title='bbox 992 1145 1026 1201; x_wconf 85' lang='lat' dir='ltr'>a⁰</span> <span class='ocrx_word' id='word_1_31' title='bbox 1042 1139 1085 1202; x_wconf 90' lang='lat'>8⁰.</span> <span class='ocrx_word' id='word_1_32' title='bbox 1103 1138 1175 1220; x_wconf 89' lang='lat'>(18,</span> <span class='ocrx_word' id='word_1_33' title='bbox 1195 1138 1282 1221; x_wconf 85' lang='lat'><strong>115).</strong></span> 
     </span>
    </p>
   </div>
   <div class='ocr_carea' id='block_1_3' title="bbox 482 1298 1874 1812">
    <p class='ocr_par' dir='ltr' id='par_1_3' title="bbox 489 1298 1874 1503">
     <span class='ocr_line' id='line_1_5' title="bbox 489 1298 1874 1400; baseline 0.004 -25"><span class='ocrx_word' id='word_1_34' title='bbox 489 1373 491 1375; x_wconf 82' lang='grc'><strong>,</strong></span> <span class='ocrx_word' id='word_1_35' title='bbox 534 1298 677 1383; x_wconf 89' lang='grc'>1865.</span> <span class='ocrx_word' id='word_1_36' title='bbox 1449 1335 1545 1400; x_wconf 76' lang='lat'>1549,</span> <span class='ocrx_word' id='word_1_37' title='bbox 1563 1316 1606 1379; x_wconf 87' lang='lat'>28</span> <span class='ocrx_word' id='word_1_38' title='bbox 1620 1317 1799 1381; x_wconf 74' lang='lat' dir='ltr'>decembre.</span> <span class='ocrx_word' id='word_1_39' title='bbox 1872 1330 1874 1342; x_wconf 90' lang='grc'><strong><em>·</em></strong></span> 
     </span>
     <span class='ocr_line' id='line_1_6' title="bbox 526 1415 1829 1503; baseline 0.002 -24"><span class='ocrx_word' id='word_1_40' title='bbox 526 1415 648 1501; x_wconf 88' lang='lat' dir='ltr'><strong>Supp...</strong></span> <span class='ocrx_word' id='word_1_41' title='bbox 664 1415 883 1502; x_wconf 87' lang='lat' dir='ltr'>[Philippus],</span> <span class='ocrx_word' id='word_1_42' title='bbox 900 1416 1076 1503; x_wconf 91' lang='lat' dir='ltr'>episcopus</span> <span class='ocrx_word' id='word_1_43' title='bbox 1092 1416 1309 1497; x_wconf 70' lang='lat' dir='ltr'>Cavallicen„</span> <span class='ocrx_word' id='word_1_44' title='bbox 1325 1427 1416 1501; x_wconf 88' lang='lat' dir='ltr'>quat.</span> <span class='ocrx_word' id='word_1_45' title='bbox 1432 1416 1601 1501; x_wconf 86' lang='lat' dir='ltr'>[familiari</span> <span class='ocrx_word' id='word_1_46' title='bbox 1618 1439 1681 1485; x_wconf 90' lang='lat' dir='ltr'>suo</span> <span class='ocrx_word' id='word_1_47' title='bbox 1697 1418 1718 1496; x_wconf 94' lang='lat' dir='ltr'>J</span> <span class='ocrx_word' id='word_1_48' title='bbox 1722 1418 1829 1484; x_wconf 89' lang='lat' dir='ltr'>ohanni</span> 
     </span>
    </p>

    <p class='ocr_par' dir='ltr' id='par_1_4' title="bbox 484 1516 1830 1605">
     <span class='ocr_line' id='line_1_7' title="bbox 484 1516 1830 1605; baseline 0.002 -23"><span class='ocrx_word' id='word_1_49' title='bbox 484 1516 639 1603; x_wconf 89' lang='lat' dir='ltr'>Mignoti,</span> <span class='ocrx_word' id='word_1_50' title='bbox 655 1518 794 1605; x_wconf 91' lang='lat' dir='ltr'>clerico]</span> <span class='ocrx_word' id='word_1_51' title='bbox 822 1519 1039 1585; x_wconf 87' lang='lat' dir='ltr'>Cameracen.</span> <span class='ocrx_word' id='word_1_52' title='bbox 1063 1520 1161 1600; x_wconf 76' lang='lat' dir='ltr'>dioc,</span> <span class='ocrx_word' id='word_1_53' title='bbox 1177 1519 1220 1585; x_wconf 94' lang='lat' dir='ltr'>de</span> <span class='ocrx_word' id='word_1_54' title='bbox 1236 1521 1347 1605; x_wconf 90' lang='lat' dir='ltr'>aliquo</span> <span class='ocrx_word' id='word_1_55' title='bbox 1356 1522 1525 1588; x_wconf 90' lang='lat' dir='ltr'>ben.eccl.</span> <span class='ocrx_word' id='word_1_56' title='bbox 1536 1542 1565 1587; x_wconf 93' lang='lat' dir='ltr'>c.</span> <span class='ocrx_word' id='word_1_57' title='bbox 1583 1542 1613 1588; x_wconf 93' lang='lat' dir='ltr'>c.</span> <span class='ocrx_word' id='word_1_58' title='bbox 1630 1522 1687 1586; x_wconf 92' lang='lat' dir='ltr'>vel</span> <span class='ocrx_word' id='word_1_59' title='bbox 1711 1542 1738 1587; x_wconf 90' lang='lat' dir='ltr'>s.</span> <span class='ocrx_word' id='word_1_60' title='bbox 1753 1543 1780 1588; x_wconf 91' lang='lat' dir='ltr'>c.</span> <span class='ocrx_word' id='word_1_61' title='bbox 1797 1520 1830 1585; x_wconf 88' lang='lat' dir='ltr'>ad</span> 
     </span>
    </p>

    <p class='ocr_par' dir='ltr' id='par_1_5' title="bbox 482 1622 1828 1812">
     <span class='ocr_line' id='line_1_8' title="bbox 482 1622 1828 1708; baseline 0.001 -21"><span class='ocrx_word' id='word_1_62' title='bbox 482 1622 557 1687; x_wconf 93' lang='lat' dir='ltr'>coll.</span> <span class='ocrx_word' id='word_1_63' title='bbox 570 1623 762 1688; x_wconf 90' lang='lat' dir='ltr'>monasterii</span> <span class='ocrx_word' id='word_1_64' title='bbox 779 1623 811 1689; x_wconf 83' lang='lat' dir='ltr'><strong>S.</strong></span> <span class='ocrx_word' id='word_1_65' title='bbox 827 1623 982 1708; x_wconf 88' lang='lat' dir='ltr'>Dyonisii</span> <span class='ocrx_word' id='word_1_66' title='bbox 999 1622 1041 1688; x_wconf 91' lang='lat' dir='ltr'>de</span> <span class='ocrx_word' id='word_1_67' title='bbox 1057 1622 1250 1706; x_wconf 89' lang='lat' dir='ltr'>Brochoria,</span> <span class='ocrx_word' id='word_1_68' title='bbox 1267 1624 1308 1689; x_wconf 91' lang='lat' dir='ltr'><strong>O.</strong></span> <span class='ocrx_word' id='word_1_69' title='bbox 1325 1623 1357 1689; x_wconf 83' lang='lat' dir='ltr'><strong>S.</strong></span> <span class='ocrx_word' id='word_1_70' title='bbox 1374 1622 1426 1705; x_wconf 82' lang='lat' dir='ltr'>B,</span> <span class='ocrx_word' id='word_1_71' title='bbox 1439 1624 1530 1690; x_wconf 89' lang='lat' dir='ltr'>dicte</span> <span class='ocrx_word' id='word_1_72' title='bbox 1545 1624 1632 1690; x_wconf 91' lang='lat' dir='ltr'>dioc.</span> <span class='ocrx_word' id='word_1_73' title='bbox 1654 1662 1686 1673; x_wconf 98' lang='lat'>-</span> <span class='ocrx_word' id='word_1_74' title='bbox 1711 1623 1828 1691; x_wconf 79' lang='lat' dir='ltr'>FiatR</span> 
     </span>
     <span class='ocr_line' id='line_1_9' title="bbox 526 1726 1285 1812; baseline 0.007 -23"><span class='ocrx_word' id='word_1_75' title='bbox 526 1727 604 1791; x_wconf 87' lang='lat' dir='ltr'>Dat.</span> <span class='ocrx_word' id='word_1_76' title='bbox 619 1727 719 1792; x_wconf 89' lang='lat' dir='ltr'>Avin.</span> <span class='ocrx_word' id='word_1_77' title='bbox 737 1747 754 1811; x_wconf 87' lang='lat'><strong>5</strong></span> <span class='ocrx_word' id='word_1_78' title='bbox 771 1726 837 1792; x_wconf 89' lang='lat' dir='ltr'>kal.</span> <span class='ocrx_word' id='word_1_79' title='bbox 850 1727 979 1812; x_wconf 89' lang='lat' dir='ltr'>januar.</span> <span class='ocrx_word' id='word_1_80' title='bbox 994 1734 1027 1791; x_wconf 89' lang='lat' dir='ltr'>a⁰</span> <span class='ocrx_word' id='word_1_81' title='bbox 1043 1729 1086 1793; x_wconf 92' lang='lat'>8⁰.</span> <span class='ocrx_word' id='word_1_82' title='bbox 1104 1728 1175 1811; x_wconf 87' lang='lat'>(18,</span> <span class='ocrx_word' id='word_1_83' title='bbox 1197 1728 1285 1812; x_wconf 86' lang='lat'><strong>118).</strong></span> 
     </span>
    </p>
   </div>
   <div class='ocr_carea' id='block_1_4' title="bbox 480 1888 1830 3023">
    <p class='ocr_par' dir='ltr' id='par_1_6' title="bbox 534 1888 1794 1987">
     <span class='ocr_line' id='line_1_10' title="bbox 534 1888 1794 1987; baseline 0.001 -21"><span class='ocrx_word' id='word_1_84' title='bbox 534 1888 677 1970; x_wconf 87' lang='grc'>1866.</span> <span class='ocrx_word' id='word_1_85' title='bbox 1510 1924 1528 1968; x_wconf 83' lang='lat' dir='ltr'><em>J</em></span> <span class='ocrx_word' id='word_1_86' title='bbox 1528 1922 1606 1987; x_wconf 78' lang='grc'><em>350,</em></span> <span class='ocrx_word' id='word_1_87' title='bbox 1620 1922 1642 1987; x_wconf 93' lang='grc'><em>3</em></span> <span class='ocrx_word' id='word_1_88' title='bbox 1653 1901 1794 1985; x_wconf 72' lang='lat' dir='ltr'>janmer.</span> 
     </span>
    </p>

    <p class='ocr_par' dir='ltr' id='par_1_7' title="bbox 480 2004 1830 2920">
     <span class='ocr_line' id='line_1_11' title="bbox 525 2004 1829 2093; baseline 0 -23"><span class='ocrx_word' id='word_1_89' title='bbox 525 2006 625 2092; x_wconf 87' lang='lat' dir='ltr'>Supp.</span> <span class='ocrx_word' id='word_1_90' title='bbox 653 2005 860 2086; x_wconf 90' lang='lat' dir='ltr'>Guillelmus,</span> <span class='ocrx_word' id='word_1_91' title='bbox 885 2004 1154 2093; x_wconf 87' lang='lat' dir='ltr'>archiepiscopus</span> <span class='ocrx_word' id='word_1_92' title='bbox 1180 2006 1379 2087; x_wconf 76' lang='lat' dir='ltr'>AuxitanuS,</span> <span class='ocrx_word' id='word_1_93' title='bbox 1406 2015 1443 2071; x_wconf 95' lang='lat' dir='ltr'>ut</span> <span class='ocrx_word' id='word_1_94' title='bbox 1470 2027 1547 2073; x_wconf 92' lang='lat' dir='ltr'>cum</span> <span class='ocrx_word' id='word_1_95' title='bbox 1575 2005 1616 2072; x_wconf 89' lang='lat' dir='ltr'><strong>E.</strong></span> <span class='ocrx_word' id='word_1_96' title='bbox 1632 2005 1664 2072; x_wconf 89' lang='lat' dir='ltr'>S.</span> <span class='ocrx_word' id='word_1_97' title='bbox 1682 2006 1729 2072; x_wconf 92' lang='lat' dir='ltr'>ad</span> <span class='ocrx_word' id='word_1_98' title='bbox 1743 2004 1829 2093; x_wconf 86' lang='lat' dir='ltr'>ipsius</span> 
     </span>
     <span class='ocr_line' id='line_1_12' title="bbox 481 2107 1829 2195; baseline -0.001 -21"><span class='ocrx_word' id='word_1_99' title='bbox 481 2109 758 2195; x_wconf 89' lang='lat' dir='ltr'>supplicationem</span> <span class='ocrx_word' id='word_1_100' title='bbox 774 2107 908 2173; x_wconf 79' lang='lat' dir='ltr'>Andree</span> <span class='ocrx_word' id='word_1_101' title='bbox 924 2108 1087 2189; x_wconf 88' lang='lat' dir='ltr'>Cantoris,</span> <span class='ocrx_word' id='word_1_102' title='bbox 1104 2110 1231 2192; x_wconf 86' lang='lat' dir='ltr'>(electo</span> <span class='ocrx_word' id='word_1_103' title='bbox 1247 2110 1422 2176; x_wconf 91' lang='lat' dir='ltr'>Pistorien.</span> <span class='ocrx_word' id='word_1_104' title='bbox 1436 2112 1474 2195; x_wconf 84' lang='lat'>¹),</span> <span class='ocrx_word' id='word_1_105' title='bbox 1489 2110 1532 2176; x_wconf 94' lang='lat' dir='ltr'>de</span> <span class='ocrx_word' id='word_1_106' title='bbox 1548 2130 1622 2176; x_wconf 88' lang='lat' dir='ltr'>can.</span> <span class='ocrx_word' id='word_1_107' title='bbox 1638 2112 1724 2177; x_wconf 87' lang='lat' dir='ltr'>eccl.</span> <span class='ocrx_word' id='word_1_108' title='bbox 1741 2108 1829 2175; x_wconf 91' lang='lat' dir='ltr'>Mori·</span> 
     </span>
     <span class='ocr_line' id='line_1_13' title="bbox 481 2211 1829 2299; baseline 0.001 -23"><span class='ocrx_word' id='word_1_109' title='bbox 481 2233 559 2277; x_wconf 90' lang='lat' dir='ltr'>nen.</span> <span class='ocrx_word' id='word_1_110' title='bbox 575 2215 635 2277; x_wconf 91' lang='lat' dir='ltr'>sub</span> <span class='ocrx_word' id='word_1_111' title='bbox 651 2233 726 2297; x_wconf 83' lang='lat' dir='ltr'>exp.</span> <span class='ocrx_word' id='word_1_112' title='bbox 752 2213 845 2297; x_wconf 90' lang='lat' dir='ltr'><strong>preb.</strong></span> <span class='ocrx_word' id='word_1_113' title='bbox 871 2211 1002 2277; x_wconf 84' lang='lat' dir='ltr'>duxerit</span> <span class='ocrx_word' id='word_1_114' title='bbox 1028 2212 1275 2298; x_wconf 90' lang='lat' dir='ltr'>providendum</span> <span class='ocrx_word' id='word_1_115' title='bbox 1291 2222 1325 2277; x_wconf 92' lang='lat' dir='ltr'>et</span> <span class='ocrx_word' id='word_1_116' title='bbox 1341 2221 1411 2278; x_wconf 90' lang='lat' dir='ltr'>tam</span> <span class='ocrx_word' id='word_1_117' title='bbox 1438 2221 1574 2299; x_wconf 94' lang='lat' dir='ltr'>propter</span> <span class='ocrx_word' id='word_1_118' title='bbox 1589 2213 1829 2280; x_wconf 86' lang='lat' dir='ltr'>multitudinem</span> 
     </span>
     <span class='ocr_line' id='line_1_14' title="bbox 481 2314 1829 2403; baseline 0 -24"><span class='ocrx_word' id='word_1_119' title='bbox 481 2315 731 2401; x_wconf 87' lang='lat' dir='ltr'>expectantium</span> <span class='ocrx_word' id='word_1_120' title='bbox 748 2314 870 2380; x_wconf 87' lang='lat' dir='ltr'>ibidem</span> <span class='ocrx_word' id='word_1_121' title='bbox 885 2314 920 2379; x_wconf 93' lang='lat' dir='ltr'>in</span> <span class='ocrx_word' id='word_1_122' title='bbox 936 2314 1034 2380; x_wconf 90' lang='lat' dir='ltr'>simili</span> <span class='ocrx_word' id='word_1_123' title='bbox 1050 2315 1156 2380; x_wconf 86' lang='lat' dir='ltr'>forma</span> <span class='ocrx_word' id='word_1_124' title='bbox 1171 2324 1205 2380; x_wconf 94' lang='lat' dir='ltr'>et</span> <span class='ocrx_word' id='word_1_125' title='bbox 1222 2316 1255 2380; x_wconf 93' lang='lat' dir='ltr'>in</span> <span class='ocrx_word' id='word_1_126' title='bbox 1271 2316 1352 2381; x_wconf 90' lang='lat' dir='ltr'>data</span> <span class='ocrx_word' id='word_1_127' title='bbox 1367 2316 1476 2402; x_wconf 92' lang='lat' dir='ltr'>ipsum</span> <span class='ocrx_word' id='word_1_128' title='bbox 1497 2316 1722 2403; x_wconf 81' lang='lat' dir='ltr'>precedentes</span> <span class='ocrx_word' id='word_1_129' title='bbox 1743 2336 1829 2402; x_wconf 86' lang='lat' dir='ltr'>quarn</span> 
     </span>
     <span class='ocr_line' id='line_1_15' title="bbox 481 2418 1830 2506; baseline 0.001 -25"><span class='ocrx_word' id='word_1_130' title='bbox 481 2426 617 2504; x_wconf 89' lang='lat' dir='ltr'>propter</span> <span class='ocrx_word' id='word_1_131' title='bbox 632 2418 874 2483; x_wconf 89' lang='lat' dir='ltr'>reservationes</span> <span class='ocrx_word' id='word_1_132' title='bbox 889 2418 959 2483; x_wconf 90' lang='lat' dir='ltr'>sedi</span> <span class='ocrx_word' id='word_1_133' title='bbox 975 2418 1191 2504; x_wconf 88' lang='lat' dir='ltr'>apost.,dicta</span> <span class='ocrx_word' id='word_1_134' title='bbox 1206 2420 1313 2503; x_wconf 86' lang='lat' dir='ltr'>gratia</span> <span class='ocrx_word' id='word_1_135' title='bbox 1330 2418 1440 2484; x_wconf 92' lang='lat' dir='ltr'>eidem</span> <span class='ocrx_word' id='word_1_136' title='bbox 1455 2420 1590 2485; x_wconf 81' lang='lat' dir='ltr'>Andree</span> <span class='ocrx_word' id='word_1_137' title='bbox 1606 2420 1735 2488; x_wconf 86' lang='lat' dir='ltr'>inutilis</span> <span class='ocrx_word' id='word_1_138' title='bbox 1749 2441 1830 2506; x_wconf 89' lang='lat' dir='ltr'>repu-</span> 
     </span>
     <span class='ocr_line' id='line_1_16' title="bbox 481 2521 1829 2611; baseline 0.001 -24"><span class='ocrx_word' id='word_1_139' title='bbox 481 2530 581 2601; x_wconf 85' lang='lat' dir='ltr'>tatur,</span> <span class='ocrx_word' id='word_1_140' title='bbox 598 2530 689 2606; x_wconf 87' lang='lat' dir='ltr'>quat.</span> <span class='ocrx_word' id='word_1_141' title='bbox 705 2522 815 2587; x_wconf 90' lang='lat' dir='ltr'>eidem</span> <span class='ocrx_word' id='word_1_142' title='bbox 840 2522 973 2587; x_wconf 78' lang='lat' dir='ltr'>Andree</span> <span class='ocrx_word' id='word_1_143' title='bbox 998 2521 1184 2589; x_wconf 90' lang='lat' dir='ltr'>concedere</span> <span class='ocrx_word' id='word_1_144' title='bbox 1208 2523 1390 2607; x_wconf 87' lang='lat' dir='ltr'>dignemini</span> <span class='ocrx_word' id='word_1_145' title='bbox 1417 2523 1460 2589; x_wconf 92' lang='lat' dir='ltr'>de</span> <span class='ocrx_word' id='word_1_146' title='bbox 1476 2524 1583 2608; x_wconf 88' lang='lat' dir='ltr'>gratia</span> <span class='ocrx_word' id='word_1_147' title='bbox 1598 2525 1740 2611; x_wconf 89' lang='lat' dir='ltr'>speciali</span> <span class='ocrx_word' id='word_1_148' title='bbox 1754 2523 1829 2609; x_wconf 89' lang='lat' dir='ltr'>quod</span> 
     </span>
     <span class='ocr_line' id='line_1_17' title="bbox 480 2625 1829 2712; baseline -0.001 -21"><span class='ocrx_word' id='word_1_149' title='bbox 480 2626 550 2712; x_wconf 89' lang='lat' dir='ltr'>ipse</span> <span class='ocrx_word' id='word_1_150' title='bbox 566 2627 631 2691; x_wconf 91' lang='lat' dir='ltr'>hac</span> <span class='ocrx_word' id='word_1_151' title='bbox 647 2626 936 2712; x_wconf 87' lang='lat' dir='ltr'>viceprebendam</span> <span class='ocrx_word' id='word_1_152' title='bbox 961 2626 994 2690; x_wconf 93' lang='lat' dir='ltr'>in</span> <span class='ocrx_word' id='word_1_153' title='bbox 1021 2626 1112 2692; x_wconf 85' lang='lat' dir='ltr'>dicta</span> <span class='ocrx_word' id='word_1_154' title='bbox 1136 2627 1278 2692; x_wconf 90' lang='lat' dir='ltr'>ecclesia</span> <span class='ocrx_word' id='word_1_155' title='bbox 1304 2625 1472 2693; x_wconf 92' lang='lat' dir='ltr'>Morinen.</span> <span class='ocrx_word' id='word_1_156' title='bbox 1499 2647 1573 2693; x_wconf 86' lang='lat' dir='ltr'>vac.</span> <span class='ocrx_word' id='word_1_157' title='bbox 1589 2630 1646 2693; x_wconf 83' lang='lat' dir='ltr'>vel</span> <span class='ocrx_word' id='word_1_158' title='bbox 1672 2630 1768 2695; x_wconf 89' lang='lat' dir='ltr'>aliter</span> <span class='ocrx_word' id='word_1_159' title='bbox 1779 2626 1829 2693; x_wconf 87' lang='lat' dir='ltr'>sibi</span> 
     </span>
     <span class='ocr_line' id='line_1_18' title="bbox 480 2729 1829 2818; baseline -0.002 -22"><span class='ocrx_word' id='word_1_160' title='bbox 480 2730 522 2796; x_wconf 92' lang='lat' dir='ltr'>de</span> <span class='ocrx_word' id='word_1_161' title='bbox 549 2731 622 2815; x_wconf 87' lang='lat' dir='ltr'>jure</span> <span class='ocrx_word' id='word_1_162' title='bbox 652 2730 811 2810; x_wconf 85' lang='lat' dir='ltr'>debitam,</span> <span class='ocrx_word' id='word_1_163' title='bbox 835 2751 904 2796; x_wconf 91' lang='lat' dir='ltr'>non</span> <span class='ocrx_word' id='word_1_164' title='bbox 934 2733 1019 2795; x_wconf 88' lang='lat' dir='ltr'>obst.</span> <span class='ocrx_word' id='word_1_165' title='bbox 1044 2731 1308 2815; x_wconf 91' lang='lat' dir='ltr'>quibuscumque</span> <span class='ocrx_word' id='word_1_166' title='bbox 1338 2730 1620 2796; x_wconf 88' lang='lat' dir='ltr'>reservationibus</span> <span class='ocrx_word' id='word_1_167' title='bbox 1649 2729 1829 2818; x_wconf 86' lang='lat' dir='ltr'>apostolicis</span> 
     </span>
     <span class='ocr_line' id='line_1_19' title="bbox 482 2833 1219 2920; baseline 0.001 -21"><span class='ocrx_word' id='word_1_168' title='bbox 482 2834 633 2919; x_wconf 90' lang='lat' dir='ltr'>accipere</span> <span class='ocrx_word' id='word_1_169' title='bbox 649 2842 684 2899; x_wconf 89' lang='lat' dir='ltr'>et</span> <span class='ocrx_word' id='word_1_170' title='bbox 702 2834 850 2920; x_wconf 88' lang='lat' dir='ltr'>recipere</span> <span class='ocrx_word' id='word_1_171' title='bbox 865 2835 988 2899; x_wconf 89' lang='lat' dir='ltr'>valeat.</span> <span class='ocrx_word' id='word_1_172' title='bbox 1003 2874 1046 2883; x_wconf 89' lang='lat'>—</span> <span class='ocrx_word' id='word_1_173' title='bbox 1062 2833 1140 2899; x_wconf 86' lang='lat' dir='ltr'>Fiat</span> <span class='ocrx_word' id='word_1_174' title='bbox 1157 2835 1219 2900; x_wconf 88' lang='lat' dir='ltr'><strong>R...</strong></span> 
     </span>
    </p>

    <p class='ocr_par' dir='ltr' id='par_1_8' title="bbox 525 2938 1292 3023">
     <span class='ocr_line' id='line_1_20' title="bbox 525 2938 1292 3023; baseline 0 -21"><span class='ocrx_word' id='word_1_175' title='bbox 525 2938 603 3003; x_wconf 90' lang='lat' dir='ltr'>Dat.</span> <span class='ocrx_word' id='word_1_176' title='bbox 618 2939 718 3003; x_wconf 89' lang='lat' dir='ltr'>Avin.</span> <span class='ocrx_word' id='word_1_177' title='bbox 736 2959 753 3022; x_wconf 89' lang='lat'>3</span> <span class='ocrx_word' id='word_1_178' title='bbox 771 2959 849 3004; x_wconf 92' lang='lat' dir='ltr'>non.</span> <span class='ocrx_word' id='word_1_179' title='bbox 862 2938 991 3023; x_wconf 86' lang='lat' dir='ltr'>januar.</span> <span class='ocrx_word' id='word_1_180' title='bbox 1007 2946 1040 3004; x_wconf 88' lang='lat' dir='ltr'>a⁰</span> <span class='ocrx_word' id='word_1_181' title='bbox 1056 2940 1100 3004; x_wconf 87' lang='lat'>8⁰.</span> <span class='ocrx_word' id='word_1_182' title='bbox 1116 2940 1188 3022; x_wconf 91' lang='lat'>(18,</span> <span class='ocrx_word' id='word_1_183' title='bbox 1206 2939 1292 3023; x_wconf 86' lang='lat'><strong>117).</strong></span> 
     </span>
    </p>
   </div>
   <div class='ocr_carea' id='block_1_5' title="bbox 481 3100 1833 3718">
    <p class='ocr_par' dir='ltr' id='par_1_9' title="bbox 535 3100 1794 3196">
     <span class='ocr_line' id='line_1_21' title="bbox 535 3100 1794 3196; baseline -0.003 -18"><span class='ocrx_word' id='word_1_184' title='bbox 535 3100 675 3182; x_wconf 91' lang='grc'>1867.</span> <span class='ocrx_word' id='word_1_185' title='bbox 1515 3130 1610 3195; x_wconf 79' lang='lat'>1350,</span> <span class='ocrx_word' id='word_1_186' title='bbox 1625 3132 1644 3196; x_wconf 86' lang='lat'>9</span> <span class='ocrx_word' id='word_1_187' title='bbox 1654 3111 1794 3193; x_wconf 79' lang='lat' dir='ltr'>janvier.</span> 
     </span>
    </p>

    <p class='ocr_par' dir='ltr' id='par_1_10' title="bbox 481 3211 1833 3718">
     <span class='ocr_line' id='line_1_22' title="bbox 525 3211 1828 3304; baseline -0.005 -23"><span class='ocrx_word' id='word_1_188' title='bbox 525 3219 626 3304; x_wconf 85' lang='lat' dir='ltr'>Supp.</span> <span class='ocrx_word' id='word_1_189' title='bbox 643 3218 708 3283; x_wconf 85' lang='lat' dir='ltr'>dux</span> <span class='ocrx_word' id='word_1_190' title='bbox 724 3217 1044 3300; x_wconf 82' lang='lat' dir='ltr'>Aurelianen.⁰quat.</span> <span class='ocrx_word' id='word_1_191' title='bbox 1058 3215 1147 3280; x_wconf 85' lang='lat' dir='ltr'>fratri</span> <span class='ocrx_word' id='word_1_192' title='bbox 1164 3214 1183 3292; x_wconf 90' lang='lat' dir='ltr'>J</span> <span class='ocrx_word' id='word_1_193' title='bbox 1187 3219 1294 3281; x_wconf 92' lang='lat' dir='ltr'>acobo</span> <span class='ocrx_word' id='word_1_194' title='bbox 1310 3214 1450 3299; x_wconf 88' lang='lat' dir='ltr'>Braque,</span> <span class='ocrx_word' id='word_1_195' title='bbox 1462 3215 1633 3281; x_wconf 87' lang='lat' dir='ltr'>monacho</span> <span class='ocrx_word' id='word_1_196' title='bbox 1649 3211 1828 3281; x_wconf 88' lang='lat' dir='ltr'>monasterii</span> 
     </span>
     <span class='ocr_line' id='line_1_23' title="bbox 483 3317 1830 3403; baseline -0.005 -18"><span class='ocrx_word' id='word_1_197' title='bbox 483 3322 512 3385; x_wconf 87' lang='lat' dir='ltr'><strong>S.</strong></span> <span class='ocrx_word' id='word_1_198' title='bbox 529 3319 655 3385; x_wconf 89' lang='lat' dir='ltr'>Bertini</span> <span class='ocrx_word' id='word_1_199' title='bbox 681 3321 722 3385; x_wconf 91' lang='lat' dir='ltr'>de</span> <span class='ocrx_word' id='word_1_200' title='bbox 750 3320 781 3385; x_wconf 78' lang='lat' dir='ltr'><strong>S.</strong></span> <span class='ocrx_word' id='word_1_201' title='bbox 808 3319 1012 3399; x_wconf 81' lang='lat' dir='ltr'>Audomaro,</span> <span class='ocrx_word' id='word_1_202' title='bbox 1040 3318 1082 3384; x_wconf 94' lang='lat' dir='ltr'><strong>O.</strong></span> <span class='ocrx_word' id='word_1_203' title='bbox 1099 3319 1130 3384; x_wconf 87' lang='lat' dir='ltr'>S.</span> <span class='ocrx_word' id='word_1_204' title='bbox 1148 3317 1197 3399; x_wconf 79' lang='lat' dir='ltr'>B,</span> <span class='ocrx_word' id='word_1_205' title='bbox 1216 3317 1382 3383; x_wconf 89' lang='lat' dir='ltr'>Morinen.</span> <span class='ocrx_word' id='word_1_206' title='bbox 1399 3319 1497 3397; x_wconf 83' lang='lat' dir='ltr'>dioc,</span> <span class='ocrx_word' id='word_1_207' title='bbox 1514 3319 1568 3403; x_wconf 92' lang='lat' dir='ltr'>qui</span> <span class='ocrx_word' id='word_1_208' title='bbox 1585 3318 1643 3383; x_wconf 90' lang='lat' dir='ltr'>diu</span> <span class='ocrx_word' id='word_1_209' title='bbox 1659 3328 1695 3384; x_wconf 87' lang='lat' dir='ltr'>et</span> <span class='ocrx_word' id='word_1_210' title='bbox 1721 3318 1830 3385; x_wconf 85' lang='lat' dir='ltr'>utiliter</span> 
     </span>
     <span class='ocr_line' id='line_1_24' title="bbox 484 3418 1831 3508; baseline -0.005 -19"><span class='ocrx_word' id='word_1_211' title='bbox 484 3424 625 3489; x_wconf 88' lang='lat' dir='ltr'>Parisius</span> <span class='ocrx_word' id='word_1_212' title='bbox 649 3424 784 3503; x_wconf 89' lang='lat' dir='ltr'>studuit,</span> <span class='ocrx_word' id='word_1_213' title='bbox 811 3423 853 3488; x_wconf 88' lang='lat' dir='ltr'>de</span> <span class='ocrx_word' id='word_1_214' title='bbox 879 3423 991 3507; x_wconf 86' lang='lat' dir='ltr'>aliquo</span> <span class='ocrx_word' id='word_1_215' title='bbox 1017 3425 1092 3487; x_wconf 88' lang='lat' dir='ltr'>ben.</span> <span class='ocrx_word' id='word_1_216' title='bbox 1117 3423 1198 3487; x_wconf 91' lang='lat' dir='ltr'>eccl.</span> <span class='ocrx_word' id='word_1_217' title='bbox 1226 3443 1254 3487; x_wconf 93' lang='lat' dir='ltr'>c.</span> <span class='ocrx_word' id='word_1_218' title='bbox 1283 3443 1310 3487; x_wconf 91' lang='lat' dir='ltr'>c.</span> <span class='ocrx_word' id='word_1_219' title='bbox 1327 3423 1380 3487; x_wconf 88' lang='lat' dir='ltr'>vel</span> <span class='ocrx_word' id='word_1_220' title='bbox 1405 3443 1429 3488; x_wconf 85' lang='lat' dir='ltr'><strong>S.</strong></span> <span class='ocrx_word' id='word_1_221' title='bbox 1454 3443 1493 3503; x_wconf 88' lang='lat' dir='ltr'>e.,</span> <span class='ocrx_word' id='word_1_222' title='bbox 1517 3422 1578 3486; x_wconf 89' lang='lat' dir='ltr'>etsi</span> <span class='ocrx_word' id='word_1_223' title='bbox 1595 3423 1770 3508; x_wconf 88' lang='lat' dir='ltr'>prioratus,</span> <span class='ocrx_word' id='word_1_224' title='bbox 1784 3418 1831 3486; x_wconf 87' lang='lat' dir='ltr'>off.</span> 
     </span>
     <span class='ocr_line' id='line_1_25' title="bbox 481 3526 1831 3613; baseline -0.001 -22"><span class='ocrx_word' id='word_1_225' title='bbox 481 3529 535 3591; x_wconf 91' lang='lat' dir='ltr'>vel</span> <span class='ocrx_word' id='word_1_226' title='bbox 552 3527 796 3592; x_wconf 86' lang='lat' dir='ltr'>administratio</span> <span class='ocrx_word' id='word_1_227' title='bbox 813 3527 945 3607; x_wconf 82' lang='lat' dir='ltr'>existat,</span> <span class='ocrx_word' id='word_1_228' title='bbox 962 3536 1126 3593; x_wconf 89' lang='lat' dir='ltr'>consueto</span> <span class='ocrx_word' id='word_1_229' title='bbox 1141 3548 1201 3612; x_wconf 90' lang='lat' dir='ltr'>per</span> <span class='ocrx_word' id='word_1_230' title='bbox 1217 3528 1403 3592; x_wconf 86' lang='lat' dir='ltr'>monachos</span> <span class='ocrx_word' id='word_1_231' title='bbox 1419 3526 1499 3592; x_wconf 89' lang='lat' dir='ltr'>dicti</span> <span class='ocrx_word' id='word_1_232' title='bbox 1516 3528 1713 3592; x_wconf 89' lang='lat' dir='ltr'>monasterii</span> <span class='ocrx_word' id='word_1_233' title='bbox 1728 3530 1831 3613; x_wconf 88' lang='lat' dir='ltr'>guber·</span> 
     </span>
     <span class='ocr_line' id='line_1_26' title="bbox 482 3630 1833 3718; baseline -0.004 -21"><span class='ocrx_word' id='word_1_234' title='bbox 482 3633 563 3712; x_wconf 89' lang='lat' dir='ltr'>nari,</span> <span class='ocrx_word' id='word_1_235' title='bbox 591 3632 683 3715; x_wconf 90' lang='lat' dir='ltr'>cujus</span> <span class='ocrx_word' id='word_1_236' title='bbox 711 3631 833 3696; x_wconf 85' lang='lat' dir='ltr'>fructus</span> <span class='ocrx_word' id='word_1_237' title='bbox 853 3652 912 3696; x_wconf 89' lang='lat'>100</span> <span class='ocrx_word' id='word_1_238' title='bbox 930 3633 1002 3697; x_wconf 87' lang='lat' dir='ltr'>libr.</span> <span class='ocrx_word' id='word_1_239' title='bbox 1018 3633 1168 3696; x_wconf 83' lang='lat' dir='ltr'>valorem</span> <span class='ocrx_word' id='word_1_240' title='bbox 1185 3652 1333 3695; x_wconf 88' lang='lat' dir='ltr'>annuum</span> <span class='ocrx_word' id='word_1_241' title='bbox 1359 3652 1429 3696; x_wconf 89' lang='lat' dir='ltr'>non</span> <span class='ocrx_word' id='word_1_242' title='bbox 1453 3630 1629 3711; x_wconf 85' lang='lat' dir='ltr'>excedant,</span> <span class='ocrx_word' id='word_1_243' title='bbox 1653 3632 1833 3718; x_wconf 87' lang='lat' dir='ltr'>specialiter</span> 
     </span>
    </p>
   </div>
   <div class='ocr_carea' id='block_1_6' title="bbox 483 3733 1832 4027">
    <p class='ocr_par' dir='ltr' id='par_1_11' title="bbox 483 3733 1832 4027">
     <span class='ocr_line' id='line_1_27' title="bbox 483 3733 1832 3823; baseline -0.003 -22"><span class='ocrx_word' id='word_1_244' title='bbox 483 3736 526 3801; x_wconf 91' lang='lat' dir='ltr'>ad</span> <span class='ocrx_word' id='word_1_245' title='bbox 542 3736 758 3800; x_wconf 88' lang='lat' dir='ltr'>collationem</span> <span class='ocrx_word' id='word_1_246' title='bbox 783 3736 911 3799; x_wconf 89' lang='lat' dir='ltr'>abbatis</span> <span class='ocrx_word' id='word_1_247' title='bbox 938 3744 972 3800; x_wconf 91' lang='lat' dir='ltr'>et</span> <span class='ocrx_word' id='word_1_248' title='bbox 995 3743 1183 3800; x_wconf 82' lang='lat' dir='ltr'>conventus</span> <span class='ocrx_word' id='word_1_249' title='bbox 1210 3735 1290 3800; x_wconf 90' lang='lat' dir='ltr'>dicti</span> <span class='ocrx_word' id='word_1_250' title='bbox 1307 3735 1511 3815; x_wconf 88' lang='lat' dir='ltr'>monasterii,</span> <span class='ocrx_word' id='word_1_251' title='bbox 1526 3733 1713 3818; x_wconf 85' lang='lat' dir='ltr'>dignemini</span> <span class='ocrx_word' id='word_1_252' title='bbox 1734 3734 1832 3823; x_wconf 70' lang='lat' dir='ltr'>prosi·</span> 
     </span>
     <span class='ocr_line' id='line_1_28' title="bbox 483 3837 824 3905; baseline 0.003 -1"><span class='ocrx_word' id='word_1_253' title='bbox 483 3839 571 3904; x_wconf 90' lang='lat' dir='ltr'>dere.</span> <span class='ocrx_word' id='word_1_254' title='bbox 594 3879 637 3888; x_wconf 93' lang='lat'>—</span> <span class='ocrx_word' id='word_1_255' title='bbox 662 3837 738 3903; x_wconf 93' lang='lat' dir='ltr'>Fiat</span> <span class='ocrx_word' id='word_1_256' title='bbox 763 3839 824 3905; x_wconf 89' lang='lat' dir='ltr'><strong>R...</strong></span> 
     </span>
     <span class='ocr_line' id='line_1_29' title="bbox 527 3942 1263 4027; baseline 0 -21"><span class='ocrx_word' id='word_1_257' title='bbox 527 3943 604 4006; x_wconf 89' lang='lat' dir='ltr'>Dat.</span> <span class='ocrx_word' id='word_1_258' title='bbox 620 3942 719 4006; x_wconf 87' lang='lat' dir='ltr'>Avin.</span> <span class='ocrx_word' id='word_1_259' title='bbox 738 3962 754 4025; x_wconf 90' lang='lat'><strong>5</strong></span> <span class='ocrx_word' id='word_1_260' title='bbox 771 3943 816 4007; x_wconf 88' lang='lat' dir='ltr'>id.</span> <span class='ocrx_word' id='word_1_261' title='bbox 828 3944 957 4027; x_wconf 86' lang='lat' dir='ltr'>januar.</span> <span class='ocrx_word' id='word_1_262' title='bbox 974 3952 1007 4006; x_wconf 85' lang='lat' dir='ltr'>a⁰</span> <span class='ocrx_word' id='word_1_263' title='bbox 1024 3945 1066 4007; x_wconf 87' lang='lat'><strong>8⁰.</strong></span> <span class='ocrx_word' id='word_1_264' title='bbox 1084 3943 1098 4024; x_wconf 87' lang='lat'>(</span> <span class='ocrx_word' id='word_1_265' title='bbox 1105 3950 1155 4021; x_wconf 89' lang='lat'>18,</span> <span class='ocrx_word' id='word_1_266' title='bbox 1177 3943 1263 4025; x_wconf 83' lang='lat'><strong>119).</strong></span> 
     </span>
    </p>
   </div>
   <div class='ocr_carea' id='block_1_7' title="bbox 423 4105 1830 4826">
    <p class='ocr_par' dir='ltr' id='par_1_12' title="bbox 423 4105 1830 4826">
     <span class='ocr_line' id='line_1_30' title="bbox 537 4105 1796 4201; baseline -0.001 -18"><span class='ocrx_word' id='word_1_267' title='bbox 537 4105 677 4186; x_wconf 81' lang='grc'>1868.</span> <span class='ocrx_word' id='word_1_268' title='bbox 1486 4137 1581 4201; x_wconf 78' lang='lat'>1550,</span> <span class='ocrx_word' id='word_1_269' title='bbox 1607 4139 1647 4182; x_wconf 82' lang='lat' dir='ltr'>ra</span> <span class='ocrx_word' id='word_1_270' title='bbox 1658 4118 1796 4200; x_wconf 79' lang='lat' dir='ltr'>janvier.</span> 
     </span>
     <span class='ocr_line' id='line_1_31' title="bbox 525 4218 1830 4309; baseline -0.005 -22"><span class='ocrx_word' id='word_1_271' title='bbox 525 4224 625 4309; x_wconf 88' lang='lat' dir='ltr'>Supp.</span> <span class='ocrx_word' id='word_1_272' title='bbox 659 4222 864 4302; x_wconf 88' lang='lat' dir='ltr'>Guillelrnus,</span> <span class='ocrx_word' id='word_1_273' title='bbox 901 4222 1172 4306; x_wconf 88' lang='lat' dir='ltr'>archiepiscopus</span> <span class='ocrx_word' id='word_1_274' title='bbox 1210 4219 1407 4300; x_wconf 83' lang='lat' dir='ltr'>Auxitanus,</span> <span class='ocrx_word' id='word_1_275' title='bbox 1449 4227 1541 4304; x_wconf 90' lang='lat' dir='ltr'>quat.</span> <span class='ocrx_word' id='word_1_276' title='bbox 1583 4218 1776 4307; x_wconf 87' lang='lat' dir='ltr'>[capellano</span> <span class='ocrx_word' id='word_1_277' title='bbox 1803 4225 1830 4282; x_wconf 83' lang='lat' dir='ltr'>et</span> 
     </span>
     <span class='ocr_line' id='line_1_32' title="bbox 483 4323 1827 4411; baseline -0.004 -21"><span class='ocrx_word' id='word_1_278' title='bbox 483 4327 689 4391; x_wconf 88' lang='lat' dir='ltr'>thesaurario</span> <span class='ocrx_word' id='word_1_279' title='bbox 705 4348 765 4391; x_wconf 92' lang='lat' dir='ltr'>suo</span> <span class='ocrx_word' id='word_1_280' title='bbox 780 4326 930 4411; x_wconf 87' lang='lat' dir='ltr'>Andree]</span> <span class='ocrx_word' id='word_1_281' title='bbox 951 4325 1118 4410; x_wconf 87' lang='lat' dir='ltr'>Peregrini</span> <span class='ocrx_word' id='word_1_282' title='bbox 1132 4339 1153 4405; x_wconf 84' lang='lat'>²,</span> <span class='ocrx_word' id='word_1_283' title='bbox 1170 4327 1354 4411; x_wconf 89' lang='lat' dir='ltr'>presbitero</span> <span class='ocrx_word' id='word_1_284' title='bbox 1371 4323 1527 4390; x_wconf 88' lang='lat' dir='ltr'>Morinen</span> <span class='ocrx_word' id='word_1_285' title='bbox 1544 4323 1643 4406; x_wconf 69' lang='lat' dir='ltr'>dioc,</span> <span class='ocrx_word' id='word_1_286' title='bbox 1658 4327 1702 4392; x_wconf 95' lang='lat' dir='ltr'>de</span> <span class='ocrx_word' id='word_1_287' title='bbox 1718 4331 1827 4392; x_wconf 86' lang='lat' dir='ltr'>canet</span> 
     </span>
     <span class='ocr_line' id='line_1_33' title="bbox 483 4427 1825 4516; baseline -0.001 -23"><span class='ocrx_word' id='word_1_288' title='bbox 483 4433 574 4516; x_wconf 91' lang='lat' dir='ltr'>preb.</span> <span class='ocrx_word' id='word_1_289' title='bbox 592 4430 731 4495; x_wconf 89' lang='lat' dir='ltr'>ecclesie</span> <span class='ocrx_word' id='word_1_290' title='bbox 747 4429 917 4510; x_wconf 75' lang='lat' dir='ltr'>Leodien,</span> <span class='ocrx_word' id='word_1_291' title='bbox 935 4451 1018 4514; x_wconf 91' lang='lat' dir='ltr'>quos</span> <span class='ocrx_word' id='word_1_292' title='bbox 1034 4430 1123 4496; x_wconf 90' lang='lat' dir='ltr'>dom.</span> <span class='ocrx_word' id='word_1_293' title='bbox 1141 4428 1348 4511; x_wconf 90' lang='lat' dir='ltr'>Guillelmus,</span> <span class='ocrx_word' id='word_1_294' title='bbox 1365 4432 1492 4494; x_wconf 89' lang='lat' dir='ltr'>electus</span> <span class='ocrx_word' id='word_1_295' title='bbox 1507 4427 1696 4512; x_wconf 90' lang='lat' dir='ltr'>Colonien.,</span> <span class='ocrx_word' id='word_1_296' title='bbox 1705 4431 1736 4496; x_wconf 92' lang='lat' dir='ltr'>in</span> <span class='ocrx_word' id='word_1_297' title='bbox 1750 4430 1825 4495; x_wconf 89' lang='lat' dir='ltr'>dicta</span> 
     </span>
     <span class='ocr_line' id='line_1_34' title="bbox 483 4529 1823 4619; baseline -0.005 -21"><span class='ocrx_word' id='word_1_298' title='bbox 483 4534 624 4600; x_wconf 86' lang='lat' dir='ltr'>ecclesia</span> <span class='ocrx_word' id='word_1_299' title='bbox 651 4533 790 4613; x_wconf 87' lang='lat' dir='ltr'>obtinet,</span> <span class='ocrx_word' id='word_1_300' title='bbox 807 4551 849 4598; x_wconf 86' lang='lat'><strong>³...</strong></span> <span class='ocrx_word' id='word_1_301' title='bbox 874 4533 1053 4618; x_wconf 88' lang='lat' dir='ltr'>dignemini</span> <span class='ocrx_word' id='word_1_302' title='bbox 1079 4554 1257 4614; x_wconf 83' lang='lat' dir='ltr'>reservare,</span> <span class='ocrx_word' id='word_1_303' title='bbox 1274 4533 1519 4618; x_wconf 88' lang='lat' dir='ltr'>quamprimum</span> <span class='ocrx_word' id='word_1_304' title='bbox 1549 4532 1623 4598; x_wconf 91' lang='lat' dir='ltr'>illos</span> <span class='ocrx_word' id='word_1_305' title='bbox 1654 4554 1714 4619; x_wconf 91' lang='lat' dir='ltr'>per</span> <span class='ocrx_word' id='word_1_306' title='bbox 1741 4529 1823 4597; x_wconf 83' lang='lat' dir='ltr'>electi</span> 
     </span>
     <span class='ocr_line' id='line_1_35' title="bbox 423 4635 1455 4721; baseline -0.004 -18"><span class='ocrx_word' id='word_1_307' title='bbox 423 4639 425 4645; x_wconf 82' lang='lat'>&#39;</span> <span class='ocrx_word' id='word_1_308' title='bbox 484 4637 802 4703; x_wconf 89' lang='lat' dir='ltr'>consecrationem...</span> <span class='ocrx_word' id='word_1_309' title='bbox 817 4658 938 4702; x_wconf 79' lang='lat' dir='ltr'>vacare</span> <span class='ocrx_word' id='word_1_310' title='bbox 956 4637 1143 4721; x_wconf 87' lang='lat' dir='ltr'>contigerit.</span> <span class='ocrx_word' id='word_1_311' title='bbox 1169 4675 1201 4684; x_wconf 88' lang='lat'>-</span> <span class='ocrx_word' id='word_1_312' title='bbox 1231 4635 1306 4701; x_wconf 90' lang='lat' dir='ltr'>Fiat</span> <span class='ocrx_word' id='word_1_313' title='bbox 1331 4638 1370 4701; x_wconf 87' lang='lat' dir='ltr'><strong>R.</strong></span> <span class='ocrx_word' id='word_1_314' title='bbox 1453 4641 1455 4645; x_wconf 83' lang='lat'>&#39;</span> 
     </span>
     <span class='ocr_line' id='line_1_36' title="bbox 527 4741 1258 4826; baseline 0 -20"><span class='ocrx_word' id='word_1_315' title='bbox 527 4742 605 4807; x_wconf 91' lang='lat' dir='ltr'>Dat.</span> <span class='ocrx_word' id='word_1_316' title='bbox 621 4742 720 4807; x_wconf 84' lang='lat' dir='ltr'>Avin.</span> <span class='ocrx_word' id='word_1_317' title='bbox 738 4763 755 4806; x_wconf 92' lang='lat'><em>2</em></span> <span class='ocrx_word' id='word_1_318' title='bbox 772 4741 815 4806; x_wconf 92' lang='lat' dir='ltr'>id.</span> <span class='ocrx_word' id='word_1_319' title='bbox 828 4742 956 4826; x_wconf 85' lang='lat' dir='ltr'>januar.</span> <span class='ocrx_word' id='word_1_320' title='bbox 971 4749 1003 4806; x_wconf 89' lang='lat' dir='ltr'>a⁰</span> <span class='ocrx_word' id='word_1_321' title='bbox 1020 4744 1063 4806; x_wconf 94' lang='lat'><strong>8⁰.</strong></span> <span class='ocrx_word' id='word_1_322' title='bbox 1080 4743 1093 4823; x_wconf 89' lang='lat'>(</span> <span class='ocrx_word' id='word_1_323' title='bbox 1100 4749 1150 4822; x_wconf 88' lang='lat'>18,</span> <span class='ocrx_word' id='word_1_324' title='bbox 1172 4743 1258 4824; x_wconf 91' lang='lat'><strong>122).</strong></span> 
     </span>
    </p>
   </div>
   <div class='ocr_carea' id='block_1_8' title="bbox 513 4934 1769 5003">
    <p class='ocr_par' dir='ltr' id='par_1_13' title="bbox 513 4934 1769 5003">
     <span class='ocr_line' id='line_1_37' title="bbox 513 4934 1769 5003; baseline -0.006 -15"><span class='ocrx_word' id='word_1_325' title='bbox 513 4945 538 5003; x_wconf 71' lang='lat' dir='ltr'>a}</span> <span class='ocrx_word' id='word_1_326' title='bbox 557 4941 595 4987; x_wconf 92' lang='lat' dir='ltr'>On</span> <span class='ocrx_word' id='word_1_327' title='bbox 608 4942 678 4988; x_wconf 78' lang='lat' dir='ltr'>avait.</span> <span class='ocrx_word' id='word_1_328' title='bbox 689 4939 753 4987; x_wconf 68' lang='lat' dir='ltr'>ecrit</span> <span class='ocrx_word' id='word_1_329' title='bbox 764 4940 821 4989; x_wconf 67' lang='grc' dir='ltr'>,1μή.</span> <span class='ocrx_word' id='word_1_330' title='bbox 834 4941 989 4987; x_wconf 66' lang='lat' dir='ltr'>n&#39;mwarnele</span> <span class='ocrx_word' id='word_1_331' title='bbox 1000 4944 1022 4987; x_wconf 78' lang='lat' dir='ltr'>et</span> <span class='ocrx_word' id='word_1_332' title='bbox 1035 4940 1175 5001; x_wconf 66' lang='lat' dir='ltr'>..tparanete</span> <span class='ocrx_word' id='word_1_333' title='bbox 1186 4939 1247 4998; x_wconf 71' lang='lat' dir='ltr'>decr,</span> <span class='ocrx_word' id='word_1_334' title='bbox 1260 4941 1336 5000; x_wconf 85' lang='lat' dir='ltr'>qu&#39;ou</span> <span class='ocrx_word' id='word_1_335' title='bbox 1349 4954 1364 4986; x_wconf 86' lang='lat' dir='ltr'>u</span> <span class='ocrx_word' id='word_1_336' title='bbox 1376 4936 1439 4985; x_wconf 78' lang='lat' dir='ltr'>biffe</span> <span class='ocrx_word' id='word_1_337' title='bbox 1450 4945 1475 4986; x_wconf 87' lang='lat' dir='ltr'>et</span> <span class='ocrx_word' id='word_1_338' title='bbox 1488 4935 1616 4998; x_wconf 76' lang='lat' dir='ltr'>rempluce</span> <span class='ocrx_word' id='word_1_339' title='bbox 1628 4951 1675 5000; x_wconf 84' lang='lat' dir='ltr'>par</span> <span class='ocrx_word' id='word_1_340' title='bbox 1687 4934 1769 4985; x_wconf 74' lang='lat' dir='ltr'>Aurei.</span> 
     </span>
    </p>
   </div>
   <div class='ocr_carea' id='block_1_9' title="bbox 480 5153 1817 5294">
    <p class='ocr_par' dir='ltr' id='par_1_14' title="bbox 480 5153 1817 5294">
     <span class='ocr_line' id='line_1_38' title="bbox 514 5153 1817 5219; baseline -0.004 -14"><span class='ocrx_word' id='word_1_341' title='bbox 514 5161 536 5205; x_wconf 91' lang='lat'><strong>1.</strong></span> <span class='ocrx_word' id='word_1_342' title='bbox 555 5158 663 5206; x_wconf 70' lang='lat' dir='ltr'>Nonrnrd</span> <span class='ocrx_word' id='word_1_343' title='bbox 679 5159 776 5219; x_wconf 63' lang='lat' dir='ltr'>tvenne</span> <span class='ocrx_word' id='word_1_344' title='bbox 793 5159 824 5207; x_wconf 81' lang='lat' dir='ltr'>‹lc</span> <span class='ocrx_word' id='word_1_345' title='bbox 839 5160 930 5207; x_wconf 76' lang='lat' dir='ltr'>Pistoic</span> <span class='ocrx_word' id='word_1_346' title='bbox 942 5160 965 5207; x_wconf 84' lang='lat' dir='ltr'>le</span> <span class='ocrx_word' id='word_1_347' title='bbox 978 5162 1005 5207; x_wconf 82' lang='lat'>21</span> <span class='ocrx_word' id='word_1_348' title='bbox 1020 5159 1124 5206; x_wconf 85' lang='lat' dir='ltr'>octobre</span> <span class='ocrx_word' id='word_1_349' title='bbox 1138 5160 1199 5205; x_wconf 75' lang='lat'><strong>1349</strong></span> <span class='ocrx_word' id='word_1_350' title='bbox 1212 5158 1316 5218; x_wconf 81' lang='lat' dir='ltr'>(Euboi,</span> <span class='ocrx_word' id='word_1_351' title='bbox 1331 5158 1350 5214; x_wconf 86' lang='grc' dir='ltr'>Ι,</span> <span class='ocrx_word' id='word_1_352' title='bbox 1364 5156 1432 5216; x_wconf 75' lang='grc'>120).</span> <span class='ocrx_word' id='word_1_353' title='bbox 1450 5183 1481 5192; x_wconf 94' lang='grc'>-</span> <span class='ocrx_word' id='word_1_354' title='bbox 1498 5158 1522 5203; x_wconf 83' lang='grc'>2.</span> <span class='ocrx_word' id='word_1_355' title='bbox 1539 5154 1601 5203; x_wconf 82' lang='lat' dir='ltr'>voir</span> <span class='ocrx_word' id='word_1_356' title='bbox 1612 5169 1639 5203; x_wconf 91' lang='lat' dir='ltr'>n.</span> <span class='ocrx_word' id='word_1_357' title='bbox 1651 5156 1704 5214; x_wconf 79' lang='lat'>723,</span> <span class='ocrx_word' id='word_1_358' title='bbox 1724 5153 1817 5201; x_wconf 68' lang='grc'>1810.-</span> 
     </span>
     <span class='ocr_line' id='line_1_39' title="bbox 480 5226 1793 5294; baseline -0.005 -17"><span class='ocrx_word' id='word_1_359' title='bbox 480 5233 503 5279; x_wconf 82' lang='grc'>3.</span> <span class='ocrx_word' id='word_1_360' title='bbox 515 5231 662 5279; x_wconf 78' lang='lat' dir='ltr'>(luillaume</span> <span class='ocrx_word' id='word_1_361' title='bbox 673 5232 704 5280; x_wconf 85' lang='lat' dir='ltr'>‹lc</span> <span class='ocrx_word' id='word_1_362' title='bbox 717 5234 829 5294; x_wconf 82' lang='lat' dir='ltr'>Genncp,</span> <span class='ocrx_word' id='word_1_363' title='bbox 839 5231 941 5280; x_wconf 88' lang='lat' dir='ltr'>nomme‘</span> <span class='ocrx_word' id='word_1_364' title='bbox 953 5232 976 5280; x_wconf 90' lang='lat' dir='ltr'>lc</span> <span class='ocrx_word' id='word_1_365' title='bbox 989 5233 1018 5279; x_wconf 91' lang='lat' dir='ltr'>l8</span> <span class='ocrx_word' id='word_1_366' title='bbox 1030 5231 1164 5280; x_wconf 69' lang='lat' dir='ltr'>uceembre</span> <span class='ocrx_word' id='word_1_367' title='bbox 1178 5233 1239 5279; x_wconf 71' lang='lat'>1349</span> <span class='ocrx_word' id='word_1_368' title='bbox 1250 5231 1353 5292; x_wconf 67' lang='lat' dir='ltr'>(Bubul,</span> <span class='ocrx_word' id='word_1_369' title='bbox 1363 5231 1381 5289; x_wconf 87' lang='lat'>1,</span> <span class='ocrx_word' id='word_1_370' title='bbox 1393 5230 1453 5291; x_wconf 80' lang='lat'>206)</span> <span class='ocrx_word' id='word_1_371' title='bbox 1464 5245 1470 5286; x_wconf 88' lang='grc'><strong>;</strong></span> <span class='ocrx_word' id='word_1_372' title='bbox 1482 5229 1515 5277; x_wconf 80' lang='lat' dir='ltr'>cf.</span> <span class='ocrx_word' id='word_1_373' title='bbox 1524 5227 1556 5277; x_wconf 88' lang='lat' dir='ltr'>de</span> <span class='ocrx_word' id='word_1_374' title='bbox 1565 5229 1661 5289; x_wconf 77' lang='lat' dir='ltr'>Thenx,</span> <span class='ocrx_word' id='word_1_375' title='bbox 1676 5228 1708 5287; x_wconf 92' lang='lat' dir='ltr'>ll,</span> <span class='ocrx_word' id='word_1_376' title='bbox 1723 5226 1793 5275; x_wconf 78' lang='lat'><strong>72-73.</strong></span> 
     </span>
    </p>
   </div>
   <div class='ocr_carea' id='block_1_10' title="bbox 0 0 2334 6052">
    <p class='ocr_par' dir='ltr' id='par_1_15' title="bbox 0 0 2334 6052">
     <span class='ocr_line' id='line_1_40' title="bbox 0 0 2334 6052; baseline 0 0"><span class='ocrx_word' id='word_1_377' title='bbox 0 0 2334 6052; x_wconf 95' lang='lat' dir='ltr'> </span> 
     </span>
    </p>
   </div>
  </div>
 </body>
</html>
