4650 6059
963 791 1051 863 rara,
1074 791 1146 857 o-ro
1168 777 1340 871 septembre.
1774 787 1837 863 227

478 938 567 1003 modi
581 940 879 1025 provocationibus
892 950 928 1008 et
943 943 1224 1029 appellationibus
1232 943 1393 1009 laicorum
1404 943 1574 1026 adherere,
1587 953 1623 1011 et
1638 945 1837 1013 adherentes

481 1042 666 1126 hujusmodi
681 1063 804 1129 penam
821 1047 1180 1114 excommunicationis
1200 1047 1365 1113 incurrere
1389 1047 1462 1133 ipso
1484 1048 1573 1114 facto
1589 1070 1597 1128 ;
1614 1049 1836 1136 precipientes

483 1145 626 1212 districte
641 1151 701 1213 sub
711 1149 836 1216 virtute
851 1159 966 1217 sancte
982 1150 1173 1217 obedientie
1188 1151 1417 1217 sacerdotibus
1432 1161 1467 1217 et
1482 1152 1554 1217 aliis
1565 1153 1714 1238 personis
1728 1156 1835 1221 eccle-

485 1250 617 1316 siasticis
629 1259 792 1317 terrarum
803 1253 1001 1338 hujusmodi,
1012 1255 1102 1340 quod
1117 1254 1302 1320 sententias
1316 1255 1674 1323 excommunicationis
1689 1266 1724 1323 et
1735 1258 1835 1324 inter-¹

486 1354 558 1420 dicti
574 1363 608 1421 et
622 1355 705 1421 alias
721 1375 876 1424 censuras
891 1359 1135 1426 ecclesiasticas
1149 1380 1209 1446 per
1224 1379 1340 1425 eorum
1362 1358 1546 1426 ordinarios
1557 1362 1642 1427 latas
1657 1364 1836 1428 observent
1875 1449 1877 1454 ,

487 1460 712 1527 inviolabiliter
727 1468 762 1527 et
775 1461 934 1543 fideliter;
951 1462 1040 1530 datis
1059 1483 1157 1550 super
1173 1464 1239 1529 hoc
1255 1463 1496 1545 executoribus,
1513 1464 1568 1550 qui
1585 1485 1645 1551 per
1660 1485 1835 1533 censuram

489 1565 741 1632 ecclesiasticam
757 1566 1029 1648 contradictores
1045 1567 1311 1654 prophanatores
1326 1574 1361 1633 et
1385 1569 1524 1634 rebelles
1539 1590 1580 1636 ac
1595 1590 1710 1636 eorum
1727 1571 1834 1638 lauto

491 1687 534 1732 res
553 1670 769 1755 compellant,
787 1670 1027 1737 constitutione
1042 1692 1242 1757 quacunque
1252 1671 1419 1737 contraria
1434 1693 1503 1739 non
1519 1677 1686 1741 obstante.
1699 1714 1739 1726 -
1758 1675 1835 1742 Fiat

492 1791 575 1857 super
596 1771 712 1839 hocin
728 1774 928 1840 cancellaria
943 1775 1102 1860 quicquid
1117 1776 1241 1862 poterit
1268 1775 1338 1841 fieri
1354 1775 1387 1841 in
1410 1775 1559 1843 favorem
1574 1779 1834 1865 supplicantium

494 1885 521 1941 et
533 1875 678 1955 ecclesie,
694 1874 766 1939 siue
778 1874 905 1959 justitie
920 1875 1056 1942 lesione.
1074 1876 1104 1941 R
1120 1892 1141 1941 ¹.

530 1980 600 2045 Dat.
615 1980 718 2045 Avin.
736 1999 753 2063 5
770 1978 814 2045 id.
830 1987 915 2065 sept.
930 1989 963 2045 a⁰
979 1988 1022 2065 4⁰³
1038 1982 1086 2063 (9,
1107 1983 1194 2065 175).

454 2179 456 2184 -
535 2116 650 2203 909.
739 2131 743 2138 ’
1457 2151 1552 2217 1345,
1569 2155 1588 2218 9
1605 2136 1794 2221 septembre.

529 2238 623 2325 Supp.
635 2236 656 2317 J
659 2237 822 2317 ohannes,
835 2236 936 2322 episc.
948 2235 1117 2314 Portuen.,
1128 2245 1219 2321 quat.
1233 2234 1402 2323 [Henrico
1411 2235 1453 2301 de
1467 2235 1636 2319 Binthem,
1647 2238 1737 2325 can]
1756 2240 1838 2305 eccl.

499 2337 678 2422 Bunnensis,
696 2341 872 2407 Colonien.
888 2341 986 2421 dioc,
1002 2341 1044 2407 de
1068 2342 1150 2407 eccl.
1167 2341 1319 2427 parroch.
1336 2341 1369 2405 in
1397 2340 1512 2421 Bakel,
1530 2341 1689 2409 Leodien.
1717 2344 1804 2410 dioc.
1819 2354 1840 2426 ²,

499 2465 554 2514 rae.
563 2468 623 2535 pro
633 2468 676 2513 eo
686 2444 1058 2531 quodTheodericusde
1069 2444 1266 2526 Gemenich,
1278 2446 1355 2511 cler.
1365 2445 1454 2512 dicte
1465 2444 1640 2513 Colonien.
1650 2448 1747 2530 dioc„
1758 2448 1841 2515 eccl.

498 2552 631 2636 parroch.
649 2551 685 2616 in
702 2550 888 2632 Sechteme,
904 2550 1034 2636 prefate
1045 2549 1221 2615 Colonien.
1237 2548 1335 2630 dioc,
1348 2571 1448 2635 quam
1464 2550 1616 2636 primitus
1631 2560 1665 2617 et
1681 2573 1748 2618 una
1765 2574 1841 2619 cum

497 2654 570 2723 dicta
585 2656 716 2724 ecelin
734 2654 851 2736 Bakel,
863 2675 965 2740 quam
981 2653 1102 2720 deinde
1117 2654 1258 2741 pacifice
1274 2654 1387 2720 extitit
1398 2664 1577 2737 assecutus,
1588 2664 1665 2741 post
1677 2665 1712 2722 et
1724 2665 1843 2723 contra

496 2761 759 2828 constitutionem
774 2781 839 2845 que
855 2759 972 2846 incipit
987 2758 1257 2825 «Execrabr'b's»
1275 2780 1295 2825 a
1309 2757 1329 2836 J
1333 2758 1467 2824 ohanne
1483 2779 1570 2845 papa
1585 2758 1687 2825 XXII
1705 2760 1842 2841 editam,

452 2779 463 3168 Ι
494 2869 627 2951 pluribus
651 2866 748 2933 annis
772 2873 806 2931 et
831 2886 934 2951 usque
950 2864 994 2931 ad
1008 2873 1163 2950 tempora
1179 2862 1297 2930 mortis
1312 2883 1369 2929 sue
1386 2863 1576 2948 occupavit,
1592 2863 1718 2930 fructus
1738 2864 1843 2950 perci-

493 2972 574 3056 piens
598 2994 640 3038 ex
666 2970 802 3053 eisdem,
827 2970 1010 3057 dignemini
1037 2969 1213 3058 providere
1228 2991 1238 3049 ;
1263 2988 1332 3034 non
1352 2970 1438 3033 obst.
1455 2967 1545 3052 quod
1561 2988 1634 3034 can.
1650 2977 1685 3051 et
1700 2970 1792 3055 preb.
1809 2969 1842 3034 in

491 3076 570 3143 dicta
586 3078 670 3143 eccl.
688 3075 859 3142 Bunnensi
877 3074 1017 3154 obtinet,
1034 3082 1069 3138 et
1084 3072 1250 3139 decimam
1266 3072 1337 3137 sive
1352 3070 1577 3138 obedientiam
1597 3072 1745 3157 ejusdem
1761 3074 1844 3138 eccl.

453 3171 454 3180 ’
490 3178 670 3247 Bunnensis
703 3182 735 3245 in
770 3179 982 3264 Dotlindorp,
1008 3197 1106 3263 super
1143 3198 1208 3261 qua
1240 3177 1311 3261 jam
1340 3184 1417 3240 actu
1443 3175 1497 3240 hic
1522 3174 1555 3238 in
1583 3176 1673 3241 curia
1695 3176 1843 3241 noscitur

489 3289 619 3372 litigare.
636 3327 679 3335 —
697 3284 772 3350 Fiat
789 3285 829 3349 R.

524 3393 604 3457 Dat.
621 3392 721 3456 Ariu.
741 3410 756 3474 5
776 3389 818 3455 id.
834 3397 919 3474 sept.
936 3396 968 3452 a⁰
985 3398 1027 3472 4⁰.
1046 3390 1094 3464 (9,
1116 3388 1202 3469 176).

531 3533 645 3614 910.
1443 3558 1535 3621 1345,
1556 3558 1592 3621 15
1610 3541 1798 3625 seplerubre.

524 3652 626 3738 Supp.
652 3646 813 3712 Nicolaus
836 3646 877 3710 de
902 3644 1024 3709 Nussiu
1041 3653 1060 3720 ³,
1087 3651 1178 3727 quat.
1207 3643 1266 3707 sibi
1284 3643 1325 3707 de
1342 3643 1423 3707 eccl.
1448 3642 1480 3705 in
1506 3641 1607 3707 Bacel
1631 3652 1666 3707 et
1690 3644 1803 3708 Dorne
1821 3657 1841 3723 ⁴,

484 3754 642 3821 Leodien.
669 3753 766 3830 dioc,
793 3772 865 3815 rac.
893 3749 981 3834 apud
1008 3748 1121 3812 sedem
1146 3756 1254 3832 apost.
1282 3768 1322 3810 er
1354 3768 1395 3812 eo
1426 3747 1514 3831 quod
1545 3746 1771 3813 Theodericus
1801 3748 1842 3812 de

480 3857 707 3925 Gbimnenich
724 3856 848 3920 dictam
868 3854 949 3918 eccl.
967 3852 1145 3937 occuparit
1170 3872 1229 3936 per
1252 3852 1363 3936 plures
1387 3871 1493 3916 annos
1516 3872 1581 3914 una
1598 3871 1672 3914 cum
1689 3851 1842 3935 parroch.

480 3965 560 4029 eccl.
585 3964 617 4027 in
643 3961 832 4045 Segtheme,
849 3957 1023 4022 Colonien.
1047 3956 1143 4035 dioc,
1168 3955 1269 4019 etiam
1289 3956 1322 4018 in
1339 3955 1559 4040 presbiterum
1575 3975 1642 4018 non
1660 3963 1842 4039 promotus

479 4066 661 4153 dignemini
687 4063 872 4150 providere,
900 4069 1015 4125 amoto
1040 4062 1080 4123 ab
1107 4060 1223 4123 eadem
1247 4060 1395 4142 quolibet
1417 4058 1533 4123 illicito
1552 4058 1751 4136 detentore3
1774 4078 1842 4121 non

481 4170 663 4256 obst.qu0d
680 4169 766 4235 idern
785 4166 946 4231 Nicolaus
962 4185 1036 4230 can.
1053 4173 1087 4227 et
1102 4166 1194 4249 preb.
1211 4183 1286 4227 cunr
1304 4161 1495 4226 obedientia
1513 4161 1545 4223 iu
1563 4159 1732 4225 Bonnensi
1750 4163 1843 4240 eccl,

481 4275 630 4360 predicte
647 4272 823 4336 Colonien.
840 4269 937 4348 dioc,
955 4277 989 4332 et
1006 4268 1037 4331 in
1055 4266 1294 4331 Antanianensi
1321 4266 1528 4330 scolastriam
1546 4273 1580 4329 et
1598 4266 1630 4328 iu
1648 4265 1689 4329 de
1707 4263 1840 4329 Mersen

482 4378 639 4444 sicariam
665 4375 823 4455 ecclesiis
849 4373 1008 4438 Leodien.
1036 4372 1122 4436 dioc.
1151 4371 1350 4455 supradicte,
1376 4390 1437 4454 pro
1465 4390 1529 4452 qua
1556 4368 1691 4451 quidem
1718 4369 1842 4434 vicaria

484 4485 590 4567 litigat
607 4483 640 4546 in
658 4481 748 4546 curia
766 4480 797 4543 S.
809 4478 858 4556 V,
875 4477 1023 4542 noscitur
1040 4477 1201 4553 obtinere,
1219 4484 1252 4538 et
1269 4474 1358 4557 quod
1374 4495 1420 4557 gr.
1435 4493 1542 4557 nuper
1559 4495 1577 4536 a
1595 4473 1625 4537 S.
1642 4472 1680 4537 l'.
1698 4474 1843 4537 obtinuit

487 4588 525 4652 ad
541 4588 617 4652 coll.
635 4584 829 4668 archiepisc
847 4591 880 4647 et
897 4603 970 4666 cap.
989 4581 1163 4646 Colonien.
1185 4578 1406 4643 communiter
1423 4578 1476 4641 rel
1493 4578 1634 4642 divisim.
1651 4619 1692 4626 —
1711 4577 1785 4642 Fiat
1803 4578 1842 4643 R.

528 4691 604 4755 Dat.
621 4690 721 4753 Asin.
735 4688 777 4752 id.
794 4695 878 4772 sept.
895 4698 926 4750 a''
944 4697 985 4769 4⁴⁸.
1004 4693 1051 4768 (9,
1074 4687 1174 4767 1785).

535 4830 637 4911 911.
1442 4852 1536 4916 1345,
1556 4852 1595 4912 19
1612 4835 1800 4918 septembre.

529 4949 615 5029 Sign.
633 4945 806 5023 johannes
829 4945 869 5007 ‹le
896 4943 1048 5010 Heracle,
1068 4943 1145 5005 cler.
1163 4941 1379 5003 Canreraceu.
1397 4938 1492 5013 (lior,
1511 4935 1599 5019 quod
1615 4936 1739 5000 dudum
1757 4937 1787 4999 S.
1805 4933 1844 4999 V.

524 5190 542 5233 l.
561 5187 689 5239 Bormans,
713 5185 817 5237 narrar..
834 5185 875 5239 IV,
895 5187 932 5237 313,
952 5185 1036 5231 donno
1055 5182 1175 5243 laualyse
1192 5179 1293 5243 d'apres
1311 5180 1334 5228 le
1352 5180 1398 5227 Mb*
1418 5180 1505 5228 Betlm.
1519 5207 1549 5213 --
1567 5181 1589 5227 2.
1603 5178 1642 5225 Oi.
1662 5175 1759 5232 Kirsclr,
1776 5171 1840 5220 Ir'oll.

496 5262 545 5316 279,
557 5264 611 5309 289.
623 5287 655 5296 -·-
667 5264 689 5308 3.
705 5260 764 5307 Voir
775 5272 800 5307 u.
813 5262 868 5309 882,
880 5288 911 5294 --
924 5261 945 5306 4.
961 5260 1020 5306 l'oir
1032 5273 1057 5306 u.
1068 5260 1125 5306 909.
