4650 6059
481 810 520 874 52
1025 803 1111 877 1342,
1138 803 1154 866 7
1175 804 1304 867 octobre.

481 960 627 1038 buxiere,
652 958 863 1021 Attrebaten.
888 961 922 1018 et
948 951 1115 1018 Morinen.
1142 953 1276 1040 [dioc.],
1300 953 1449 1020 noscitur
1467 956 1628 1021 obtinere.
1645 952 1778 1020 -Fiat
1797 952 1831 1018 R.

525 1062 603 1126 Dat.
619 1060 719 1124 Avin.
736 1078 802 1123 non
819 1068 885 1123 oct.
901 1065 934 1121 a⁰
954 1066 992 1122 1⁰.
1010 1056 1053 1141 (l,
1071 1059 1160 1141 244).

533 1191 644 1271 242.
1511 1220 1606 1284 1342,
1626 1218 1644 1283 7
1661 1200 1798 1264 octobre.

525 1308 627 1392 Supp.
644 1305 762 1370 Petrus
777 1304 820 1369 de
837 1302 1047 1387 Hanguesto,
1064 1323 1137 1369 can.
1153 1324 1193 1368 ac
1209 1303 1397 1389 prepositus
1412 1304 1706 1369 ecclAmbianen.
1721 1312 1740 1383 ¹,
1754 1301 1837 1367 dom.

482 1411 623 1476 Francie
638 1409 723 1492 regis
739 1407 874 1472 illustris
890 1407 1105 1488 consiliarius,
1122 1407 1212 1491 quod
1237 1427 1313 1472 cum
1337 1408 1446 1474 dictus
1468 1427 1525 1472 rex
1548 1409 1693 1493 prebet
1713 1406 1837 1472 thesau-

481 1515 598 1579 rariam
617 1511 784 1577 Morinen.
801 1531 840 1576 ac
856 1513 948 1596 preb.
961 1509 1101 1575 Remen.
1113 1517 1275 1593 tanquam
1291 1511 1324 1574 in
1340 1510 1463 1595 regalia
1478 1520 1638 1576 vacantes
1654 1507 1837 1588 contulerit,

480 1638 617 1700 quarum
632 1616 829 1680 collationes
842 1615 947 1700 justas
963 1624 998 1680 et
1013 1615 1176 1680 canonice
1204 1614 1308 1680 factas
1332 1636 1463 1700 semper
1489 1614 1671 1681 crediderit
1687 1622 1723 1679 et
1738 1612 1840 1680 adhuc

481 1721 586 1786 credit
613 1720 738 1797 fuisse;
765 1740 830 1803 que
854 1718 988 1802 quidem
1019 1718 1183 1784 beneficia
1209 1739 1286 1784 cum
1316 1718 1414 1784 dictis
1444 1721 1535 1803 preb.
1566 1739 1606 1783 ac
1637 1716 1841 1803 prepositura

480 1824 679 1887 Ambianen.
696 1822 767 1886 sine
783 1822 896 1887 fraude
908 1824 1112 1907 permutavit
1127 1823 1225 1907 ;quia
1241 1830 1355 1887 tamen
1370 1829 1451 1887 ante
1466 1822 1583 1887 oculos
1597 1821 1714 1887 divine
1729 1820 1841 1905 majes-

481 1928 559 1991 tatis
575 1926 711 1991 forsitan
728 1926 864 2010 aliquod
879 1927 1063 2011 periculum
1088 1927 1261 1991 imminere
1284 1933 1407 2011 posset,
1422 1932 1493 1990 tam
1509 1933 1647 2011 propter
1661 1923 1841 1989 sententias

482 2040 598 2095 contra
623 2029 846 2113 impedientes
871 2030 1068 2095 collationes
1092 2029 1180 2095 sedis
1203 2036 1311 2116 apost.
1330 2029 1566 2115 promulgatas,
1591 2047 1693 2111 quam
1719 2046 1781 2111 pro
1804 2045 1841 2090 eo

483 2132 573 2215 quod
588 2141 664 2216 post
680 2152 792 2196 sacros
807 2133 989 2218 susceperit
1005 2133 1138 2198 ordines
1153 2153 1194 2198 ac
1209 2133 1323 2198 divina
1338 2130 1529 2211 celebravit,
1539 2151 1581 2196 ex
1597 2131 1720 2216 quibus
1734 2135 1841 2216 posset

483 2236 703 2319 irregularitas
720 2256 778 2299 seu
794 2236 977 2319 periculum
993 2236 1179 2316 imminere,
1196 2236 1286 2320 quod
1297 2257 1366 2302 non
1383 2234 1489 2300 eredit
1502 2257 1510 2314 ;
1522 2242 1689 2319 quatenus
1703 2233 1746 2299 de
1755 2232 1841 2298 beni·

484 2338 641 2422 gnissima
673 2339 805 2421 [gratia]
833 2339 864 2402 S.
890 2337 929 2403 V.
957 2340 1066 2405 eidem
1092 2340 1135 2405 ad
1159 2341 1336 2421 cautelam,
1363 2360 1404 2404 ex
1430 2338 1637 2425 plenitudine
1669 2333 1841 2423 potestatis

486 2450 605 2520 vestre,
618 2462 716 2526 super
727 2442 964 2523 liiisomnibuS,
980 2464 1019 2508 ac
1035 2463 1134 2528 super
1143 2442 1304 2508 fiuctibus
1314 2442 1390 2507 inde
1402 2441 1578 2527 perceptis,
1588 2439 1841 2506 misericorditer

485 2544 676 2628 dispensare
687 2544 867 2627 dignemini
885 2567 960 2612 cum
973 2546 1104 2612 eodem.
1113 2587 1157 2595 —
1173 2546 1383 2612 Conferimus
1397 2545 1458 2610 sibi
1474 2545 1516 2611 de
1531 2565 1623 2610 novo
1637 2543 1749 2610 dictos
1764 2563 1841 2622 mn,

486 2650 578 2732 preb.
603 2655 637 2711 et
661 2649 903 2734 preposituram
929 2650 1140 2729 Ambianen,
1166 2657 1200 2714 et
1226 2650 1352 2715 fructus
1377 2656 1555 2735 perceptos
1578 2655 1613 2713 et
1638 2648 1697 2733 qui
1722 2645 1841 2734 percipi

487 2751 657 2836 potuerint
672 2761 742 2816 tam
758 2752 800 2817 de
815 2753 973 2838 predictis
999 2754 1156 2838 quamde
1181 2774 1263 2834 can,
1280 2755 1368 2839 preb.
1385 2773 1425 2817 ac
1440 2751 1643 2817 thesauraria
1669 2749 1841 2830 Morinen.¹

486 2854 546 2918 sibi
580 2856 789 2936 remittimus,
821 2865 855 2921 et
881 2878 980 2942 super
1003 2857 1244 2940 irregularitate
1268 2857 1315 2922 sic
1342 2862 1516 2922 contracta
1538 2854 1781 2939 dispensamus
1804 2891 1841 2902 -

488 2958 563 3024 Fiat
581 2959 620 3024 R.

531 3062 608 3127 Dat.
624 3064 723 3128 Avin.
739 3084 819 3128 non.
836 3072 902 3130 oct.
918 3072 951 3129 a⁰
970 3070 1009 3129 1⁰.
1026 3063 1070 3148 (I,
1088 3066 1178 3150 245).

537 3199 650 3283 243.
1517 3233 1611 3296 1342,
1630 3230 1649 3295 7
1666 3214 1801 3277 octobre.

530 3318 630 3400 Supp.
648 3316 746 3380 frater
761 3316 943 3397 Johannes,
960 3321 1061 3383 abbas
1078 3317 1317 3398 Cisterciensis,
1331 3325 1420 3403 quat.
1437 3316 1470 3401 [J
1474 3316 1596 3381 ohanni
1611 3315 1834 3402 Vippenbrouo

486 3421 527 3484 ‹le
544 3418 705 3498 Bertines,
733 3423 855 3505 presb]
881 3419 1048 3486 Morinen.
1073 3421 1171 3501 dioc,
1188 3422 1229 3485 de
1254 3429 1379 3486 canet
1401 3423 1491 3506 preb.
1518 3420 1599 3484 eccl.
1617 3419 1648 3484 S.
1667 3411 1832 3485 Donatiani

487 3521 673 3604 Brugensis,
689 3522 875 3590 Tomacen.
891 3525 988 3604 dioc,
1006 3525 1092 3607 [vac.
1109 3525 1162 3588 vel
1180 3526 1303 3607 vacat]
1322 3524 1502 3609 dignemini
1520 3523 1707 3609 providere,
1724 3529 1758 3587 et
1771 3535 1833 3585 eam

485 3624 657 3689 donationi
683 3627 769 3692 sedis
785 3636 891 3712 apost.
908 3649 1076 3693 reservare
1092 3651 1100 3708 ;
1121 3649 1189 3693 non
1207 3631 1293 3693 obst.
1310 3627 1400 3718 quod
1415 3628 1496 3692 eccl.
1507 3637 1657 3692 curatam
1673 3628 1717 3692 de
1731 3622 1833 3698 nrkes

484 3728 633 3812 predicte
651 3727 817 3795 Morinen.
833 3731 930 3811 dioc,
948 3731 1108 3811 obtineat,
1126 3753 1191 3815 que
1207 3732 1293 3796 ultra
1311 3752 1350 3795 20
1369 3731 1440 3795 libr.
1452 3729 1530 3796 Tur.
1542 3730 1766 3795 communiter
1778 3743 1834 3791 non

484 3833 659 3898 consuevit
675 3834 785 3897 valere
800 3858 809 3914 ;
826 3856 902 3899 curn
918 3836 999 3900 alias
1015 3857 1074 3921 per
1088 3839 1167 3900 bon.
1184 3857 1283 3900 mem.
1300 3836 1390 3900 dom.
1407 3834 1628 3900 Benedictum
1641 3854 1763 3919 papam
1777 3825 1834 3895 Xll

484 3937 543 4000 sibi
562 3938 731 4022 provisum
747 3938 844 4003 merit
859 3939 901 4004 de
917 3960 990 4004 can.
1007 3962 1083 4006 cum
1100 3943 1202 4025 preb,
1220 3962 1320 4024 quam
1336 3947 1449 4005 tamen
1465 3959 1532 4003 non
1544 3937 1835 4002 suitassecutus.-

485 4041 560 4105 Fiat
579 4041 617 4105 R.

528 4146 606 4210 Dat.
622 4147 721 4210 Avin.
740 4167 816 4210 non.
833 4155 899 4212 oct.
916 4157 949 4211 a..
970 4156 1008 4211 1⁰.
1026 4146 1069 4230 (I,
1088 4150 1192 4231 248l).

536 4281 650 4363 244.
1523 4314 1618 4377 1342,
1633 4312 1651 4376 7
1668 4294 1802 4357 octobre.

530 4399 631 4484 Supp.
657 4400 755 4463 frater
770 4398 953 4478 Johannes,
969 4402 1071 4463 abbas
1090 4399 1292 4480 ClarevalliS,
1310 4408 1399 4485 quat.
1417 4398 1605 4482 [Willemio
1626 4395 1839 4482 Vipenbrouc,

487 4501 580 4583 cler]
608 4500 774 4565 Morinen.
790 4502 887 4581 dioc,
911 4500 953 4565 de
966 4522 1038 4565 can.
1051 4509 1084 4565 et
1097 4505 1188 4586 preb.
1205 4505 1286 4567 eccl.
1300 4502 1330 4566 S.
1344 4502 1524 4567 Salvatoris
1541 4496 1840 4572 Haerlebeccensis,

487 4604 673 4669 Tomacen.
689 4605 786 4683 dios,
803 4607 888 4688 [vac.
906 4605 958 4667 vel
977 4608 1109 4688 racatl,
1125 4606 1306 4688 dignemini
1323 4605 1508 4691 providere,
1533 4612 1567 4667 et
1584 4624 1659 4667 eam
1676 4595 1839 4668 donationi

487 4708 573 4772 sedis
588 4716 695 4792 apost.
711 4729 887 4773 reservare.
904 4750 947 4756 —
964 4708 1037 4772 Fiat
1057 4709 1095 4772 R.

531 4813 609 4876 Dat.
625 4812 725 4876 Avin.
742 4833 817 4875 non.
835 4821 900 4876 oct.
917 4822 950 4875 a⁰
971 4823 1008 4876 1⁰.
1026 4812 1069 4891 (l,
1087 4825 1176 4896 250).

539 4939 652 5020 245.
1522 4972 1559 5024 rt
1585 4973 1615 5026 2,
1636 4970 1652 4986 ”
1670 4953 1804 5015 octobre.

532 5058 633 5141 Supp.
657 5059 758 5120 abbas
774 5065 913 5121 monast.
929 5057 1139 5135 Altecumbe,
1162 5055 1356 5120 Gebennen.
1374 5055 1470 5135 dioc,
1488 4975 1581 5138 quad.l
1594 4997 1723 5137 [Biicio
1740 5055 1841 5132 Lelbe,

524 5232 544 5278 l.
558 5229 684 5277 Molinlcr.
701 5227 774 5283 obn,
789 5228 807 5286 l,
821 5230 874 5275 tol.
