4650 6059
577 756 634 820 162
1108 761 1196 830 1344,
1220 760 1301 824 18-21
1324 778 1411 823 mars.

579 905 612 971 N
615 911 738 970 exonio
756 922 774 980 ¹,
792 906 882 972 fratri
899 909 1001 993 ipsius
1016 908 1246 994 supplicantis,
1264 910 1405 974 contulit
1430 930 1566 995 precum
1584 919 1770 976 vestrarum
1788 916 1939 996 obtentu,

577 1017 613 1073 et
622 1009 731 1094 ipsum
743 1006 891 1074 officium
900 1011 990 1076 dom.
1002 1011 1112 1097 episc,
1131 1011 1186 1095 qui
1200 1032 1289 1077 nunc
1301 1021 1362 1092 est,
1375 1011 1418 1077 ad
1434 1033 1469 1078 se
1484 1013 1657 1078 revocavit
1671 1022 1707 1079 et
1723 1015 1830 1100 ipsam
1847 1025 1940 1082 tenet

578 1123 783 1192 revocatam,
799 1114 908 1179 eidem
924 1114 1070 1192 Johanni
1088 1124 1183 1180 motu
1199 1116 1333 1201 proprio
1355 1114 1505 1182 conferre
1520 1114 1703 1198 dignemini
1719 1118 1816 1200 etad
1833 1118 1939 1204 ipsum

579 1216 764 1297 restituere,
781 1215 867 1281 sicut
891 1227 1042 1304 tempore
1063 1219 1152 1285 dom.
1175 1220 1337 1305 Stephani
1359 1218 1563 1305 possidebat,
1582 1220 1740 1303 quamdiu
1765 1222 1888 1287 vixerit
1907 1223 1940 1287 in

580 1318 757 1398 humanis;
775 1338 843 1384 non
860 1323 944 1386 obst.
962 1321 1053 1405 quod
1068 1324 1149 1387 eccl.
1165 1322 1208 1387 de
1231 1321 1415 1402 ConneteS,
1436 1321 1602 1387 Morinen.
1626 1321 1723 1404 dioc,
1747 1333 1783 1389 et
1806 1346 1882 1391 can.
1905 1335 1939 1390 et

579 1425 671 1506 preb.
682 1423 715 1486 in
732 1423 813 1488 eccl.
830 1423 861 1488 S.
883 1423 1059 1509 Gangerici
1075 1425 1293 1490 Cameracen.
1310 1425 1398 1490 idem
1414 1423 1433 1502 J
1437 1425 1587 1490 ohannes
1603 1425 1755 1491 obtinere
1770 1436 1938 1494 noscatur.

578 1557 616 1572 ·-
638 1525 713 1590 Fiat
728 1526 755 1591 si
767 1536 865 1592 vacat
882 1528 922 1593 R.
971 1563 973 1568 ·

622 1629 700 1694 Dat.
717 1650 771 1715 ap.
788 1627 1038 1698 villamnovam
1059 1653 1093 1715 15
1111 1631 1177 1697 kal.
1193 1631 1286 1717 april.
1302 1639 1336 1696 a⁰
1353 1638 1394 1697 2⁰.
1412 1632 1464 1715 (4,
1479 1632 1568 1715 250).

628 1783 743 1866 686.
1621 1818 1716 1883 1344,
1732 1801 1776 1865 18
1791 1780 1896 1868 ancira.

614 1900 967 1987 Sign.R(aymundus)
978 1902 1079 1987 episc.
1088 1910 1123 1966 et
1133 1900 1315 1966 Balduinus
1326 1900 1468 1980 dec.²,ac
1478 1900 1936 1987 capitulumeccl.Morinen.,

575 2004 667 2088 quod
681 2005 817 2085 dudum,
834 2013 907 2070 orta
923 2005 1097 2088 questione
1123 2025 1181 2069 seu
1209 2004 1435 2069 controversia
1460 2004 1547 2069 inter
1572 2005 1678 2090 ipsum
1695 2005 1796 2091 episc.
1814 2027 1855 2071 ex
1870 2028 1935 2073 una

576 2117 681 2193 parte,
697 2117 732 2173 et
747 2109 820 2174 dec.
836 2129 876 2173 ac
893 2108 1075 2193 capitulum
1098 2129 1140 2171 ex
1157 2109 1273 2187 altera,
1289 2127 1387 2192 super
1409 2107 1649 2192 jurisdictione,
1666 2109 1877 2176 correctione
1902 2121 1935 2176 et

573 2212 749 2296 punitione
776 2211 1013 2277 canonicorum
1038 2219 1073 2275 et
1099 2212 1348 2295 capellanorum
1375 2217 1408 2275 et
1435 2211 1633 2276 servitorum
1657 2232 1702 2301 ac⁴
1720 2212 1932 2279 familiarium

574 2314 695 2390 decani
705 2323 739 2378 et
750 2332 823 2398 cap.
834 2322 869 2378 et
878 2313 1081 2398 singulorum
1092 2314 1331 2379 canonicorum
1341 2314 1423 2379 eccl.
1435 2314 1595 2399 predicte,
1607 2335 1647 2380 ac
1656 2335 1756 2400 super
1766 2318 1933 2383 nonnullis

575 2418 648 2482 aliis
660 2417 816 2498 articulis,
831 2417 903 2482 RR.
917 2417 982 2482 ΡΡ.
998 2417 1089 2482 dom.
1104 2417 1215 2497 Petro,
1226 2417 1277 2482 tit.
1293 2416 1326 2482 S.
1339 2416 1505 2495 Praxedis,
1522 2426 1558 2482 et
1573 2416 1772 2498 Bertrando,
1784 2418 1817 2485 S.
1829 2418 1933 2485 Marie

571 2521 610 2584 in
627 2518 866 2604 Aqui10,diac.
883 2520 981 2601 card,
999 2529 1079 2586 tunc
1094 2520 1127 2584 in
1145 2521 1209 2585 illis
1224 2520 1373 2606 partibus
1387 2521 1475 2586 sedis
1489 2530 1598 2606 apost.
1622 2522 1763 2603 nunciiS,
1785 2525 1933 2591 median-

575 2625 664 2689 tibus
679 2633 714 2689 et
729 2624 951 2702 tractantibus
967 2624 1053 2688 inter
1067 2624 1156 2709 ipsas
1172 2634 1294 2709 partes,
1311 2632 1401 2688 certa
1417 2624 1618 2709 compositio
1633 2624 1723 2690 lacta
1739 2625 1811 2706 fuit,
1829 2636 1864 2693 et
1878 2628 1932 2694 de-

573 2729 785 2808 clarationes,
801 2734 882 2793 tunc
898 2748 957 2813 per
972 2727 1108 2792 eosdem
1124 2727 1214 2792 dom.
1229 2726 1364 2791 Petmm
1376 2736 1411 2792 et
1427 2726 1659 2818 Bertrandum,
1672 2731 1775 2813 paulo
1790 2740 1931 2816 postque

572 2851 680 2917 nuper
695 2852 755 2917 per
771 2829 815 2913 R.¹
824 2832 860 2897 P.
876 2831 967 2897 dom.
991 2830 1191 2910 Guidonem,
1208 2830 1259 2895 tit.
1275 2831 1307 2895 S.
1323 2829 1447 2896 Cecilie
1462 2834 1571 2916 presb.
1587 2830 1685 2912 card,
1702 2852 1801 2918 super
1817 2834 1931 2919 aliqui·

573 2938 635 3001 bus
649 2935 757 3015 dubiis
772 2936 896 3002 exortis
922 2957 963 2999 ex
986 2936 1057 3020 ipsa
1083 2934 1336 3019 compositione,
1363 2934 1405 2999 de
1432 2954 1596 3000 consensu
1611 2935 1759 3020 ipsamm
1777 2937 1930 3023 partium,

573 3042 807 3123 subsequente,
824 3048 924 3125 prout
940 3039 973 3103 in
988 3038 1105 3103 litteris
1120 3037 1286 3102 dictorum
1301 3036 1392 3102 dom.
1409 3037 1508 3117 Petri,
1531 3037 1706 3124 Bertrandi
1718 3048 1755 3104 et
1770 3038 1931 3107 Guidonis

573 3142 794 3207 cardinalium
821 3143 934 3227 sigillis
955 3141 1105 3225 sigillatis
1120 3140 1218 3205 latius
1233 3142 1424 3205 continetur
1439 3149 1461 3205 ³.
1483 3140 1595 3223 Quare
1611 3161 1706 3226 supp.
1722 3151 1817 3226 quat.
1843 3164 1931 3210 com·

572 3246 775 3331 positionem
802 3244 1036 3312 declarationis
1063 3244 1143 3308 totis
1166 3244 1336 3308 tenoribus
1360 3244 1524 3309 dictarum
1549 3244 1736 3309 litterarum
1763 3245 1798 3309 in
1814 3248 1931 3313 vestris

564 3372 670 3435 xsuper
685 3353 748 3416 hiis
764 3351 980 3417 conficiendis
1010 3350 1128 3414 litteris
1155 3349 1286 3414 insertis
1311 3350 1491 3433 dignemini
1518 3350 1727 3429 confirmare,
1745 3352 1930 3437 supplendo

571 3454 751 3534 defectum,
769 3458 794 3520 si
811 3455 865 3538 qui
883 3453 1099 3518 intervenerit
1116 3454 1149 3516 in
1166 3453 1342 3538 premissis.
1358 3493 1401 3502 -
1418 3452 1494 3518 Fiat
1512 3452 1551 3518 R.

617 3558 696 3623 Dat.
713 3579 767 3643 ap.
784 3558 1033 3624 Villamnovam
1054 3578 1089 3641 15
1107 3556 1174 3621 kal.
1191 3557 1285 3642 april.
1301 3564 1334 3621 a⁰
1351 3564 1392 3620 2⁰.
1409 3558 1461 3641 (4,
1480 3559 1568 3640 254).

561 3728 563 3732 ’
623 3712 736 3793 687.
1613 3724 1887 3805 1344,18mars,

560 3818 562 3822 ¹
615 3830 715 3915 Supp.
732 3828 879 3906 Jacobus
901 3828 943 3893 de
966 3826 1133 3905 Ceccano,
1155 3826 1253 3891 frater
1268 3826 1423 3890 Anibaldi
1440 3825 1539 3905 card„
1552 3834 1644 3909 quat.
1663 3825 1872 3911 [Annibaldo
1887 3827 1929 3892 de

571 3932 737 4010 Ceccano,
761 3933 829 3997 filio
852 3953 921 4011 suo,
946 3951 1019 4015 cap.
1030 3930 1069 3995 V.
1087 3929 1148 4015 S.],
1166 3929 1208 3993 de
1223 3949 1297 3994 can.
1313 3938 1348 3994 et
1364 3931 1454 4013 preb.
1471 3949 1521 3994 ac.
1537 3928 1625 4012 dign.
1642 3929 1723 3994 cccl.
1741 3927 1928 3995 Bononien.

571 4036 754 4119 dignemini
767 4036 941 4121 providere
957 4057 964 4111 ;
981 4055 1049 4097 non
1066 4036 1151 4098 obst.
1170 4032 1260 4116 quod
1275 4033 1307 4095 in
1325 4031 1540 4097 Cameracen.
1556 4044 1576 4111 ⁴,
1593 4031 1743 4111 Cuman,
1761 4031 1928 4099 Coronen.

571 4160 611 4203 ac
632 4140 806 4204 Patracen.
819 4138 967 4204 ecclesiis
983 4158 1056 4202 can.
1073 4146 1108 4200 et
1124 4139 1216 4221 preb.
1233 4155 1273 4200 ac
1288 4144 1505 4219 personatum
1520 4134 1562 4199 de
1580 4134 1713 4215 Baitios,
1730 4137 1927 4202 Atrebaten.

568 4242 664 4323 dioc,
681 4243 831 4307 noscitur
856 4242 1039 4306 obtinere...
1056 4249 1090 4304 et
1112 4260 1187 4304 cum
1211 4238 1458 4323 dispensatione
1473 4259 1570 4323 super
1585 4237 1649 4303 def.
1666 4238 1774 4316 etatis,
1792 4259 1869 4304 cum
1885 4241 1927 4305 sit

569 4347 605 4411 iu
623 4351 674 4410 16⁰
689 4346 789 4411 etatis
804 4365 862 4409 sue
878 4365 967 4409 anno
983 4343 1193 4408 constitutus.
1206 4383 1249 4391 -
1265 4341 1340 4406 Fiat
1356 4343 1393 4406 R.

612 4451 691 4515 Dat.
710 4471 763 4535 ap.
782 4448 1030 4514 Villamnovam
1051 4467 1086 4529 15
1103 4445 1171 4510 kal.
1188 4446 1280 4530 april.
1296 4455 1330 4509 a⁰
1347 4455 1388 4511 2⁰.
1406 4447 1457 4530 (4,
1476 4466 1492 4509 2
1498 4447 1563 4529 55').

618 4604 732 4686 688.
1608 4631 1701 4694 1344,
1719 4631 1758 4674 21
1777 4633 1881 4677 mars.

557 4716 559 4719 ”
612 4721 710 4787 Motu
735 4721 869 4807 proprio
892 4719 1105 4805 providemus
1122 4719 1293 4803 Stephano
1310 4717 1419 4797 Fabri,
1436 4737 1508 4782 can.
1526 4714 1725 4794 Ruthenen.,
1742 4714 1784 4779 de
1801 4735 1874 4780 can.
1890 4724 1927 4781 et

570 4880 807 4889 ———-

601 4974 619 5017 l.
635 4971 694 5016 l'oir·
708 4986 731 5018 u.
746 4973 798 5017 193.
814 4998 843 5003 -
856 4972 877 5016 2.
892 4968 1026 5015 Baurlouin
1038 4966 1069 5014 de
1083 4967 1259 5015 Chautereino.
1271 4995 1303 5001 -
1314 4969 1336 5015 3.
1349 4967 1386 5014 La
1397 4968 1571 5027 communion.
1584 4962 1729 5026 approuvd‘
1742 4977 1787 5024 par
1805 4963 1841 5011 les
1857 4964 1925 5012 deux

565 5057 659 5091 nonces
679 5045 763 5092 l'ierre
774 5048 800 5091 et·
814 5042 945 5097 Bertmnd,
965 5050 1003 5088 est
1021 5041 1056 5088 du
1075 5043 1105 5087 26
1118 5042 1256 5089 novembre
1275 5043 1335 5088 1337
1353 5039 1474 5101 (Ducbot,
1494 5041 1620 5096 tao-221).
1634 5039 1670 5084 Lu
1682 5036 1751 5083 bullo
1761 5036 1793 5085 dc
1806 5036 1921 5085 clement

561 5118 608 5177 l'l.
622 5118 657 5164 du
670 5118 698 5163 18
708 5131 775 5164 mars
785 5117 852 5172 1311,
860 5115 991 5177 roprorluit
1003 5119 1089 5163 tontes
1100 5114 1135 5162 les
1146 5113 1228 5177 [trecen
1241 5113 1352 5174 rddigoes
1362 5117 1377 5159 1
1389 5126 1417 5160 ce
1428 5111 1495 5171 sujet
1507 5112 1581 5173 (Hrp.
1595 5112 1717 5167 ἰ1111111,
1730 5109 1757 5158 ff.
1770 5111 1925 5171 mov-lose)

562 5221 594 5226 -
612 5195 634 5240 t.
651 5192 709 5237 vnn
722 5207 746 5237 11.
761 5192 814 5248 svs,
828 5192 883 5238 cos.
