4650 6059
978 775 983 784 ’
1011 783 1098 860 1845,
1121 784 1194 848 12¹4
1215 800 1305 848 mars.
1780 792 1838 858 197

495 934 762 1018 ectromacen,
777 935 859 1002 dum
873 935 1013 1018 viveret,
1028 934 1214 1016 obtinebat,
1224 935 1317 1021 cujus
1330 937 1408 1002 ben.
1423 943 1504 1002 aute
1518 935 1621 1023 ipsius
1635 941 1690 1005 ob.
1706 939 1840 1008 fuerunt

494 1039 669 1125 specialiter
683 1048 866 1122 reservata,
878 1038 1030 1106 conferre
1052 1037 1236 1125 dignemini
1251 1046 1288 1105 et
1301 1038 1363 1105 sibi
1378 1038 1422 1105 de
1436 1037 1486 1110 eis
1500 1038 1605 1106 etiam
1619 1042 1839 1127 providere,...

492 1163 548 1209 non
570 1146 655 1210 obst.
679 1141 771 1228 quod
790 1141 992 1210 decanatum
1007 1151 1043 1209 et
1052 1144 1150 1230 preb.
1167 1142 1200 1207 in
1217 1140 1357 1208 Belnen.
1372 1141 1525 1229 predicta
1540 1151 1576 1209 et
1590 1143 1625 1209 in
1641 1143 1838 1214 Cabilonen.

491 1257 517 1314 et
538 1247 719 1315 Carnoten.
740 1267 818 1315 cum
840 1268 916 1335 exp.
939 1246 1029 1334 dign.
1052 1239 1129 1328 etc,
1145 1245 1230 1312 etin
1245 1245 1277 1312 S.
1293 1243 1381 1326 Justi
1404 1243 1601 1332 Lugdunen.
1616 1267 1659 1315 ac
1673 1248 1713 1316 B.
1730 1247 1780 1318 M.
1796 1250 1839 1317 de

435 1433 436 1441 ἵ
490 1347 745 1432 Montebrisone,
775 1349 972 1437 Lugdunen.
1002 1349 1100 1432 dioc,
1127 1349 1287 1431 ecclesiis,
1303 1369 1377 1416 can.
1401 1356 1437 1414 et
1462 1352 1556 1435 preb.
1582 1371 1641 1417 seu
1666 1353 1840 1439 portiones
1953 1431 1956 1438 ,

488 1453 626 1521 noscitur
640 1454 805 1521 obtinere.
819 1495 863 1505 -
879 1452 956 1521 Fiat
969 1454 997 1522 si
1011 1473 1082 1520 non
1096 1452 1140 1519 sit
1155 1452 1254 1519 alteri
1264 1453 1319 1539 Jus
1333 1452 1366 1517 in
1381 1472 1418 1518 re
1432 1452 1600 1538 quesitum
1612 1453 1657 1539 R.

523 1557 598 1622 Dnt
615 1577 670 1644 ap.
686 1555 935 1624 villamnovam
949 1555 1016 1624 kal.
1031 1562 1129 1623 mart.
1144 1562 1179 1621 a⁰
1194 1563 1237 1642 3⁰.
1254 1556 1269 1642 (
1270 1561 1304 1638 6,
1321 1555 1390 1642 57).

529 1696 644 1780 801.
1525 1716 1681 1788 1345,1‘'
1693 1728 1798 1773 mars.

521 1814 624 1902 Supp.
651 1811 824 1892 Johannes
849 1806 1004 1874 Maurelli
1020 1818 1040 1889 ¹,
1063 1809 1139 1874 bac.
1155 1806 1193 1872 in·
1215 1806 1316 1890 decr,
1332 1807 1548 1882 Lemovicen.
1571 1811 1670 1888 dioc..
1693 1817 1785 1896 quat.
1798 1809 1843 1876 de

483 1916 649 1984 demnatu
662 1914 762 1982 rurali
777 1913 821 1980 de
835 1911 1026 1994 Theoertio,
1049 1911 1137 1978 dioc.
1157 1910 1340 1994 Pictaven,
1355 1913 1418 1981 sibi
1433 1914 1615 2003 dignemini
1641 1913 1817 2002 providere
1831 1935 1841 1994 ς

482 2041 548 2088 non
564 2023 652 2089 obst.
668 2017 761 2106 quod
775 2037 848 2085 can.
864 2024 900 2083 et
914 2018 1007 2103 preb.
1020 2013 1181 2082 Leodien.
1196 2024 1232 2082 et
1248 2015 1472 2090 Daumtensis
1485 2020 1704 2088 ecclesiarum
1719 2027 1755 2085 et
1769 2037 1843 2105 pre-

482 2127 665 2213 posituram
681 2122 714 2190 S.
730 2121 848 2188 Crucis
862 2118 1023 2187 Leodien.
1038 2119 1191 2187 obtinere
1214 2129 1375 2188 noscatur
1398 2132 1434 2191 et
1459 2123 1522 2191 sibi
1547 2122 1684 2191 decan
1700 2130 1736 2188 et
1750 2122 1843 2208 preb.

481 2229 512 2295 S.
526 2227 547 2308 J
549 2227 695 2296 ohannis
706 2224 903 2293 Laudunen.
918 2225 952 2290 in
969 2222 1080 2309 Burgo
1094 2223 1266 2310 provisum
1291 2224 1401 2308 fuerit,
1410 2248 1558 2313 ,quorum
1582 2235 1698 2294 tamen
1713 2245 1843 2314 posses-

480 2333 612 2400 sionem
626 2350 697 2398 non
712 2336 764 2396 est
779 2335 949 2395 assecutus
972 2347 1037 2394 nec
1061 2326 1133 2410 fuit,
1157 2347 1276 2414 ymmo
1301 2349 1401 2416 super
1425 2331 1505 2418 ipsis
1532 2331 1567 2398 in
1592 2331 1721 2419 palatio
1735 2338 1843 2417 apost.

480 2435 576 2502 litem
599 2435 713 2502 babet.
735 2472 762 2483 -
787 2430 864 2498 Fiat
880 2429 920 2498 R.

524 2539 608 2606 Dat.
623 2558 679 2625 ap.
694 2535 947 2602 Villamnovam
961 2533 1028 2600 kal.
1044 2541 1143 2600 mart.
1160 2540 1195 2600 a⁰
1211 2541 1254 2620 3⁰.
1270 2535 1320 2620 (6,
1329 2533 1333 2545 “
1337 2537 1406 2622 58).

532 2677 649 2762 802.
1547 2707 1642 2773 r345,
1659 2708 1800 2772 gmars.

523 2795 629 2883 Supp.
654 2791 851 2859 Franciscus
876 2788 920 2855 de
950 2786 1234 2871 Monteflascone,
1249 2788 1467 2859 Cameracen.
1494 2792 1576 2859 eccl.
1602 2791 1844 2871 scolasticus¹,

479 2907 575 2982 quat.
601 2893 662 2962 sibi
679 2892 851 2977 indulgere
865 2890 1050 2976 dignemini
1065 2898 1103 2957 ut
1120 2889 1171 2980 [in
1187 2891 1263 2960 abs.
1274 2893 1401 2962 fructus
1416 2895 1525 2962 facere
1540 2893 1741 3053 possit].—
1766 2891 1842 2959 Fiat

481 3000 515 3064 in
532 2999 641 3066 forma
657 2995 701 3063 ad
714 2994 896 3062 triennium
914 2992 954 3061 R.

524 3103 605 3169 Dat.
620 3122 674 3188 ap
690 3100 942 3166 villamnovam
957 3122 977 3184 4
993 3120 1072 3166 non
1087 3108 1185 3167 mart.
1201 3109 1236 3167 a⁰
1252 3108 1294 3186 3⁰.
1319 3103 1369 3187 (6,
1387 3104 1454 3188 59).

534 3239 652 3324 803·
1551 3272 1646 3338 1345,
1663 3279 1681 3337 4
1700 3274 1802 3318 mars.

527 3360 630 3443 Supp.
649 3353 916 3442 [Engelbertus],
933 3355 1061 3420 eiectus
1083 3354 1254 3433 Leodien.,
1271 3365 1361 3441 quat.
1377 3358 1439 3424 sibi
1457 3358 1641 3424 concedere
1653 3355 1846 3442 dignemini,

482 3462 573 3548 quod
589 3460 695 3547 possit
710 3467 745 3524 et
757 3458 818 3524 sibi
831 3457 1099 3540 liceat,quotiens
1111 3467 1315 3543 oportunum
1327 3460 1434 3541 fuerit,
1447 3459 1619 3546 ydoneum
1635 3460 1755 3544 eligere
1768 3479 1848 3524 con·

484 3569 653 3645 sessorem,
669 3563 724 3647 qui
741 3583 839 3647 super
854 3560 1012 3647 peccatis,
1025 3581 1090 3644 que
1106 3562 1167 3627 sibi
1186 3563 1409 3645 confitebitur,
1421 3565 1529 3649 ipsum
1541 3564 1714 3629 absolvere
1736 3563 1847 3627 valeat

486 3683 561 3750 etc„
580 3670 612 3733 in
632 3668 737 3733 sonna
753 3665 892 3731 concedi
910 3664 1125 3751 pontificibus
1141 3675 1312 3732 consueta.
1328 3666 1463 3732 -Fiat
1480 3667 1520 3733 R.

528 3773 619 3838 Item
632 3792 737 3857 Supp.,
750 3780 841 3854 quat.
852 3768 1041 3836 celebrandi
1055 3770 1180 3851 missas,
1194 3782 1229 3835 et
1241 3772 1398 3837 celebrari
1415 3792 1529 3838 coram
1545 3794 1587 3838 eo
1600 3772 1751 3851 faciendi,
1765 3778 1844 3835 ante

486 3891 518 3942 ct
544 3884 625 3964 post
641 3874 930 3940 consecrationem
957 3872 1068 3958 ipsius,
1094 3874 1199 3939 etiarn
1225 3884 1407 3959 antequam
1435 3876 1604 3941 illucescat
1628 3875 1708 3955 dies,
1737 3874 1847 3939 eidem

487 3979 668 4067 dignemini
686 3978 857 4044 licentiam
874 3977 1034 4063 impertiri
1051 3985 1126 4058 etc„
1142 3987 1181 4042 ut
1197 3978 1230 4041 in
1247 3978 1364 4044 forma.
1380 4019 1423 4027 —
1442 3977 1518 4044 Fiat
1534 3978 1574 4044 R.

529 4086 606 4150 Dat
622 4104 675 4168 ap.
691 4081 938 4147 villamnovam
955 4105 974 4165 4
990 4102 1069 4147 non.
1086 4089 1182 4146 mart.
1199 4090 1232 4146 a⁰
1248 4089 1288 4165 3⁰.
1305 4083 1354 4164 (6,
1373 4085 1437 4166 59).

537 4219 793 4304 804-807.
1545 4252 1606 4315 134
1609 4251 1640 4311 5,
1656 4257 1675 4314 ,ι
1699 4252 1803 4296 mars.

529 4341 633 4426 Supp.
650 4337 806 4402 Elbertus
820 4334 863 4399 de
879 4333 1100 4400 Bettencourt
1115 4346 1136 4414 ³,
1152 4335 1340 4420 prepositus
1363 4334 1445 4400 eccl.
1462 4334 1493 4399 S.
1522 4332 1660 4399 Martini
1677 4333 1848 4415 Leodien.,

489 4442 694 4509 consiliarius
709 4438 919 4524 Engleberti,
930 4438 1029 4503 electi
1052 4437 1223 4518 Leodien.,
1240 4448 1332 4522 quat.
1356 4439 1417 4504 sibi
1445 4439 1576 4505 decan.
1592 4440 1673 4505 eccl.
1691 4438 1849 4504 Camera-

489 4569 559 4613 cen.
586 4544 771 4630 dignemini
803 4543 1011 4629 providere;
1044 4546 1136 4628 preb.
1164 4563 1245 4607 vero
1264 4542 1352 4629 [vac.
1380 4544 1434 4608 vel
1459 4543 1588 4629 vacat]
1611 4542 1849 4609 conferendam

489 4651 607 4731 eidem,
624 4647 798 4713 donationi
816 4658 924 4731 apost.
940 4646 1122 4730 dignemini
1134 4667 1325 4726 reservare3
1342 4667 1411 4711 non
1430 4650 1516 4712 obst.
1532 4646 1623 4731 quod
1634 4647 1758 4712 dictam
1774 4666 1848 4731 pre-

490 4754 681 4839 posituram,
698 4751 782 4815 etin
798 4750 915 4834 majori
932 4748 1102 4831 Leodien.,
1119 4771 1160 4816 ac
1186 4750 1219 4814 in
1236 4749 1274 4816 B.
1292 4749 1341 4814 M.
1365 4750 1556 4830 Diouensis,
1573 4749 1732 4816 Leodien.
1749 4750 1847 4829 dioc,

493 4856 647 4936 ecclesiia
664 4876 737 4920 can.
754 4863 788 4919 et
804 4856 906 4940 preb,
923 4874 1056 4919 necnon
1072 4854 1239 4937 quandam
1255 4874 1347 4940 perp.
1364 4855 1483 4940 capell.
1500 4853 1615 4919 altaris
1637 4853 1668 4918 S.
1684 4853 1703 4931 J
1707 4853 1849 4918 ohannis

496 4961 621 5046 Evang.
646 4960 700 5025 siti
724 4960 758 5023 in
773 4957 926 5044 parroch.
943 4958 1025 5022 eccl.
1040 4957 1083 5022 de
1100 4956 1358 5038 Corwaremme,
1374 4958 1464 5024 dicte
1479 4957 1576 5037 dioc,
1592 4957 1741 5022 noscitur
1764 4956 1849 5021 obti-

497 5084 580 5129 nere.
598 5105 633 5114 -
653 5063 730 5128 Fiat
747 5062 786 5128 R.

501 5177 738 5188 ψ-

533 5220 767 5269 1101111691-
784 5223 807 5268 2.
820 5220 918 5278 nouat,
933 5235 957 5268 n.
970 5222 1025 5268 709.
1037 5249 1068 5254 -
1081 5222 1102 5268 3.
1115 5220 1147 5270 de
1159 5221 1254 5280 Tbcux,
1268 5221 1301 5278 11,
1312 5223 1394 5269 65-611.
