4650 6059
491 769 554 850 111
971 771 1058 861 1117,
1081 769 1176 850 tait
1196 770 1373 868 nomm.

490 925 678 1005 domestico
703 945 739 1005 et
762 930 980 1007 commensali
1010 935 1140 1018 Jacobo
1169 935 1213 1005 de
1240 933 1388 1025 Briiolio,
1419 933 1605 1031 presbitero
1634 923 1843 1030 Tomacensi,

489 1043 632 1110 similem
659 1044 802 1129 gratiam
829 1044 1012 1131 dignemini
1037 1042 1148 1111 facere
1174 1043 1314 1113 decan.
1340 1051 1374 1113 'et
1399 1048 1491 1135 preb.
1519 1048 1601 1116 ecci.
1629 1047 1661 1117 S.
1679 1048 1845 1139 Vaibur‘gis

491 1147 679 1229 Fumensis,
697 1146 864 1215 Morinen.
879 1149 977 1231 dion,
993 1148 1049 1235 qui
1065 1145 1192 1214 dudum
1207 1137 1342 1217 vaeavit
1366 1160 1425 1238 per
1447 1152 1501 1219 ob.
1524 1149 1697 1237 quondam
1714 1149 1844 1223 Roberti

488 1251 531 1318 de
557 1253 687 1333 Aliaco,
713 1253 793 1319 olim
820 1253 922 1339 ipsius
946 1253 1028 1320 eccl.
1052 1252 1084 1319 S.
1108 1250 1283 1338 Valburgis
1309 1269 1383 1321 can.
1409 1257 1512 1341 preb,
1539 1262 1633 1323 extra
1662 1254 1844 1325 Romanam

489 1357 614 1423 curiam
623 1356 826 1438 decedentis,
839 1378 989 1444 quosque
1005 1356 1094 1423 idem
1109 1355 1129 1435 J
1132 1360 1255 1424 acobus
1270 1358 1384 1445 vigore
1401 1360 1517 1427 similis
1531 1361 1638 1451 gratie
1659 1364 1843 1453 acceptavit

488 1469 523 1527 et
539 1462 581 1529 de
598 1462 676 1547 ipsis
691 1462 753 1529 sibi
780 1463 940 1529 canonice
961 1460 1128 1548 provideri
1152 1481 1193 1529 ac
1217 1470 1346 1530 canet
1370 1463 1462 1551 preb.
1489 1460 1659 1551 predictus
1685 1485 1748 1554 per
1770 1466 1844 1535 duos

488 1588 595 1633 annos
610 1576 645 1633 et
660 1567 746 1634 ultra
756 1567 906 1655 possedit
918 1575 953 1633 et
963 1567 1112 1654 possidet
1124 1567 1263 1653 pacifice
1275 1575 1310 1633 et
1321 1568 1434 1653 quiete
1444 1576 1479 1635 et
1494 1568 1537 1636 ad
1553 1568 1702 1657 ipsorum
1714 1571 1844 1639 titulum

488 1670 532 1738 ad
547 1692 665 1738 omnes
680 1692 793 1740 sacros
809 1671 941 1740 ordines
956 1679 1008 1738 est
1023 1679 1208 1759 promotus.
1231 1670 1365 1739 -Fiat
1381 1670 1422 1740 R.

532 1775 612 1842 Dat.
628 1776 727 1843 Avin.
745 1797 763 1860 9
779 1776 847 1844 kal.
863 1786 931 1845 oct.
947 1784 981 1844 a⁰
998 1781 1040 1843 6⁰.
1057 1778 1131 1863 (14,
1152 1776 1240 1862 103).

543 1897 682 1982 1268.
1445 1929 1541 1998 1347,
1557 1931 1598 1998 ²3
1616 1916 1805 2002 septembre.

532 2016 656 2103 Supp...
686 2014 946 2083 Bartholomeus
971 2016 1014 2083 de
1038 2013 1198 2083 Boscario
1224 2024 1245 2098 ¹,
1271 2013 1305 2081 in
1330 2012 1375 2083 U.
1393 2012 1420 2082 1.
1444 2013 1509 2098 lio,
1536 2016 1738 2105 audituque
1758 2017 1840 2088 dom.

491 2119 580 2186 card.
597 2120 807 2187 Boloniensis
834 2140 900 2188 una
926 2139 1034 2188 curn...
1061 2119 1211 2206 capitulo
1231 2117 1430 2203 Briratensi,
1446 2128 1539 2207 quat.
1554 2120 1598 2189 de
1613 2141 1690 2191 can.
1706 2132 1743 2191 et
1756 2126 1839 2213 preb.

491 2235 525 2292 et
537 2226 745 2312 prepositura
760 2226 792 2293 S.
809 2226 898 2293 Petri
925 2224 1131 2292 Caslatensis
1148 2223 1182 2291 in
1210 2222 1376 2306 Flandria,
1400 2220 1569 2293 Mutinen.
1584 2224 1685 2309 dioc..
1699 2239 1776 2296 rao.
1789 2245 1839 2316 per

491 2332 544 2396 ob.
561 2329 739 2397 Christiani
764 2331 909 2412 Pucal,...
936 2329 1045 2396 eidem
1073 2327 1111 2395 B.
1136 2327 1320 2414 dignemini
1346 2325 1522 2416 providere
1534 2351 1543 2410 ς
1560 2349 1628 2397 uon
1656 2333 1744 2398 obst.
1759 2329 1838 2418 quod

490 2455 565 2501 can.
595 2443 630 2501 et
659 2438 751 2521 preb.
781 2443 816 2501 et
846 2434 1129 2522 penitentiariam,
1159 2452 1226 2519 que
1255 2430 1399 2517 dignitas
1421 2432 1534 2501 existit
1557 2433 1591 2500 in
1616 2430 1784 2503 Moriue'n.
1804 2454 1836 2502 ac

489 2543 549 2607 sub
564 2561 640 2627 exp.
656 2543 759 2627 preb„
775 2539 875 2608 officii
892 2539 926 2605 in
939 2540 1111 2606 Pictaven.
1128 2539 1210 2605 eccl.
1227 2557 1360 2606 necnon
1376 2538 1528 2624 parroch.
1543 2539 1626 2606 eccl.
1642 2539 1676 2607 S.
1690 2538 1833 2619 Ferreoli,
1873 2561 1876 2634 ᾗ

488 2644 575 2713 dioc.
592 2643 623 2712 S.
640 2641 742 2728 Flori,
758 2643 907 2713 noscitur
922 2645 1166 2713 obtinere...--
1182 2641 1260 2712 Fiat
1276 2642 1317 2713 R.
1369 2690 1372 2694 ψ
1870 2637 1876 2751 i

531 2748 612 2816 Dat.
626 2746 727 2817 Avin.
746 2770 763 2833 9
779 2748 847 2818 kal.
864 2759 931 2818 oct.
947 2752 982 2817 a⁰
999 2753 1041 2818 6⁰.
1057 2749 1130 2835 (14,
1151 2748 1240 2835 104).
1874 2767 1876 2778 ·

540 2870 682 2955 1269.
1443 2898 1538 2970 1347,
1555 2902 1595 2969 23
1612 2884 1798 2972 septembre.

530 2988 662 3076 Supp...
680 2989 913 3072 Constancius,
928 2990 1034 3072 miles,
1050 2989 1262 3057 ambaxiator
1276 2988 1362 3076 regis
1375 2989 1546 3072 Armenio,
1562 2996 1654 3075 quat.
1675 2985 1828 3079 [familiari

486 3112 546 3158 suo
561 3091 580 3171 J
584 3093 708 3160 ohanni
723 3095 765 3162 de
782 3093 871 3175 Niel,
888 3092 1028 3181 clerico]
1046 3092 1208 3161 Leodien.
1223 3092 1322 3176 dioc„
1334 3092 1465 3161 decan.
1477 3095 1560 3161 eccl.
1572 3093 1692 3181 colleg.
1707 3094 1742 3164 S.
1755 3091 1829 3162 Mat·

485 3195 545 3262 tini
563 3196 745 3264 Leodien...
761 3197 944 3283 dignemini
960 3197 1167 3284 providere...
1188 3234 1220 3248 -
1242 3197 1319 3266 Fiat
1335 3196 1376 3265 R.

529 3300 607 3379 Dat.
624 3301 723 3368 Avin.
741 3322 758 3382 9
775 3300 841 3368 kal.
857 3309 925 3368 oct.
940 3309 974 3369 a⁰
991 3307 1033 3370 60.
1049 3302 1123 3389 (14,
1145 3304 1248 3389 1090).

539 3421 679 3520 1270.
1442 3443 1535 3521 1347,
1553 3455 1594 3519 ²4
1609 3435 1797 3523 septembre.

528 3539 650 3626 Supp...
667 3538 767 3606 frater
784 3536 950 3606 Henricus
965 3536 1008 3605 de
1017 3535 1260 3625 Canninghem,
1272 3539 1457 3607 monachus
1468 3538 1635 3626 professus
1649 3534 1831 3608 monasterii

485 3641 523 3710 B.
541 3642 589 3710 M.
606 3643 649 3710 de
665 3641 814 3730 Capella,
827 3642 869 3708 0.
885 3642 917 3709 S.
933 3640 983 3725 Β,
1001 3641 1168 3711 Morinen.
1192 3643 1289 3727 dion,
1305 3651 1419 3731 quat...
1446 3640 1667 3711 collacionem
1683 3649 1719 3711 et
1734 3640 1833 3732 provi·

483 3746 612 3814 sionem
627 3746 688 3814 sibi
712 3745 816 3815 iactas
839 3747 882 3814 de
906 3746 1054 3833 prioratu
1074 3745 1207 3830 d'Arde,
1224 3748 1348 3815 ordinis
1363 3756 1398 3815 et
1422 3747 1508 3815 dioc.
1530 3746 1769 3835 predictorum,
1783 3765 1833 3835 per

483 3852 686 3939 Philippum,
702 3852 861 3918 abbatem
885 3850 966 3918 dicti
993 3852 1197 3935 monasterii,
1214 3852 1257 3920 ad
1283 3871 1383 3941 quem
1406 3850 1548 3919 collacio
1570 3848 1653 3919 dicti
1677 3851 1834 3939 prioratus
1874 3899 1876 3904 -

481 3942 637 4044 pertinet,
661 3954 844 4043 dignemini
860 3955 1059 4023 confirmare
1082 3958 1137 4023 vel
1152 3956 1213 4023 sibi
1230 3955 1273 4023 de
1287 3976 1378 4025 novo
1389 3955 1540 4025 conferre
1550 3962 1572 4025 0.
1587 3989 1632 4009 -··
1644 3954 1724 4024 Fiat
1741 3955 1780 4025 R.

526 4061 605 4127 Dat.
621 4062 721 4128 Avin.
738 4064 756 4127 8
773 4061 840 4128 kal.
858 4069 925 4128 oct.
942 4066 976 4127 a⁰
993 4064 1035 4128 60.
1052 4061 1125 4147 (14,
1149 4062 1252 4148 1160).

536 4179 667 4262 1271.
1432 4211 1527 4283 1347,
1544 4214 1586 4280 25
1606 4195 1797 4287 septembre.

524 4295 647 4386 Supp...
664 4295 683 4377 J
687 4298 846 4381 ohannes,
872 4298 972 4385 episc.
997 4296 1196 4382 Tornaeen.,
1213 4307 1305 4388 quat.
1322 4320 1397 4367 can.
1414 4308 1448 4366 et
1464 4302 1556 4387 preb.
1572 4319 1614 4367 ac
1637 4295 1835 4368 decanatum

481 4405 562 4469 eccl.
580 4403 617 4469 B.
636 4402 684 4470 M.
701 4404 743 4469 de
770 4403 941 4483 Curtrac0,
958 4403 1044 4470 dioc.
1072 4404 1270 4487 Tornacen„
1287 4427 1370 4492 quos
1396 4404 1486 4471 idern
1512 4403 1658 4471 obtinuit
1680 4410 1717 4472 et
1733 4402 1834 4473 adhuc

481 4507 634 4572 obtinere
649 4507 769 4574 dicitur
784 4528 870 4593 mag.
887 4506 906 4585 J
910 4507 1061 4574 ohannes
1075 4508 1118 4574 de
1134 4506 1350 4595 Ydrengbem
1364 4509 1448 4596 ³,qui
1464 4514 1570 4597 nuper
1585 4510 1619 4575 iri
1634 4503 1835 4576 monasterio

482 4612 513 4678 S.
542 4611 631 4677 Petri
669 4610 712 4677 de
745 4611 921 4694 Gandavo,
948 4613 1034 4680 dioc.
1062 4612 1261 4696 Tomaceu„
1287 4614 1441 4681 habitum
1467 4613 1635 4701 religionis
1665 4605 1833 4692 1111111110,

480 4716 706 4803 dignemini...
738 4736 937 4786 reservare...
968 4717 1089 4785 danteb
1120 4720 1222 4786 certis
1241 4719 1474 4788 executoribus
1488 4713 1720 4802 in‘rnabdatis,
1749 4721 1834 4805 quat.

480 4822 605 4889 dilecto
623 4812 755 4888 officiali
773 4842 833 4889 suo
845 4821 1049 4889 Tomacensi
1060 4844 1145 4909 mag.
1159 4823 1306 4892 Guidoni
1315 4824 1358 4891 de
1368 4823 1525 4891 Bisuncio
1534 4834 1586 4907 ⁴,...
1599 4821 1759 4891 audeam
1767 4840 1834 4911 pro·

490 5027 496 5036 .
510 4959 539 5022 a)
555 4958 611 5009 (bd.
625 4960 689 5009 Sana
700 4958 778 5010 doute
790 4975 853 5024 pour
867 4976 872 5009 :
887 4956 979 5011 induit.

513 5098 534 5145 1.
546 5094 609 5144 Voir
620 5107 645 5143 n.
660 5091 729 5144 leot.
742 5122 773 5130 -
791 5097 813 5143 2.
826 5093 888 5142 Voir
899 5109 924 5144 n.
939 5095 1008 5145 1038.
1019 5123 1052 5133 -
1069 5099 1091 5146 3.
1103 5095 1166 5147 Voir
1183 5110 1207 5147 n.
1220 5099 1275 5147 281.
1287 5128 1319 5135 -
1336 5100 1357 5149 l.
1371 5098 1430 5157 Vua,
1441 5094 1569 5162 (beldin,
1582 5092 1617 5155 lt,
1633 5095 1679 5146 1⁸7
1692 5112 1699 5156 3
1711 5096 1730 5146 ll
1741 5101 1779 5147 eet
1788 5090 1831 5145 citi·

479 5172 577 5219 c‘onrme
597 5167 633 5217 tel
653 5183 684 5218 eu
708 5169 767 5219 1361
782 5165 872 5233 (lliliea
892 5169 910 5217 ll
932 5168 1028 5229 biuisis,
1046 5182 1087 5234 ap.
1104 5169 1193 5221 (aran.
1211 5171 1242 5221 de
1259 5171 1381 5235 Fiandru,
1394 5170 1430 5232 11,
1444 5171 1538 5229 118111
1550 5169 1574 5221 lc
1586 5165 1829 5221 wdbeembrettbl

480 5245 589 5305 (larnai.
606 5242 649 5292 dea
667 5244 745 5292 Arub.
763 5242 794 5292 de
811 5244 918 5306 Bruper.
940 5245 1049 5303 (banea,
1068 5245 1103 5304 ll,
1124 5247 1171 5307 19),
