4650 6059
942 787 1026 851 1342.
1053 787 1108 849 4-5
1131 788 1259 852 octobre.
1738 793 1779 856 49

424 936 682 1018 racvelvacat,
695 939 838 1005 etiamsi
855 960 913 1025 per
929 939 1131 1004 electionem
1147 946 1321 1016 creentur;
1339 939 1393 1001 vel
1410 937 1469 1002 sibi
1487 937 1612 1002 dictam
1622 998 1625 1003 ,
1635 938 1776 1022 gratiam

422 1058 570 1103 renovare
587 1039 622 1104 in
635 1043 718 1108 eccl.
743 1041 936 1122 Camoten.,
954 1042 1212 1124 Rothomagen.,
1229 1042 1283 1108 vel
1300 1039 1504 1119 Laudunen.,
1521 1061 1597 1105 cum
1616 1042 1705 1125 dign.
1722 1045 1776 1107 vel

423 1161 505 1225 pers,
514 1154 616 1227 prout
625 1144 708 1209 alias
717 1144 824 1210 fuerat
834 1146 1057 1231 supplicatum
1072 1163 1168 1222 ;cnm
1181 1163 1250 1207 non
1264 1143 1473 1209 obstantibus
1485 1143 1518 1207 in
1532 1145 1775 1229 supplicatione

422 1245 491 1309 alias
501 1243 590 1311 facta
602 1268 703 1333 super
718 1249 783 1315 hoc
799 1249 984 1328 declaratis,
1001 1250 1061 1313 sub
1077 1247 1155 1312 data
1171 1247 1289 1332 prioris
1302 1248 1407 1331 gratie
1423 1270 1431 1326 ;
1448 1248 1529 1313 alias
1545 1249 1695 1334 predicta
1703 1271 1775 1335 gra·

422 1348 460 1413 tia
472 1369 529 1435 per
544 1372 608 1415 vos
624 1351 712 1418 facta
727 1360 816 1418 esset
831 1352 957 1417 inutilis
987 1351 1097 1436 quoad
1121 1350 1330 1434 dignitatem.
1356 1391 1399 1400 —
1425 1349 1519 1417 Nulli
1550 1354 1775 1419 concessimus

421 1472 471 1536 per
493 1455 708 1537 electionem,
724 1456 784 1522 sed
798 1456 858 1522 fiat
873 1457 906 1520 in
923 1457 1005 1521 eccl.
1022 1454 1202 1533 Morinen.,
1220 1454 1321 1519 ctiam
1337 1454 1379 1519 de
1394 1454 1494 1538 dign„
1507 1463 1541 1519 et
1556 1456 1696 1539 gratiam
1707 1457 1773 1523 fac-

420 1564 478 1619 tam
494 1557 527 1621 in
543 1559 628 1624 eccl.
645 1559 677 1625 S.
694 1559 907 1645 Radegundis
922 1579 1128 1625 revocamus.
1143 1557 1183 1622 R.

363 1749 364 1756 ἵ
457 1660 530 1727 bat.
546 1662 650 1728 Asin.
666 1685 685 1748 4
701 1684 782 1729 non.
799 1673 865 1729 oct.
881 1671 914 1729 a⁰
934 1670 973 1729 1⁰.
990 1662 1034 1747 (I,
1053 1669 1158 1746 23o*).

461 1796 570 1878 228.
1444 1831 1539 1895 1342,
1555 1835 1573 1893 ᾳ
1591 1813 1729 1877 octobre.

454 1913 554 2000 Supp.
568 1914 697 1994 Petrus,
710 1914 811 2001 episc.
823 1914 1028 1981 Noviomen.
1040 1932 1060 1994 ¹,
1073 1922 1163 1997 quat.
1174 1915 1251 1979 cler.
1262 1922 1296 1978 et
1306 1915 1484 1979 secretario
1496 1936 1557 1980 suo
1571 1916 1721 1982 Henrico
1731 1916 1772 1981 de

418 2014 517 2096 Mora,
533 2018 614 2084 cler.
630 2027 795 2103 provecto
812 2019 846 2083 in
861 2018 1015 2098 decretis,
1031 2016 1171 2083 Trecen.
1188 2017 1285 2098 dioc,
1303 2018 1419 2103 nepoti
1442 2018 1533 2084 dom.
1549 2019 1713 2097 Jolrannis
1727 2020 1772 2085 dn

363 2151 366 2160 ·
417 2118 579 2186 Chastelle
595 2121 720 2202 militis,
737 2122 912 2208 providere
927 2122 1109 2206 dignemini
1125 2121 1168 2186 de
1184 2141 1257 2186 can.
1273 2124 1333 2186 sub
1346 2142 1421 2206 exp.
1432 2126 1523 2207 preb.
1534 2125 1615 2189 eccl.
1627 2124 1772 2188 Suessio-

417 2243 494 2303 nen.‚
509 2244 581 2290 non
598 2227 684 2290 obst.
701 2225 792 2308 qnod
806 2227 924 2312 capell.
941 2224 979 2290 B.
997 2223 1046 2289 M.
1064 2223 1265 2309 Magdalene
1281 2224 1314 2287 in
1331 2226 1412 2290 eccl.
1441 2224 1608 2291 Morinen.
1621 2236 1655 2293 et
1671 2248 1772 2292 unam

417 2329 524 2412 capell.
542 2328 576 2392 in
593 2330 676 2394 eccl.
693 2330 812 2413 colleg.
828 2329 870 2395 de
887 2329 1085 2408 Vinacurtis,
1101 2327 1301 2393 Ambianen.
1316 2328 1414 2408 dioc„
1436 2329 1584 2394 noscitur
1611 2330 1772 2396 obtinere.

416 2470 450 2477 -
465 2428 540 2496 Fiat
557 2430 599 2496 R.
1613 2460 1614 2464 ¹

453 2532 528 2599 Dat.
544 2535 648 2600 Asin.
665 2558 684 2620 4
700 2556 780 2601 non.
798 2545 864 2602 oct.
881 2543 915 2602 a⁰
934 2543 973 2602 1⁰.
990 2535 1033 2618 (1,
1053 2538 1141 2620 231).

459 2668 572 2751 229.
1440 2705 1534 2768 1542,
1553 2708 1571 2769 4
1589 2688 1727 2752 octobre.

450 2787 552 2873 Supp.
568 2785 717 2865 Jacobns
732 2787 775 2852 de
792 2787 936 2870 Padua’,
953 2789 985 2853 in
1002 2796 1063 2853 art.
1090 2796 1125 2852 et
1149 2787 1237 2853 med.
1264 2808 1350 2872 mag.
1381 2796 1481 2872 atque
1507 2787 1539 2852 in
1564 2789 1668 2856 theol.
1699 2792 1772 2854 bac.

415 2891 584 2975 sociusque
599 2890 719 2956 domus
734 2899 844 2956 vestre
860 2893 902 2957 de
918 2893 1067 2957 Sorbona
1083 2891 1236 2972 Parisius,
1253 2900 1343 2975 quat.
1369 2892 1430 2957 sibi
1446 2891 1488 2956 de
1515 2912 1587 2957 can.
1615 2900 1649 2956 et
1680 2896 1771 2977 preb.

414 2995 488 3076 [iac.
517 2995 575 3059 vel
602 2996 726 3078 vacat]
752 2995 785 3058 in
813 2997 894 3061 eccl.
910 2994 1097 3061 Tomacen.
1113 2995 1295 3080 dignemini
1320 2994 1495 3080 providere
1511 2996 1623 3060 -vel
1639 2994 1672 3059 in
1689 2996 1771 3061 eccl.

417 3097 576 3163 Paduana.
593 3139 637 3146 —
653 3097 728 3162 Fiat
745 3098 784 3163 R.

362 3175 370 3312 J
450 3204 530 3267 Dat.
547 3203 648 3265 Avin.
667 3225 685 3286 4
702 3223 781 3266 non.
798 3211 864 3267 oct.
881 3213 913 3267 a⁰
933 3212 971 3267 1⁰.
990 3202 1032 3283 (l,
1052 3209 1140 3285 241).

453 3337 702 3422 230-232.
1440 3372 1534 3434 1342,
1551 3371 1571 3431 5
1587 3352 1726 3417 octobre.

447 3457 552 3540 Supp.
569 3454 744 3531 Johannes
759 3455 801 3519 de
818 3454 974 3519 Oratorio
985 3471 1005 3533 ³,
1024 3454 1227 3519 Noviomen.
1253 3455 1349 3532 dioc,
1366 3456 1455 3519 doct.
1481 3456 1513 3519 in
1540 3455 1654 3536 theol,
1680 3465 1769 3539 quat.

409 3560 514 3623 eidem
542 3559 675 3623 decan.
692 3567 726 3623 et
743 3561 833 3643 preb.
851 3560 932 3622 eccl.
950 3558 987 3622 B.
1005 3557 1054 3622 M.
1081 3557 1280 3642 Trajecten.,
1305 3580 1344 3622 ac
1369 3560 1577 3644 prepositura
1604 3568 1637 3623 et
1665 3562 1770 3624 archi-

407 3664 586 3727 diaconatu
603 3663 750 3746 ejusdem
767 3664 848 3727 eccl.
866 3663 1027 3727 canonice
1043 3662 1153 3742 unitis,
1172 3682 1242 3726 vac.
1260 3663 1293 3724 in
1321 3682 1388 3726 cur.
1416 3683 1474 3746 per
1501 3671 1644 3727 mortem
1673 3661 1770 3744 Inge-

408 3768 499 3831 ranni
517 3766 560 3831 de
581 3765 678 3830 Fiefis
691 3785 712 3844 ⁴,
729 3766 902 3830 donationi
920 3775 1030 3830 vestre
1046 3786 1105 3850 per
1121 3766 1151 3829 S.
1170 3764 1208 3829 V.
1237 3766 1421 3844 reservatis
1446 3765 1626 3848 dignemini
1659 3767 1769 3850 prori-

406 3869 492 3950 dere,
510 3890 579 3934 non
598 3873 682 3933 obst.
700 3870 789 3953 quod
816 3870 967 3954 parroclr.
984 3871 1066 3933 eccl.
1084 3870 1115 3933 S.
1134 3869 1283 3933 Elizabet
1301 3869 1333 3930 in
1361 3867 1570 3946 Valencenis‚
1596 3877 1630 3931 et
1654 3890 1769 3952 qnam-

406 3975 480 4038 dam
507 3975 626 4059 capell.
644 3976 675 4037 in
693 3976 774 4039 eccl.
790 3974 832 4039 de
849 3973 883 4038 N
886 3995 949 4038 ova
967 3974 1107 4037 ecclesia
1116 3982 1136 4053 ⁵,
1164 3974 1378 4038 Cameracen.
1400 3982 1434 4036 et
1459 3972 1645 4036 Tornacen.
1670 3972 1767 4050 dioc,

407 4078 553 4142 noscitur
570 4079 730 4141 obtinere.
748 4119 790 4126 —
807 4077 881 4141 Fiat
898 4078 982 4142 sicut
999 4078 1123 4162 petitur
1150 4086 1184 4140 et
1208 4077 1356 4141 dimittat
1384 4077 1465 4140 eccl.
1491 4074 1642 4159 parroclr.
1668 4096 1766 4157 qnam

407 4181 547 4245 obtinet.
567 4181 605 4245 R.

446 4324 527 4383 231.
557 4316 643 4381 Item
661 4339 766 4403 supp„
785 4329 874 4400 quat.
891 4318 1030 4400 gratiam
1054 4318 1113 4380 sibi
1144 4317 1265 4381 factam
1291 4337 1349 4401 per
1375 4316 1427 4380 iel.
1456 4336 1519 4380 rec.
1545 4316 1634 4380 doni.
1662 4315 1767 4380 Bene-

407 4420 542 4499 dictum,
560 4422 830 4506 predecessorem
846 4429 1004 4501 vestrum,
1018 4421 1143 4485 decan.
1161 4430 1195 4484 et
1208 4423 1298 4504 preb.
1310 4421 1343 4482 in
1354 4420 1435 4484 eccl.
1448 4417 1637 4484 Morinen.6
1652 4420 1766 4503 digne-

408 4524 483 4586 mini
502 4524 700 4589 confirmare
716 4528 776 4589 sub
793 4525 871 4589 data
887 4524 1104 4609 competenti.
1121 4565 1163 4573 -
1182 4523 1256 4587 Fiat
1274 4523 1313 4586 R.

445 4668 531 4727 232.
569 4661 654 4726 Item
687 4684 782 4748 supp.
813 4671 905 4747 quat.
937 4664 996 4728 sibi
1028 4664 1199 4745 indulgere
1229 4659 1411 4743 dignemini
1443 4667 1478 4722 ut
1510 4658 1613 4743 possit
1644 4659 1765 4740 eligere

407 4764 660 4829 consessorem...

446 4869 525 4933 Dat.
543 4870 643 4933 Avin.
662 4891 678 4952 3
697 4891 775 4935 non.
793 4881 856 4936 oct.
873 4882 905 4936 «τ’
927 4882 964 4937 1¹¹.
983 4871 1024 4945 (l,
1043 4893 1059 4934 2
1065 4877 1144 4954 33‘).

438 5077 457 5121 1.
473 5075 557 5122 l’ierre
568 5073 707 5123 nnrbeov.
720 5074 743 5122 le
756 5076 783 5121 ll
797 5085 846 5123 oct.
868 5077 929 5122 1340
950 5075 1050 5133 (Enbel.
1069 5076 1088 5130 l,
1110 5077 1175 5133 3911),
1199 5070 1323 5118 transiere
1344 5074 1358 5116 a
1378 5071 1508 5116 (Flcrmont
1529 5068 1551 5115 le
1572 5071 1602 5114 25
1621 5079 1685 5128 sept.
1707 5069 1766 5113 1312

410 5146 455 5201 (ib,
469 5150 535 5207 199).
546 5150 609 5195 -2,
624 5146 828 5205 Denifletlrarl.,
846 5149 877 5200 ll.
892 5150 943 5197 117.
958 5151 1011 5203 nat,
1026 5150 1080 5196 (1211,
1090 5175 1121 5181 —
1134 5149 1155 5195 3.
1172 5145 1276 5200 Denitle,
1292 5145 1325 5200 11,
1339 5147 1392 5202 5111,
1407 5146 1520 5191 5111125
1535 5158 1540 5196 ;
1555 5142 1636 5196 Brom,
1650 5155 1674 5188 n.
1687 5143 1748 5186 111341
1762 5154 1766 5185 :

413 5220 461 5267 l'an
474 5222 596 5277 llenssen,
608 5220 676 5270 Hir.
691 5220 791 5283 lbraj„
808 5223 825 5281 l,
840 5224 878 5270 75.
888 5250 920 5256 —
934 5225 955 5268 l.
971 5223 1007 5268 lle
1019 5223 1114 5277 Tbeux,
1130 5221 1163 5276 11,
1179 5222 1259 5268 111-
1271 5223 1293 5266 5.
1308 5218 1388 5274 l'idal.
1404 5231 1427 5263 n.
1440 5219 1494 5263 11211,
1507 5243 1535 5248 —
1547 5218 1569 5261 tl.
1580 5214 1660 5261 l'idal.
1675 5229 1698 5260 n.
1712 5217 1766 5259 11211.

456 5312 516 5352 Amr.
532 5311 583 5354 vn.
600 5312 657 5361 belg.
1708 5317 1719 5352 ⁴
