4650 6059
483 801 539 865 184
982 797 1068 869 1344,
1091 794 1158 858 lla
1182 795 1347 861 novembre.

485 958 586 1013 antea
603 969 662 1032 per
677 948 791 1013 sedem
808 955 916 1034 apost.
933 946 1108 1012 reservatis
1124 969 1132 1025 ;
1150 966 1292 1030 quorum
1308 946 1443 1026 fructuS,
1450 945 1598 1011 redditus
1613 956 1647 1012 et
1662 960 1848 1033 proventus

484 1051 568 1117 dixit
584 1058 597 1084 ³
611 1072 672 1135 per
687 1052 909 1135 ignorantiam
925 1071 995 1115 non
1011 1049 1174 1115 excedere
1189 1051 1340 1115 valorem
1356 1071 1508 1116 annuum
1522 1072 1562 1135 34
1575 1052 1630 1117 lib.
1648 1053 1761 1135 Paris,
1780 1077 1846 1122 sec.

483 1164 552 1219 tax.
569 1155 708 1233 decime,
736 1164 835 1240 prout
860 1155 894 1219 in
919 1154 1038 1219 litteris
1058 1154 1177 1219 vestris
1201 1154 1277 1219 inde
1301 1155 1465 1220 confectis
1489 1156 1619 1240 plenius
1642 1159 1846 1227 continetur.

486 1259 571 1323 Cum
595 1267 708 1324 autern
724 1260 812 1325 idem
834 1280 906 1343 cap.
923 1268 1041 1344 postea
1063 1257 1277 1337 intellexerit,
1301 1258 1391 1342 quod
1414 1261 1505 1343 preb.
1529 1259 1729 1344 hujusmodi,
1753 1265 1847 1348 cujus

485 1363 729 1447 possessionem
754 1362 895 1447 adeptus
920 1370 981 1443 est,
1005 1360 1210 1446 computatis
1233 1362 1409 1427 cotidianis
1432 1362 1719 1430 distributionibus
1743 1367 1846 1452 ipsius

485 1469 576 1541 eccl,
593 1487 654 1551 pro
670 1467 798 1550 quibus,
816 1468 901 1531 ultra
923 1487 1055 1551 grossos
1077 1465 1212 1546 fructus,
1228 1486 1289 1550 pro
1304 1464 1436 1530 decima
1452 1466 1578 1530 exsolvi
1595 1471 1771 1535 consuevit
1787 1492 1846 1556 per

483 1570 650 1635 decanum
681 1579 715 1633 et
746 1570 930 1654 capitulum
962 1570 996 1633 in
1023 1568 1205 1648 communi,
1235 1568 1301 1648 ubi,
1339 1576 1539 1654 computato
1575 1573 1756 1656 preposite,
1795 1584 1844 1640 est

483 1694 640 1737 numerus
663 1673 780 1758 viginti
808 1673 906 1737 unius
932 1673 1170 1738 canonicorum
1194 1680 1229 1737 et
1251 1672 1506 1757 prebendarum,
1530 1672 1687 1739 indelicet
1711 1696 1750 1759 25
1773 1678 1845 1743 libr.

485 1776 585 1841 Paris.
601 1779 656 1841 vel
673 1778 760 1842 circa
775 1785 810 1841 et
826 1778 873 1842 sic
889 1776 1098 1841 taxationem
1115 1777 1217 1860 quam
1233 1775 1381 1854 asseruit,
1398 1784 1436 1839 ut
1458 1776 1670 1860 premittitur,
1687 1781 1821 1846 excedit
1837 1805 1845 1861 ;

483 1882 635 1966 supplico
651 1889 743 1965 quat.
759 1880 851 1946 dicto
867 1882 1051 1966 capellano,
1064 1888 1101 1945 ut
1117 1899 1186 1945 non
1202 1881 1288 1967 obst.
1303 1878 1472 1964 premissis
1487 1879 1596 1945 dictos
1611 1902 1686 1946 can.
1703 1892 1737 1947 et
1754 1887 1845 1967 preb.

483 1985 574 2049 licite
598 1986 741 2049 retinere
766 1987 890 2065 valeat,
913 2006 954 2049 ac
977 1984 1003 2049 si
1027 1984 1069 2049 de
1092 1982 1251 2069 predictis
1267 1982 1299 2046 in
1318 1982 1389 2067 ipsa
1404 1983 1513 2066 gratia
1528 1984 1627 2069 plena
1643 1992 1677 2049 et
1689 2007 1846 2071 expressa

482 2089 610 2152 mentio
638 2089 725 2153 facta
752 2088 877 2168 fuisset,
904 2088 1014 2153 eidem
1037 2085 1220 2172 dignemini
1242 2086 1413 2170 indulgere
1428 2109 1436 2165 ;
1454 2087 1641 2173 supplendo
1657 2090 1845 2174 predictum

482 2191 661 2269 delectum,
678 2191 704 2255 si
721 2191 794 2274 quis
811 2191 1027 2256 intervenerit
1043 2192 1076 2255 in
1093 2190 1282 2276 premissis;
1299 2210 1368 2255 non
1385 2191 1470 2255 obst.
1487 2191 1577 2274 quod
1592 2193 1745 2278 parroch.
1762 2198 1845 2261 eccl.

482 2294 513 2358 S.
542 2294 629 2358 Petri
657 2294 815 2375 Aniensis
841 2304 992 2360 taxatam
1020 2294 1063 2360 ad
1091 2314 1131 2359 20
1158 2294 1231 2358 libr.
1258 2302 1292 2358 et
1320 2313 1357 2358 10
1383 2294 1443 2358 sol.
1471 2292 1575 2359 Paris.
1601 2315 1663 2381 pro
1683 2296 1844 2379 decima;

481 2405 516 2461 et
543 2399 660 2482 capell.
687 2397 729 2461 de
755 2397 976 2481 Hucqueliers
998 2399 1031 2462 in
1047 2397 1218 2479 Ternesio,
1235 2396 1403 2463 Morinen.
1419 2396 1516 2478 dioc,
1533 2398 1577 2464 ad
1591 2399 1758 2466 decimam
1775 2424 1843 2469 non

482 2508 642 2579 taxatam,
659 2500 809 2565 noscitur
824 2502 986 2566 obtinere.
1002 2543 1045 2550 -
1062 2500 1140 2565 Fiat
1157 2499 1198 2565 R.

524 2653 605 2712 756.
638 2646 736 2726 Item,
768 2668 844 2713 cum
875 2650 978 2715 etiam
1009 2671 1074 2729 me,
1106 2649 1198 2715 dicto
1229 2648 1407 2728 cardinale,
1435 2650 1656 2735 supplicante,
1680 2652 1845 2736 placuerit

481 2751 589 2815 eidem
607 2750 637 2815 S.
654 2750 764 2815 facere
779 2754 921 2836 gratiam
937 2754 1041 2819 famil.
1057 2774 1135 2818 meo
1151 2752 1325 2837 Stephano
1338 2751 1438 2833 Ruffi,
1452 2754 1540 2833 cler,
1551 2753 1593 2819 de
1609 2774 1684 2819 can.
1701 2762 1736 2819 et
1752 2759 1845 2840 preb.

481 2857 562 2921 eccl.
583 2854 620 2919 B.
647 2853 695 2920 M.
718 2856 930 2941 Casletensis‚
953 2857 1103 2943 predicte
1132 2855 1301 2921 Morinen.
1328 2856 1425 2936 dioc,
1442 2877 1516 2922 vac.
1533 2857 1684 2922 similiter
1706 2879 1768 2944 per
1790 2863 1845 2925 ob.

480 2966 560 3031 dicti
575 2967 745 3049 quondam
758 2962 887 3029 Odonis
898 2964 941 3029 de
955 2962 1073 3042 Roma,
1086 2960 1190 3025 etiam
1206 2969 1285 3024 ante
1301 2960 1402 3044 ipsius
1418 2963 1472 3025 ob.
1485 2961 1660 3027 reservatis
1677 2985 1685 3040 ;
1703 2984 1844 3047 quorum

479 3068 634 3134 fructus...
651 3070 734 3134 dixit
750 3088 810 3154 per
836 3065 1061 3152 ignorantiam
1084 3084 1151 3128 non
1176 3060 1340 3127 excedere
1363 3064 1512 3127 valorem
1536 3084 1684 3128 annuum
1708 3086 1749 3130 20
1773 3067 1845 3132 libr.

481 3170 594 3249 Paris,
609 3192 673 3236 sec.
687 3181 754 3235 tax.
768 3170 908 3248 decime,
922 3178 1023 3253 prout
1035 3168 1068 3230 in
1085 3167 1204 3231 litteris
1216 3167 1335 3231 vestris
1350 3166 1428 3231 inde
1441 3166 1605 3232 consectis
1620 3168 1752 3251 plenius
1764 3191 1844 3235 con-

481 3275 629 3353 tinetur;
650 3284 685 3339 et
708 3274 797 3338 idem
821 3272 1010 3357 Stephanus
1032 3270 1199 3334 intellexit
1222 3268 1312 3353 quod
1335 3270 1474 3353 quilibet
1498 3271 1689 3352 canonicus
1713 3281 1786 3337 tam
1811 3274 1843 3337 in

480 3380 601 3460 grossis
618 3378 778 3442 fructibus
794 3397 895 3460 quam
912 3366 975 3460 pro
996 3373 1293 3453 distributionibus
1318 3375 1527 3458 conjunctim
1550 3376 1680 3439 solvere
1704 3396 1844 3441 consue-

479 3481 565 3544 verit
591 3502 653 3565 pro
671 3483 710 3546 28
727 3482 782 3545 lib.
797 3479 900 3545 Paris.
916 3481 971 3543 vel
988 3480 1076 3544 circa
1097 3498 1104 3543 :
1121 3477 1284 3563 supplicO,
1300 3485 1393 3561 quat.
1410 3478 1503 3543 dicto
1521 3477 1705 3563 Stephano,
1722 3488 1843 3544 utnon

481 3586 566 3648 obst.
584 3584 751 3668 premissis
777 3584 886 3649 dictos
902 3603 977 3648 can.
998 3590 1033 3647 et
1049 3585 1141 3668 preb.
1157 3582 1248 3647 licite
1264 3582 1387 3646 habere
1403 3602 1443 3647 ac
1464 3581 1608 3646 retinere
1623 3583 1746 3661 valeat,
1763 3604 1802 3649 ac
1818 3583 1842 3647 si

480 3688 522 3752 de
536 3688 694 3772 predictis
710 3688 743 3751 in
771 3689 843 3773 ipsa
857 3687 963 3771 gratia
978 3688 1078 3773 plena
1103 3694 1137 3750 et
1154 3706 1310 3771 expressa
1326 3685 1456 3749 mentio
1472 3685 1561 3750 facta
1585 3686 1709 3766 fuisset,
1734 3687 1842 3752 eidem

480 3791 662 3875 dignemini
686 3792 856 3875 indulgere
870 3814 878 3870 ;
906 3790 1093 3875 supplendo
1108 3789 1151 3854 de
1167 3788 1344 3874 potestatis
1366 3788 1574 3873 plenitudine
1589 3789 1718 3855 dictum
1734 3789 1843 3856 defec-

482 3903 564 3959 tum.
580 3894 713 3960 —Fiat
730 3896 769 3961 R.

525 3999 604 4062 Dat.
621 3999 721 4065 Avin.
739 4021 756 4064 2
773 4021 852 4065 non.
869 4020 948 4064 nov.
963 4006 996 4063 a⁰
1013 4005 1055 4082 3⁰.
1072 3997 1120 4080 (7,
1140 4015 1156 4080 5
1182 3997 1207 4080 ).

532 4145 642 4225 757.
1466 4176 1561 4240 1544,
1578 4180 1596 4239 4
1614 4158 1799 4222 novembre.

524 4260 625 4344 Supp.
650 4260 823 4337 Johannes
840 4260 987 4345 Vigonis,
1005 4260 1082 4324 cler.
1108 4259 1326 4323 Cameracen.
1347 4259 1444 4339 dioc,
1467 4266 1556 4342 quat.
1580 4259 1641 4323 sibi
1662 4259 1704 4324 de
1725 4262 1843 4345 capell.

480 4381 538 4425 seu
563 4362 656 4425 altari
683 4362 721 4427 B.
742 4362 885 4441 Thome,
911 4362 974 4426 sita
990 4382 1047 4425 seu
1064 4361 1129 4425 sito
1145 4361 1179 4424 in
1195 4363 1277 4426 eccl.
1295 4360 1332 4425 B.
1351 4359 1458 4425 Marie
1475 4362 1664 4441 Dionensis,
1681 4361 1842 4427 Leodien.

479 4463 576 4543 dioc,
593 4486 665 4529 vac.
682 4487 741 4550 per
755 4487 872 4551 puram
889 4474 924 4530 et
939 4466 1078 4529 liberam
1102 4465 1221 4548 resign.
1238 4465 1271 4528 in
1293 4486 1359 4529 cur.
1377 4486 1435 4550 per
1452 4464 1640 4531 Evrardum
1655 4465 1784 4531 dictum
1800 4467 1841 4531 de

480 4566 623 4651 Haloys,
651 4571 767 4653 presb,
796 4569 920 4649 factam
937 4568 971 4632 in
987 4589 1089 4633 manu
1109 4568 1199 4634 dom.
1217 4569 1350 4652 P(etri),
1368 4569 1455 4634 card.
1472 4567 1669 4648 Penestrini,
1686 4570 1841 4635 vicecan-

479 4672 601 4737 cellarii
619 4697 627 4751 ;
645 4674 736 4757 cujus
752 4673 909 4738 fructus...
925 4675 1076 4737 valorem
1105 4693 1121 4755 5
1138 4673 1266 4737 march.
1283 4693 1349 4757 arg.
1366 4693 1435 4737 non
1452 4673 1630 4739 excedunt.
1647 4714 1690 4721 -
1707 4672 1784 4738 Fiat
1801 4673 1842 4740 R.

523 4775 602 4840 Dat.
619 4778 718 4841 Avin.
737 4798 753 4840 2
771 4798 850 4842 non.
867 4799 946 4842 nov.
962 4785 995 4842 a⁰
1012 4785 1054 4861 3⁰.
1071 4779 1119 4860 (7,
1138 4778 1205 4860 58).

530 4921 773 5008 758-759.
1443 4956 1537 5019 1344,
1556 4957 1595 4999 12
1613 4937 1796 5001 nommbre.

523 5042 623 5127 Supp.
640 5040 659 5117 J
663 5041 815 5106 ohannes
831 5040 872 5105 de
890 5039 1090 5125 Columpna,
1104 5040 1134 5104 S.
1151 5041 1271 5125 Angeli
1287 5041 1372 5105 diac.
1389 5040 1489 5120 card,
1502 5048 1592 5122 quat.
1611 5038 1740 5124 [Petro,
1757 5049 1840 5105 nato

509 5231 537 5290 a)
554 5230 609 5279 ma
622 5231 693 5277 <rna
