4650 6059
933 796 1023 874 1845,
1044 797 1098 862 2-8
1120 796 1246 863 octobre.
1705 802 1766 867 235

405 952 495 1034 preb.
520 950 604 1016 eccl.
616 948 833 1036 Aycuriensis
847 956 882 1015 et
896 949 1049 1035 parroch.
1065 951 1148 1016 eccl.
1160 949 1206 1025 ¹de
1232 948 1386 1030 Biemau,
1404 950 1563 1018 Leodien.
1579 952 1676 1035 dioc,
1693 973 1769 1019 nos·

409 1055 491 1121 citur
506 1056 671 1122 obtinere.
686 1096 731 1106 -
747 1053 824 1121 Fiat
841 1054 881 1122 R.

451 1200 531 1261 932.
547 1193 635 1260 Item
651 1215 746 1281 supp.
763 1204 854 1280 quat.
871 1194 1079 1261 consimilem
1095 1215 1142 1280 gr.
1155 1195 1318 1260 facientes
1339 1193 1499 1277 Henrico,
1516 1204 1598 1261 nato
1616 1193 1767 1276 Henrici,

415 1297 515 1364 fratris
537 1299 620 1365 dicti
638 1297 783 1380 Nicolai,
799 1298 861 1365 sibi
876 1298 919 1365 de
935 1320 1008 1365 can.
1024 1302 1084 1365 sub
1110 1320 1187 1385 exp.
1203 1301 1295 1384 preb.
1313 1299 1345 1363 in
1371 1299 1453 1365 eccl.
1481 1299 1512 1365 S.
1529 1299 1669 1365 Servatii
1688 1297 1768 1365 Tra·

414 1401 572 1485 jectensis,
590 1401 750 1468 Leodien.
766 1402 864 1483 dioc,
880 1402 1063 1487 dignemini
1080 1402 1265 1488 providere,
1290 1412 1326 1468 ut
1343 1423 1450 1488 supra.
1466 1444 1509 1453 -
1527 1402 1602 1469 Fiat
1620 1403 1660 1470 R.

454 1506 530 1571 Dat.
546 1527 601 1592 ap.
618 1505 867 1572 villamnovam
886 1511 904 1572 6
920 1528 1000 1573 non.
1014 1515 1083 1575 oct.
1107 1516 1140 1574 a⁰
1155 1515 1199 1596 4⁰.
1218 1508 1268 1591 (8,
1285 1510 1369 1592 48l).

461 1650 710 1737 933-934.
1014 1670 1018 1676 ’
1441 1689 1500 1753 154
1503 1689 1534 1751 5,
1553 1691 1570 1733 2
1588 1671 1726 1735 octobre.

363 1813 365 1826 .
455 1769 553 1856 Supp.
571 1769 692 1851 Guid0,
708 1770 761 1838 tit.
779 1770 809 1837 S.
827 1770 952 1837 Cecilie
968 1775 1076 1858 presb.
1093 1772 1192 1852 card,
1210 1781 1299 1857 quat.
1321 1772 1571 1857 consanguineo
1586 1793 1646 1838 suo
1659 1772 1771 1854 Petr0,

422 1882 491 1940 nato
515 1876 595 1941 nob.
619 1874 679 1939 viri
708 1874 798 1941 dom.
825 1874 991 1953 Jobannis
1014 1876 1056 1942 de
1080 1874 1233 1961 Negella,
1257 1877 1346 1943 dom.
1372 1877 1413 1943 de
1430 1875 1635 1958 Oiiemonte,
1657 1876 1772 1941 militis

424 1976 621 2044 Suessionen.
648 1979 746 2060 dioc,
771 1980 812 2046 de
840 2000 912 2046 can.
940 1988 975 2045 et
999 1983 1091 2066 preb.
1116 1980 1276 2047 Leodien.
1300 1984 1359 2047 sub
1383 2002 1468 2067 exp,
1485 2001 1526 2046 ac
1542 1980 1597 2045 off.
1622 1980 1771 2046 custodie

425 2082 526 2166 colleg.
555 2083 638 2149 eccl.
666 2081 848 2169 Hoyensis,
873 2081 1033 2150 Leodien.
1057 2083 1154 2165 dioc,
1180 2105 1252 2150 vac.
1276 2105 1335 2170 per
1358 2087 1411 2150 ob.
1435 2083 1525 2149 dom.
1551 2082 1772 2167 Huguicionis

425 2182 607 2252 Bemardini
627 2186 669 2253 de
694 2186 867 2253 Marsiano
884 2199 904 2268 ¹,
920 2187 976 2271 qui
992 2207 1098 2272 nuper
1114 2196 1208 2253 extra
1225 2186 1323 2254 Rom.
1340 2208 1407 2254 cur.
1423 2187 1513 2253 diem
1530 2186 1647 2253 clausit
1663 2193 1770 2250 extre-

426 2310 512 2372 num,
535 2291 716 2358 reservatis
740 2291 930 2378 specialiter
944 2312 1004 2377 per
1019 2291 1132 2357 sedem
1149 2300 1258 2377 apost.
1275 2292 1353 2358 dum
1370 2292 1479 2358 adhuc
1495 2290 1584 2356 idem
1602 2289 1771 2375 Huguicio

425 2393 514 2459 vitam
531 2402 647 2480 ageret
664 2395 697 2460 in
713 2395 877 2477 humanis,
893 2395 1077 2480 dignemini
1092 2395 1278 2480 providere.
1300 2433 1332 2444 -
1354 2395 1431 2461 Fiat
1448 2395 1488 2461 R.

456 2539 536 2599 934.
565 2531 655 2597 ltem
681 2554 776 2620 supp.
804 2542 894 2619 quat.
921 2554 1008 2619 mag.
1036 2534 1198 2600 Durando
1221 2534 1370 2616 Gerardi,
1394 2535 1524 2602 decano
1547 2535 1628 2601 eccl.
1653 2535 1771 2620 colleg.

423 2633 579 2718 Enaziaci,
593 2636 845 2704 Claromonten.
854 2637 952 2717 dioc,
965 2657 1040 2724 cap.
1051 2658 1121 2718 suo,
1132 2638 1352 2725 familiarique
1364 2639 1552 2706 domestico
1563 2649 1599 2705 et
1611 2640 1772 2706 continuo

367 2773 369 2780 ·
420 2742 636 2821 commensali,
664 2742 720 2826 qui
748 2742 808 2808 sibi
834 2742 972 2807 servivit
996 2743 1039 2807 ab
1066 2741 1145 2807 olim
1169 2743 1382 2809 laudabiliter
1404 2753 1506 2828 atque
1530 2743 1642 2823 servit,
1659 2743 1772 2809 multis

417 2844 548 2910 scientie
563 2852 598 2909 et
614 2844 687 2911 aliis
702 2845 866 2911 virtutum
882 2845 1010 2911 meritis
1026 2847 1307 2928 commendando,
1320 2847 1361 2912 de
1374 2868 1449 2912 can.
1461 2856 1496 2913 ct
1506 2849 1597 2933 preb.
1611 2845 1771 2913 Leodien.

416 2950 502 3029 eccl,
519 2969 604 3034 quos
620 2949 709 3015 idem
724 2949 815 3015 dom.
841 2947 1012 3033 Huguicio
1032 2949 1112 3016 dum
1129 2950 1259 3016 viveret
1276 2952 1450 3017 obtinebat
1463 2961 1483 3032 ²,
1499 2959 1534 3016 et
1549 2972 1609 3036 per
1624 2951 1772 3035 ejusdem

412 3056 472 3131 ob,
489 3061 526 3119 ut
542 3053 758 3139 premittitur,
774 3074 858 3133 vac,
874 3052 1057 3138 dignemini
1074 3054 1251 3139 providere
1265 3078 1273 3135 ;
1291 3075 1358 3120 non
1376 3058 1462 3120 obst.
1475 3054 1565 3140 quod
1581 3050 1669 3119 idem
1685 3075 1771 3138 mag.

411 3156 587 3223 Durandus
614 3178 698 3237 can,
715 3162 806 3243 preb.
834 3178 873 3222 ac
899 3158 1016 3222 decan.
1044 3159 1077 3222 in
1101 3161 1183 3223 eccl.
1208 3160 1358 3244 predicta
1385 3159 1550 3239 Enaziaci,
1567 3180 1606 3224 ac
1623 3180 1695 3224 can.
1712 3162 1771 3223 sub

409 3284 483 3347 exp.
511 3264 603 3347 preb.
627 3263 660 3325 in
685 3264 767 3327 eccl.
789 3262 1034 3327 Catlralaunen.
1062 3284 1121 3347 per
1137 3264 1266 3328 litteras
1284 3264 1314 3329 S.
1332 3263 1371 3328 V.
1388 3264 1537 3328 noscitur
1553 3263 1713 3328 obtinere.
1730 3304 1773 3311 —

410 3366 489 3431 Fiat
514 3366 554 3432 R.

452 3471 532 3537 Dat.
548 3492 601 3557 ap.
618 3470 864 3538 Villamnovam
883 3479 900 3536 6
918 3494 997 3537 non.
1015 3482 1080 3537 oct.
1097 3483 1129 3537 a⁰
1146 3482 1189 3557 4⁰.
1207 3479 1257 3557 (8,
1276 3479 1358 3557 96⁸).

460 3611 576 3696 935.
1444 3647 1460 3689 r
1462 3646 1504 3708 34
1508 3646 1538 3705 5,
1553 3645 1573 3707 3
1592 3624 1730 3688 octobre.

452 3730 556 3814 Supp.
585 3729 752 3794 Robertus
776 3730 885 3795 dictus
910 3729 1067 3794 Flamens
1082 3729 1123 3793 de
1140 3729 1374 3814 Tyeberonne,
1395 3728 1562 3794 Morinen.
1579 3727 1675 3804 dioc,
1697 3724 1773 3809 [pro

408 3832 478 3898 ind.
495 3833 529 3896 in
546 3841 607 3897 art.
623 3833 740 3918 mort]
765 3871 796 3880 -
820 3832 894 3897 Fiat
912 3833 951 3898 R.

453 3937 535 4001 Dat.
552 3957 605 4022 ap.
622 3935 872 4003 Villamnovam
891 3959 906 4022 5
924 3959 1003 4002 non.
1017 3949 1083 4003 oct.
1100 3947 1133 4002 a⁰
1149 3946 1192 4022 4⁰.
1211 3943 1260 4020 (8,
1279 3944 1361 4020 34V).

463 4075 580 4159 936.
1444 4108 1461 4151 1
1462 4108 1504 4170 54
1505 4104 1539 4168 5,
1554 4105 1574 4168 3
1593 4086 1730 4149 octobre.

454 4194 557 4279 Supp.
586 4192 781 4272 Galhardus,
810 4194 841 4258 S.
870 4193 972 4259 lucie
1001 4196 1033 4259 in
1061 4196 1158 4259 Silice
1186 4196 1271 4260 diac.
1300 4194 1388 4259 card.
1412 4203 1431 4271 ³,
1455 4199 1546 4275 quat.
1571 4212 1646 4255 cum
1670 4209 1775 4274 nuper

411 4296 576 4361 biatlreus
587 4296 630 4361 de
643 4297 773 4362 Sanctis
783 4309 802 4377 ⁴,
815 4319 886 4382 cap.
904 4307 938 4362 et
955 4299 1056 4363 famil.
1074 4299 1279 4364 domesticus
1295 4307 1329 4362 et
1346 4297 1524 4362 continuus
1540 4294 1776 4359 commensalis

410 4401 560 4485 ejusdem
578 4400 677 4478 card,
689 4401 730 4465 de
748 4401 875 4479 Stratis,
892 4413 926 4466 et
942 4402 1116 4479 Jolrannes
1134 4402 1231 4467 Fabri
1248 4404 1289 4468 de
1307 4404 1435 4485 Quarta
1451 4400 1604 4486 parroch.
1621 4399 1776 4463 ecclesia·

410 4526 492 4584 rum,
510 4504 729 4569 Cameracen.
743 4504 840 4585 dioc,
854 4515 935 4572 tunc
948 4516 1104 4585 rectores,
1118 4508 1292 4592 cupientes
1308 4506 1415 4571 dictas
1431 4526 1506 4570 suas
1522 4505 1603 4568 eccl.
1620 4525 1661 4567 ex
1678 4503 1776 4567 certis

411 4609 664 4675 rationabilibus
689 4610 795 4674 causis
819 4609 861 4675 ad
886 4612 1028 4677 invicem
1057 4621 1256 4698 pennutare,
1282 4611 1442 4676 Matheus
1465 4631 1524 4696 per
1547 4631 1582 4674 se
1606 4609 1724 4693 ipsum,
1741 4616 1775 4670 et

413 4712 596 4791 lohannes,
624 4713 774 4798 predicti,
804 4734 862 4799 per
887 4726 1138 4800 procuratorem
1156 4717 1353 4800 legitimum,
1371 4715 1479 4779 dictas
1495 4735 1569 4778 suas
1585 4714 1666 4778 eccl.
1684 4733 1774 4797 pure,

416 4818 515 4881 libere
543 4826 592 4880 et·
605 4817 800 4903 simpliciter
826 4820 1065 4903 resignaverint
1090 4821 1121 4884 in
1146 4821 1299 4884 manibus
1315 4819 1462 4903 ejusdem
1481 4818 1568 4883 card.
1585 4816 1776 4901 recipientis

417 4920 656 5006 resignationes
680 4922 867 5005 hujusmodi
892 4923 933 4988 de
957 4925 1092 5010 speciali
1117 4925 1279 4990 mandato
1300 4933 1421 5002 vestro,
1439 4923 1515 4986 vive
1531 4923 1622 4986 vocis
1639 4921 1775 4986 oraculo

453 5170 473 5215 l.
486 5166 584 5225 Kirsch,
597 5168 672 5225 Ir'oll,
685 5172 732 5217 268
745 5186 750 5220 ;
769 5171 802 5217 ci.
814 5170 846 5218 de
859 5171 952 5218 Tireux.
971 5172 1002 5228 ll,
1018 5175 1055 5218 79.
1077 5199 1108 5204 -—
1126 5175 1148 5218 2.
1162 5163 1299 5228 blollat,'n.
1311 5171 1382 5217 litas.
1395 5198 1426 5204 —
1438 5173 1459 5217 3.
1473 5169 1585 5216 Gelburd
1598 5169 1630 5216 dc
1648 5169 1671 5214 lu
1685 5169 1774 5226 lintre,

425 5254 500 5288 neren
511 5240 542 5290 de
556 5241 672 5290 Clemeut
686 5244 707 5289 l'
720 5244 823 5305 (Eubel¹
839 5245 857 5303 l,
873 5246 923 5305 ll).
932 5273 964 5278 —
982 5248 1004 5293 Ι.
1017 5246 1116 5303 Kirscb,
1128 5244 1201 5302 Irbll,
1213 5247 1267 5293 236.
