4650 6059
481 785 540 851 212
1040 776 1126 852 1845,
1150 778 1186 842 ro
1205 777 1281 858 jin.

482 938 564 1003 eccl.
581 936 612 1001 S.
628 932 816 1016 Walburgis
832 930 860 995 F
862 930 1010 995 umensis
1023 943 1043 1010 ¹,
1061 929 1228 997 Morinen.
1245 930 1342 1012 dioc,
1359 951 1465 1017 nuper
1474 950 1533 996 sua
1551 930 1678 995 vellent
1694 929 1830 1016 predicta

482 1039 646 1109 beneficia
662 1038 705 1104 ad
721 1035 864 1102 invicem
891 1042 1093 1120 permutare,
1110 1036 1199 1101 eain
1216 1036 1370 1101 manibus
1387 1035 1427 1101 R.
1444 1035 1481 1101 P.
1507 1035 1598 1101 dom.
1616 1034 1708 1101 card.
1726 1034 1831 1101 Lemo·

483 1144 636 1224 vicensis,
653 1141 778 1208 adhoc
794 1161 814 1206 a
830 1139 861 1205 S.
879 1137 918 1205 V.
934 1140 1123 1225 specialiter
1149 1139 1303 1226 deputati
1321 1141 1457 1206 oraculo
1472 1140 1549 1204 vive
1574 1139 1679 1220 vocis,
1703 1139 1833 1224 resigna·

484 1257 571 1316 runt.
589 1249 639 1313 Ea
650 1254 787 1334 propter
795 1264 890 1329 supp.
906 1252 999 1328 quat.
1015 1244 1123 1311 dictos
1139 1265 1213 1310 can.
1230 1253 1264 1311 et
1280 1248 1371 1331 preb.
1387 1244 1519 1331 prefato
1536 1243 1648 1325 Iteri0,
1664 1264 1705 1310 ac
1720 1243 1835 1310 dIctam

485 1354 638 1442 parroch.
660 1351 742 1417 eccl.
761 1349 804 1415 de
826 1349 979 1415 Dameto
999 1349 1131 1435 prefato
1155 1350 1257 1415 Petro
1278 1350 1427 1416 conferre
1447 1348 1651 1435 dignemini;
1677 1370 1746 1415 non
1762 1351 1836 1415 obst.

487 1459 578 1545 quod
593 1456 740 1544 prefatus
757 1454 876 1519 Iterius
891 1452 1017 1519 dudum
1033 1453 1097 1519 aS.
1118 1451 1157 1520 V.
1181 1455 1324 1539 gratiam
1343 1454 1524 1521 obtinuerit
1547 1453 1590 1519 ad
1613 1454 1712 1520 coll...
1738 1453 1838 1540 episc.‚

486 1564 559 1630 dec.
576 1570 610 1627 et
626 1580 697 1646 cap.
719 1558 886 1638 parisien..
899 1564 934 1623 et
945 1578 1014 1623 non
1031 1561 1116 1624 obst.
1129 1557 1220 1644 quod
1236 1558 1327 1625 dicta
1341 1559 1447 1644 gratia
1463 1580 1531 1625 non
1547 1559 1590 1624 sit
1612 1559 1668 1625 hic
1684 1558 1839 1625 sufficien-

487 1677 538 1734 ter
548 1675 581 1732 et
591 1665 713 1732 seriose
724 1682 890 1749 expressa.
902 1660 990 1727 Item
1001 1683 1069 1727 norr
1082 1665 1168 1729 obst.
1179 1662 1270 1747 quod
1281 1662 1371 1729 dicta
1383 1663 1535 1749 parroch.
1548 1662 1630 1729 eccl.
1643 1663 1687 1729 de
1698 1661 1840 1729 Dameto

487 1772 584 1837 fuerit
595 1768 688 1836 unita
703 1764 909 1834 monasterio
924 1766 1120 1833 monialium
1136 1771 1179 1833 de
1191 1766 1401 1851 Bonasanha,
1412 1767 1501 1835 dicte
1518 1766 1736 1835 Lemovicen.
1753 1769 1841 1849 dloc,

488 1884 545 1944 aut
561 1876 643 1942 alias
668 1871 755 1941 sedis
771 1880 879 1959 apost.
896 1869 1104 1957 dispositioni
1121 1881 1300 1955 reservata,
1317 1872 1622 1959 quomodocunque
1638 1893 1715 1940 eam
1731 1893 1842 1940 vacare

489 1977 698 2066 contingeret
713 1998 773 2065 per
788 1995 917 2045 cessum
941 1974 996 2042 vel
1020 1975 1195 2044 decessum
1218 1974 1335 2064 prefati
1353 1976 1455 2060 Iterii,
1480 1988 1562 2045 tunc
1588 1979 1698 2045 ultimi
1714 1977 1844 2046 rectoris

489 2084 648 2174 ejusdem.
666 2083 754 2151 Item
770 2102 838 2150 non
858 2082 943 2148 obst.
960 2080 1051 2168 quod
1066 2079 1156 2149 dicta
1172 2082 1254 2149 eccl.
1270 2081 1313 2150 de
1337 2082 1488 2151 Dameto
1504 2104 1617 2151 curam
1640 2084 1768 2151 habeat
1783 2082 1844 2150 ani·

490 2211 631 2272 marum,
659 2196 693 2256 et
717 2189 808 2274 quod
834 2178 981 2274 prefatus
1008 2188 1126 2254 Petrus
1140 2187 1287 2275 patiatur
1302 2187 1336 2254 in
1359 2196 1452 2255 etate
1468 2187 1544 2273 des,
1561 2190 1595 2255 irr
1616 2196 1668 2271 19⁰
1684 2188 1784 2256 etatis
1794 2209 1845 2255 sue

466 2286 469 2291 ⁵
490 2316 581 2364 anno
596 2292 807 2376 constitutus,
824 2313 923 2379 super
938 2313 1005 2377 quo
1020 2290 1096 2374 det,
1110 2293 1202 2379 quod
1216 2291 1342 2360 dictam
1369 2294 1522 2380 parroch.
1539 2294 1622 2361 eccl.
1637 2295 1752 2361 valeat
1767 2293 1845 2362 obti-

490 2420 580 2483 nere,
596 2394 778 2486 dignemini
793 2397 984 2484 dispensare
999 2419 1008 2478 ;
1025 2406 1060 2463 et
1087 2395 1178 2481 quod
1202 2394 1292 2464 dicte
1318 2398 1424 2483 gratie
1453 2397 1578 2467 dudum
1602 2419 1622 2466 a
1646 2398 1678 2466 S.
1703 2398 1744 2467 V.
1764 2400 1845 2466 facte

491 2506 621 2595 prelato
638 2502 741 2571 lterio
756 2522 815 2591 per
830 2508 1022 2589 presentem
1037 2502 1181 2586 gratiam
1196 2502 1390 2568 nullatenus
1405 2503 1591 2590 derogetur.

535 2649 578 2661 -
595 2610 670 2675 Fiat
692 2628 754 2695 pro
769 2615 910 2691 utroque
936 2615 971 2671 et
996 2606 1226 2693 dispensamus
1242 2626 1318 2673 cum
1345 2606 1437 2674 dicto
1460 2608 1561 2676 Petro
1576 2629 1675 2696 super
1701 2618 1802 2691 etate,
1816 2617 1846 2675 et

491 2735 560 2783 norr
587 2718 673 2781 obst.
698 2713 789 2779 dicta
811 2713 945 2793 unione,
973 2729 1074 2797 quam
1093 2719 1208 2779 tamen
1236 2712 1400 2794 volumus,
1421 2713 1495 2800 ipso
1512 2714 1613 2781 Petro
1641 2714 1783 2782 cedente
1799 2715 1848 2780 vel

492 2819 687 2901 decedente,
703 2817 759 2884 vel
775 2817 857 2883 alias
872 2816 1126 2902 quomodolibet
1141 2815 1345 2899 dimittente,
1355 2818 1493 2904 plenum
1509 2819 1616 2887 sortiri
1633 2819 1802 2901 effectum,
1817 2827 1850 2885 et

493 2931 666 2992 remaneat
677 2921 770 2990 dicto
787 2920 890 2988 lterio
905 2919 1020 3005 gratia.
1037 2919 1078 2986 R.

538 3067 617 3131 851.
634 3058 723 3128 Item
739 3079 834 3148 supp.
850 3067 940 3146 quat.
957 3055 1127 3126 confessor
1142 3056 1317 3141 Gnidonis,
1333 3056 1424 3127 dom.
1440 3060 1482 3127 de
1502 3060 1587 3145 Reli,
1609 3062 1735 3145 militis,
1753 3059 1850 3130 Mori·

494 3186 570 3234 nen.
586 3164 683 3248 dloc,
700 3176 734 3232 et
750 3163 770 3245 J
773 3167 917 3246 ohanne,
933 3163 1044 3230 uxoris
1059 3164 1139 3251 ejus,
1156 3163 1235 3251 ipsis
1254 3164 1337 3253 [ind.
1355 3164 1388 3231 irr
1406 3174 1467 3233 art.
1480 3167 1597 3255 mort]
1612 3169 1724 3235 valeat
1736 3169 1850 3256 imper·

495 3273 559 3339 tiri.
575 3309 618 3322 -
635 3270 712 3338 Fiat
729 3271 769 3339 R.

539 3419 623 3480 852.
641 3409 728 3476 Item
744 3429 839 3496 supp.
856 3418 945 3494 quat.
963 3407 1143 3475 Vincentio
1159 3406 1208 3474 Le
1226 3406 1389 3489 Faukeur,
1406 3410 1555 3479 subdiac.
1573 3411 1742 3480 Morinen.
1758 3412 1850 3490 dioc,

496 3517 538 3584 de
554 3516 789 3582 tabellionatus
805 3514 861 3580 off.
888 3523 975 3580 auct.
992 3524 1102 3580 vestra
1127 3514 1313 3605 ‚dignemini
1340 3516 1516 3601 providere
1528 3540 1537 3598 ;
1565 3536 1633 3584 non
1660 3522 1746 3584 obst.
1767 3513 1850 3602 quod

497 3624 586 3688 idem
596 3620 792 3686 Vincentius
801 3619 843 3685 sit
859 3618 892 3683 irr
909 3618 1008 3684 sacris
1023 3617 1202 3698 ordinibus,
1219 3626 1256 3682 ut
1269 3620 1458 3704 predicitur,
1470 3621 1803 3689 constitutus-Fiat
1816 3620 1850 3685 R.

542 3726 621 3793 Dat.
638 3744 690 3813 ap.
708 3722 959 3791 Villamnovam
979 3744 1014 3809 15
1033 3721 1100 3789 kal.
1113 3723 1184 3808 julii
1202 3730 1236 3787 a⁰
1252 3730 1295 3807 4⁰.
1312 3725 1361 3809 (9,
1380 3731 1463 3812 39*').

552 3864 1659 3961 853·1345,
1677 3896 1718 3960 19
1728 3875 1813 3958 jur'n.

543 3987 643 4053 Pater
669 3984 734 4051 8⁰¹⁸.
754 3981 839 4048 Cum
862 3977 882 4060 J
885 3981 1009 4048 acobus
1033 3978 1153 4064 Molet,
1169 4003 1242 4070 cap.
1259 4004 1351 4070 perp.
1368 3984 1401 4048 in
1417 3982 1500 4049 eccl.
1516 3981 1545 4047 S.
1562 3980 1675 4047 Basilii
1693 3982 1728 4046 in
1744 3979 1849 4065 Brugis

499 4111 558 4178 per
588 4111 633 4171 se,
663 4098 698 4154 et
728 4086 900 4165 Johannes
929 4084 1055 4173 Copins
1084 4106 1157 4154 can.
1189 4096 1223 4153 et
1253 4091 1345 4174 preb.
1372 4088 1455 4154 ecel.
1482 4086 1514 4153 S.
1542 4085 1631 4152 Petri
1659 4085 1702 4152 de
1729 4086 1847 4160 Duaco,

499 4194 685 4261 Tornacerr.
712 4213 753 4258 ac
780 4194 975 4258 Atrebaten.
1002 4190 1100 4272 dioc,
1127 4192 1311 4279 presbiteri,
1335 4213 1394 4279 per
1416 4200 1667 4279 procuratorem
1689 4190 1848 4267 idoneum,

500 4321 584 4386 quos
610 4310 690 4364 tune
714 4296 876 4383 temporis
902 4296 1110 4379 obtinebant,
1134 4298 1169 4362 in
1196 4299 1349 4364 manibus
1374 4318 1449 4363 ven.
1471 4297 1507 4363 P.
1523 4296 1614 4363 dom.
1639 4295 1769 4381 P(ctri)‚
1785 4296 1848 4361 abb.

501 4403 691 4469 monasterii
721 4402 752 4468 S.
777 4399 941 4478 Johannis
967 4401 1228 4486 Angeliacensis,
1260 4402 1302 4469 O.
1330 4403 1361 4469 S.
1389 4402 1438 4483 B,
1473 4400 1667 4468 Xantonen.
1693 4401 1790 4482 dioc,
1815 4397 1847 4463 de

501 4506 637 4595 speciali
664 4502 827 4571 mandato
854 4514 965 4571 restro
991 4506 1067 4571 rire
1094 4508 1186 4573 vocis
1214 4509 1347 4578 oraculo
1375 4507 1434 4572 sibi
1464 4506 1564 4587 fact0,
1593 4504 1793 4591 recipientis,
1816 4520 1847 4567 ex

501 4628 601 4679 causa
627 4607 882 4698 permutationis
908 4605 1086 4675 dumtaxat
1112 4609 1155 4676 de
1181 4610 1260 4698 ipsis
1282 4610 1454 4677 beneficiis
1470 4610 1513 4677 ad
1530 4610 1674 4676 invicem
1699 4606 1847 4685 faciende,

501 4715 603 4783 libere
619 4713 773 4782 duxerint
790 4711 880 4800 apud
895 4712 1008 4779 sedem
1025 4722 1132 4800 apost.
1147 4714 1364 4802 resignandos
1379 4738 1387 4797 ;
1405 4736 1499 4803 supp.
1512 4723 1604 4800 quat.
1617 4711 1717 4780 dictis
1731 4713 1848 4792 Jacobo

501 4821 544 4887 de
570 4838 642 4886 carr.
670 4825 704 4884 et
728 4820 829 4905 preb..
857 4824 891 4882 et
921 4814 1068 4895 Johanni
1095 4817 1137 4885 de
1165 4822 1282 4906 capell.
1313 4820 1471 4907 predictis
1501 4820 1548 4885 sic
1573 4839 1648 4885 vac.
1679 4809 1847 4904 dignemini

502 4924 677 5012 providere
702 4946 709 5003 ;
738 4944 806 4989 non
832 4925 916 4988 obst.
941 4923 1030 5006 quod
1054 4925 1200 5008 prelatus
1223 4925 1397 5003 Johannes
1420 4924 1588 5009 quandam
1617 4925 1736 5010 capell.
1763 4922 1845 4987 sitan

503 5032 535 5095 in
562 5030 690 5115 capella
711 5030 806 5113 juxta
827 5029 948 5093 nulum
971 5029 1094 5114 regium
1120 5030 1152 5093 in
1176 5030 1297 5110 lnsula,
1319 5052 1383 5114 que
1410 5029 1591 5115 vulgariter
1617 5030 1747 5115 capella
1772 5030 1808 5091 de
1824 5021 1846 5085 ll

502 5171 756 5183 ——

537 5252 557 5301 l.
571 5249 668 5297 Vultu.
683 5250 734 5298 lr‘z‘.
748 5250 803 5297 313.
