4650 6059
1012 809 1101 882 1344,
1124 808 1159 872 31
1181 807 1311 874 octobre.
1790 813 1841 882 181

480 959 529 1026 nis
544 957 718 1042 Leodien,
733 979 877 1046 vacper
891 962 946 1026 ob.
963 957 1073 1044 Egidii
1088 957 1171 1024 dicti
1181 956 1282 1044 Bigot
1293 958 1336 1025 de
1352 959 1526 1026 Dionanto
1538 979 1559 1042 ¹,
1571 959 1732 1030 Leodien.
1744 964 1841 1046 dioc,

481 1083 550 1152 cap.
565 1063 615 1130 sui
625 1063 803 1131 domestici
819 1071 854 1130 et
874 1062 1025 1130 continui
1047 1081 1243 1143 commens,
1259 1061 1340 1129 olim
1367 1063 1457 1130 dicte
1479 1062 1561 1131 eccl.
1577 1055 1650 1132 can.
1665 1069 1769 1153 preb,
1784 1067 1841 1154 qui

483 1167 566 1254 apud
581 1165 698 1235 sedem
713 1168 856 1235 eandem
871 1167 961 1234 diem
976 1187 1073 1234 suum
1089 1166 1209 1235 clausit
1224 1173 1422 1250 extremum,
1445 1167 1628 1255 dignemini
1643 1169 1841 1256 providere;

484 1287 546 1334 non
562 1269 651 1334 obst.
667 1266 759 1352 quod
773 1265 864 1336 idem
880 1263 1043 1339 Nicotaus
1054 1258 1157 1359 ¹super
1172 1271 1271 1356 plebe
1287 1270 1319 1337 S.
1336 1269 1526 1358 Hermolay
1541 1271 1583 1338 de
1610 1271 1713 1354 Calci,
1730 1273 1842 1342 Pisan.

485 1370 699 1540 (ξοαὶοιῄυε
723 1375 979 1459 possessionem.
990 1396 1060 1442 nou
1082 1374 1199 1456 habet,
1215 1374 1250 1440 in
1274 1373 1373 1441 Rom.
1389 1395 1457 1441 cur.
1473 1376 1624 1442 noscitur
1644 1375 1784 1463 litigare.
1799 1420 1843 1430 -

512 1474 557 1540 iat
606 1526 615 1541 .
1355 1507 1358 1514 '

521 1619 605 1681 750.
621 1611 712 1678 Item
727 1634 833 1702 supp,
840 1623 933 1700 quat.
949 1635 1022 1702 cap.
1034 1635 1096 1682 suo
1107 1614 1296 1682 domestico
1304 1623 1339 1681 et
1351 1614 1514 1682 continuo
1522 1635 1706 1684 commens.
1723 1616 1843 1705 Egidio

488 1715 555 1782 lbi
570 1722 585 1751 ⁸
598 1715 643 1782 de
667 1716 700 1784 S.
724 1717 920 1785 Audomaro
943 1729 965 1802 ’,
992 1720 1102 1806 presb.
1128 1717 1298 1785 Morinen.
1322 1717 1421 1801 dioc,
1442 1740 1530 1806 mag.
1556 1723 1685 1808 capelle
1708 1743 1776 1804 sue,
1800 1722 1844 1789 de

488 1820 573 1886 altari
590 1841 650 1886 seu
676 1821 797 1907 capell.
820 1841 913 1910 perp.
938 1820 977 1888 B.
1003 1820 1064 1904 M,
1079 1821 1146 1888 sito
1170 1821 1204 1888 in
1229 1823 1313 1889 eccl.
1339 1821 1372 1888 S.
1388 1821 1536 1910 Sepulcri
1561 1823 1603 1890 de
1628 1823 1660 1891 S.
1675 1823 1843 1908 Trudone,

489 1921 641 1990 leodien.
656 1923 756 2005 dioc,
771 1946 845 1992 vac.
860 1946 921 2012 per
935 1933 1081 1992 mortem
1093 1934 1131 1992 ut
1146 1945 1256 2014 supra,
1266 1924 1449 2012 dignemini
1462 1926 1639 2013 providere
1652 1950 1662 2009 ;
1678 1948 1747 1996 non
1757 1931 1844 1997 obst.

489 2028 569 2112 quod
582 2027 675 2094 idem
700 2028 839 2116 Egidius
865 2051 941 2126 can.
967 2039 1002 2097 et
1025 2051 1168 2119 parvam
1192 2032 1285 2118 preb.
1312 2031 1346 2096 in
1371 2030 1404 2097 S.
1418 2030 1602 2098 Audomari
1617 2031 1659 2098 de
1675 2032 1707 2099 S.
1731 2032 1845 2100 Audo-

490 2151 582 2213 naro,
597 2139 634 2198 et
649 2152 726 2198 can.
741 2135 803 2200 sub
818 2155 894 2222 exp.
918 2136 1022 2221 preb,
1039 2143 1129 2201 auct.
1144 2134 1332 2201 litterarum
1346 2141 1543 2217 vestrarum,
1559 2134 1594 2200 in
1610 2135 1642 2202 S.
1657 2133 1846 2222 Walburgis

491 2231 735 2319 lumem-eccl,
753 2234 921 2306 Morinen.
936 2237 1035 2319 dioc,
1045 2237 1197 2306 noscitur
1211 2239 1373 2306 obtinere.
1388 2280 1433 2291 —
1448 2237 1524 2306 Fiat
1547 2239 1588 2306 R.

526 2338 604 2406 Dat.
618 2339 721 2407 Avin.
739 2360 757 2426 5
773 2339 842 2409 kal.
857 2363 936 2409 nov.
952 2349 987 2409 a⁰
1003 2349 1046 2428 3⁰.
1064 2344 1112 2429 (7,
1130 2341 1200 2428 39).

531 2479 638 2559 751.
1480 2515 1575 2581 1344,
1595 2515 1640 2581 31
1660 2499 1800 2563 octobre.
1873 2583 1878 2590 ¹

525 2595 626 2685 Supp.
642 2594 796 2679 Manuel,
812 2598 914 2686 episc.
929 2598 1115 2666 Vercellen.
1131 2615 1153 2678 ³,
1171 2604 1262 2682 quat.
1291 2594 1473 2684 [continuo
1487 2597 1591 2665 famil.
1607 2620 1668 2666 suo
1683 2597 1845 2685 Waltero,

489 2701 653 2783 quondam
670 2698 811 2768 Henrici
827 2702 870 2769 de
885 2700 996 2769 Busco
1010 2715 1031 2784 ⁴,
1047 2700 1143 2788 olen]
1162 2699 1324 2767 Leodien.
1339 2701 1437 2783 dioc,
1452 2701 1496 2769 de
1511 2722 1584 2769 can.
1600 2710 1636 2769 et
1653 2706 1747 2790 preb.
1763 2705 1845 2770 eccl.

489 2801 514 2869 S.
528 2803 703 2871 Gertrudie
719 2803 933 2888 Nivellensis,
957 2807 1045 2875 dioc.
1070 2804 1232 2894 predicte,
1252 2804 1309 2890 qui
1335 2805 1418 2870 olim
1439 2813 1645 2872 vacaverunt
1660 2814 1695 2872 et
1718 2805 1762 2872 de
1773 2806 1847 2892 jure

490 2915 605 2974 vacant
621 2907 656 2973 in
671 2907 765 2975 dicta
780 2911 862 2976 eccl.
878 2929 938 2996 per
953 2913 1009 2977 ob.
1024 2907 1196 2995 quondam
1212 2906 1445 2974 Bartholomei
1459 2907 1501 2973 de
1514 2906 1627 2974 Vorne
1638 2915 1659 2989 ⁵,
1675 2909 1757 2975 eccl.
1773 2928 1847 2994 pre·

488 3009 571 3078 dicte
585 3011 756 3079 scolastici
769 3019 805 3078 et
816 3033 890 3080 can.
906 3016 1009 3100 preb,
1025 3014 1107 3080 licet
1122 3011 1262 3099 Egidius
1276 3011 1319 3078 de
1336 3010 1492 3092 Horretz,
1507 3014 1616 3100 presb.
1635 3011 1727 3078 dicte
1749 3011 1846 3092 dioc,

489 3135 549 3193 eos,
570 3136 614 3181 ex
630 3136 731 3181 causa
747 3117 920 3201 cujusdam
936 3117 1195 3203 permutationis
1210 3112 1298 3201 peri
1323 3135 1402 3179 eum
1425 3113 1536 3180 minus
1559 3115 1721 3181 canonice
1746 3114 1846 3194 facte,

489 3218 634 3284 detineat
658 3219 808 3285 indebite
839 3230 1030 3307 occupatos
1057 3220 1241 3305 dignemini
1268 3218 1466 3305 providere;
1491 3239 1559 3283 non
1582 3221 1667 3283 obst.
1689 3218 1847 3304 impetra-

488 3322 574 3387 tione
601 3343 662 3408 per
681 3344 759 3388 eum
783 3323 871 3389 facta
898 3325 932 3389 in
957 3325 1127 3390 communi
1156 3324 1263 3388 forma
1286 3323 1329 3388 ad
1352 3323 1460 3388 coll...
1475 3322 1549 3388 dec.
1562 3330 1597 3387 et
1613 3323 1749 3408 capituli
1763 3324 1845 3389 eccl.

489 3424 515 3489 S.
539 3426 683 3491 Dionisii
705 3425 866 3493 Leodien.
887 3427 930 3492 de
954 3432 1031 3493 ben.
1057 3429 1138 3493 eccl.
1165 3448 1193 3493 c.
1216 3448 1245 3492 c.
1261 3427 1314 3490 vel
1339 3447 1365 3491 e.
1382 3448 1421 3504 c.,
1450 3447 1550 3509 quam
1575 3426 1636 3491 sibi
1661 3425 1843 3510 dignemini

487 3550 660 3609 reservare,
676 3539 711 3595 et
726 3530 928 3616 respondere
948 3551 955 3596 :
973 3533 1031 3597 fiat
1047 3539 1082 3596 et
1098 3538 1273 3596 remaneat
1287 3530 1347 3595 sibi
1364 3530 1471 3615 gratia
1487 3531 1605 3616 prima.
1621 3571 1664 3579 -
1681 3529 1757 3594 Fiat
1773 3529 1813 3595 R.

527 3633 606 3699 Dat.
622 3634 722 3698 nnn.
741 3655 757 3698 2
775 3634 843 3699 kal.
859 3655 937 3700 nov.
953 3643 987 3700 a⁰
1012 3643 1053 3719 3⁰.
1068 3637 1115 3718 (7,
1133 3638 1217 3719 40').

533 3768 641 3852 752·
1494 3804 1589 3868 1344,
1603 3803 1646 3867 31
1664 3785 1801 3848 octobre.

526 3887 615 3972 Sign.
632 3885 787 3970 G(uido),
804 3885 1022 3952 Cameracen.
1039 3886 1151 3970 episc,
1169 3885 1259 3969 quod
1282 3886 1362 3951 licet
1386 3893 1458 3950 tam
1486 3886 1694 3971 interipsum
1711 3886 1846 3969 ejusque

485 3990 644 4055 sicarium
660 3996 696 4052 et
710 4000 839 4073 genteS,
856 3990 1063 4075 conjunctim
1080 3997 1113 4054 et
1141 3989 1284 4070 divisim,
1300 4011 1341 4053 ex
1366 3998 1461 4075 parte
1482 4010 1557 4069 una,
1574 3997 1608 4053 et
1630 3988 1845 4074 prepositum,

484 4093 650 4159 decanum
666 4112 706 4157 ac
722 4092 905 4177 singulares
920 4093 1101 4159 canonicos
1117 4094 1200 4158 eccl.
1217 4091 1445 4172 Cameracen,
1473 4093 1677 4177 conjunctim
1694 4093 1747 4157 vel
1764 4091 1846 4157 divi-

484 4197 554 4277 sim,
571 4218 613 4261 ex
629 4204 725 4282 parte
741 4197 858 4275 altera,
874 4197 985 4280 plures
999 4196 1076 4260 lites
1102 4204 1137 4260 et
1164 4194 1392 4260 controversie
1419 4204 1531 4260 essent
1554 4204 1647 4260 mote
1663 4193 1845 4273 hincinde,

484 4312 554 4365 tam
569 4320 631 4386 per
646 4299 719 4364 vias
735 4299 1000 4385 appellationum
1017 4320 1117 4382 quam
1133 4319 1233 4383 super
1248 4299 1362 4363 multis
1386 4298 1459 4363 aliis
1482 4298 1524 4364 de
1540 4299 1659 4383 quibus
1685 4298 1845 4364 debatum

483 4413 532 4469 est
547 4411 584 4469 et
599 4402 830 4468 controversia
846 4402 933 4466 inter
953 4412 1066 4487 partes
1089 4402 1274 4490 predictas3
1300 4402 1437 4487 ipseque
1453 4402 1638 4487 episcopus,
1655 4402 1796 4468 vicarius
1812 4412 1846 4467 et

482 4515 602 4591 gentes
617 4506 767 4591 ejusdem
777 4505 884 4590 parati
900 4504 967 4570 sint
982 4512 1017 4570 et
1033 4513 1143 4571 essent
1159 4526 1199 4571 ac
1215 4526 1346 4592 semper
1361 4506 1484 4571 suerint
1493 4527 1553 4591 per
1561 4507 1651 4571 viam
1664 4506 1745 4591 juris
1760 4506 1845 4571 ordi-

481 4611 611 4675 nariam
622 4608 805 4695 procedere
818 4609 851 4673 in
863 4609 1042 4694 premissis
1052 4631 1116 4674 nec
1129 4630 1278 4693 unquam
1288 4610 1522 4696 proposuerint
1532 4609 1621 4675 aliud
1633 4618 1845 4695 attemptare,

481 4726 516 4781 et
532 4735 633 4801 super
647 4714 808 4801 predictis
817 4734 858 4778 ex
877 4724 972 4799 parte
988 4714 1069 4780 dicti
1094 4707 1233 4800 capituli
1249 4714 1365 4780 fuisset
1390 4715 1508 4780 relatio
1524 4715 1613 4780 iacta
1627 4707 1730 4798 penes
1746 4713 1778 4778 S.
1794 4711 1844 4791 V.,

513 4905 543 4960 a)
559 4902 706 4953 1111111.
719 4902 793 4962 -ro
810 4900 866 4950 car.
878 4907 912 4949 o.

519 5090 539 5136 l.
554 5087 653 5144 Kirsch,
666 5085 741 5143 Kozl.
755 5088 810 5133 215.
823 5113 853 5121 -
866 5085 940 5133 1111.
954 5086 990 5134 Ln
1002 5085 1072 5133 bulle
1083 5085 1118 5132 du
1131 5088 1160 5134 24
1174 5089 1225 5134 mai
1238 5089 1307 5144 1342,
1326 5086 1363 5134 lui
1374 5085 1509 5134 conferunt
1521 5101 1556 5133 un
1567 5088 1701 5135 canonicat
1714 5088 1730 5134 b
1742 5085 1845 5142 Furnos,

482 5159 700 5283 llpppelsspglillez
707 5158 767 5279 Αἰὶῇὺί
779 5158 856 5221 (Ray.
868 5159 944 5207 Aria.
957 5163 994 5212 5⁸,
1007 5160 1026 5206 i.
1038 5160 1107 5219 295).
1159 5162 1181 5207 3.
1192 5160 1346 5209 Emmanuel
1356 5160 1388 5208 de
1398 5160 1482 5208 Flisco
1494 5176 1500 5214 ;
1510 5162 1565 5207 voir
1573 5174 1599 5209 n.
1608 5160 1663 5207 486.
1672 5186 1705 5193 -
1713 5160 1735 5206 l.
1746 5159 1846 5222 Koron,
