4650 6059
389 418 414 772 1

940 787 1028 862 1345,
1050 786 1144 853 19-24
1163 786 1240 870 jin.
1715 797 1774 862 na

431 940 520 997 crurte
530 939 553 1012 ¹,
569 931 661 1000 dicte
670 933 858 1003 Tomacen.
868 936 966 1017 dioc.,
983 945 1205 1022 nuncupatur,
1220 937 1369 1003 noscitur
1387 937 1548 1008 obtinere.
1561 981 1602 994 -
1620 942 1696 1009 Fiat
1711 965 1773 1030 pro

365 1070 375 1138 ‚¹
429 1049 550 1123 utroque
565 1037 605 1104 R.

365 1145 375 1280 ‘i
459 1140 534 1209 Dat.
550 1163 604 1229 ap.
622 1142 871 1216 Villamnovam
891 1168 928 1233 13
945 1146 1012 1213 kal.
1026 1145 1097 1233 julii
1113 1153 1146 1212 a⁰
1161 1154 1206 1231 4⁰.
1223 1148 1270 1231 (9,
1289 1150 1372 1233 39).

365 1285 370 1329 i
464 1278 580 1364 854.
1478 1318 1573 1386 1545,
1590 1320 1631 1385 19
1641 1299 1729 1385 juin.

364 1403 368 1429 ²
457 1398 556 1486 Supp.
574 1396 744 1466 Henricus
758 1397 912 1481 Human',
929 1398 1006 1467 cler.
1023 1399 1109 1466 dioc.
1127 1396 1298 1482 Leodien.,
1315 1408 1406 1487 quat.
1423 1399 1484 1469 sibi
1501 1402 1605 1469 altare
1621 1403 1652 1471 S.
1669 1403 1773 1473 Nico·

364 1535 367 1564 t
422 1503 469 1591 lay
493 1503 596 1572 situm
624 1502 658 1570 in
679 1504 761 1571 eccl.
786 1504 938 1590 parrocb.
954 1503 997 1572 de
1019 1503 1140 1572 Monte
1156 1504 1188 1571 S.
1204 1505 1339 1571 Andree
1356 1519 1376 1587 ¹,
1392 1505 1482 1573 dicte
1499 1505 1659 1576 Leodien.
1675 1510 1772 1595 dioc.,

421 1629 484 1676 rac.
499 1608 590 1696 apud
605 1608 721 1677 sedem
736 1616 844 1695 apost.
860 1628 920 1694 per
935 1608 992 1675 lib.
1007 1609 1163 1695 resignat.
1180 1608 1214 1675 in
1229 1609 1382 1676 manibus
1405 1610 1444 1677 R.
1469 1610 1505 1678 P.
1518 1610 1609 1678 dom.
1619 1612 1773 1679 vicecan-

364 1771 366 1808 ζ
422 1713 534 1781 cellarii
558 1734 619 1800 per
642 1712 828 1780 Walterum
854 1712 897 1779 de
925 1711 1092 1799 Melenry,
1120 1716 1229 1799 presb.
1256 1712 1347 1779 dicte
1373 1714 1470 1795 dioc.,
1498 1715 1622 1782 factam
1643 1734 1664 1798 ²,
1682 1718 1774 1803 cujus

364 1825 367 1888 ἰ
423 1818 568 1885 fructus...
582 1837 621 1886 ιο
637 1818 692 1884 lib.
709 1838 801 1906 parv.
813 1816 891 1883 Tur.
908 1835 976 1884 non
993 1816 1168 1899 excedunt,
1185 1837 1251 1884 sec.
1266 1826 1336 1885 tax.
1352 1817 1483 1886 decime
1499 1819 1647 1905 antique,
1663 1820 1772 1887 eidem

364 1949 366 1978 ι
423 1922 490 1987 der.
505 1920 689 2007 dignemini
706 1917 891 2008 providere.
913 1957 946 1968 -
968 1919 1043 1985 Fiat
1059 1920 1099 1987 R.

460 2025 536 2093 Dat.
552 2045 605 2113 ap.
623 2025 872 2092 villamnovam
893 2044 929 2111 13
946 2022 1014 2091 kal.
1027 2024 1099 2111 julii
1117 2031 1150 2090 a⁰
1166 2031 1209 2109 4⁰.
1226 2026 1273 2108 (9,
1290 2028 1357 2111 45).

467 2164 579 2251 855.
1479 2197 1574 2263 1345,
1591 2200 1631 2245 22
1642 2178 1729 2262 juin.

463 2281 558 2349 Pater
586 2282 653 2349 8³¹⁰.
681 2279 766 2347 Cum
796 2280 985 2347 Annandus
1010 2279 1053 2346 de
1080 2279 1271 2347 Castaneda
1294 2300 1368 2347 can.
1385 2290 1420 2347 et
1435 2283 1527 2368 preb.
1544 2282 1576 2349 S.
1592 2281 1715 2363 Juliani
1731 2284 1774 2351 de

429 2385 559 2470 Brivata,
590 2387 622 2454 S.
655 2386 744 2453 Flori
775 2384 873 2467 dioc.,
904 2393 939 2452 et
966 2385 1106 2451 Pontius
1134 2384 1287 2452 Malaura
1312 2406 1385 2451 can.
1412 2395 1448 2452 et
1474 2390 1565 2474 preb.
1590 2386 1772 2474 Legionen.

429 2493 626 2559 ecclesiamm
662 2511 764 2557 causa
794 2489 1052 2575 permutationis
1082 2489 1237 2555 duxerint
1267 2488 1524 2575 resignanda...;
1556 2512 1651 2579 supp.
1683 2502 1773 2577 quat.

363 2665 366 2670 ,
430 2597 588 2664 Annando
602 2595 646 2662 de
661 2615 736 2663 can.
752 2603 787 2662 et
801 2596 893 2680 preb.
911 2591 1094 2678 Legionen.
1110 2604 1145 2659 et
1161 2592 1284 2660 Pontio
1299 2593 1341 2660 de
1357 2614 1430 2661 can.
1447 2603 1481 2660 et
1497 2599 1589 2681 preb.
1606 2597 1636 2662 S.
1650 2594 1774 2675 Juliani

430 2699 464 2765 de
477 2699 608 2767 Bn‘vata
625 2699 808 2785 dignemini
825 2697 1001 2784 providere
1017 2720 1025 2777 ;
1042 2718 1111 2764 non
1128 2701 1214 2764 obst.
1230 2695 1321 2782 quod
1336 2699 1528 2766 Armandus
1543 2721 1615 2768 can.
1632 2711 1667 2766 et
1682 2704 1774 2787 preb.

363 2876 364 2880 ,
431 2805 496 2871 eccl.
514 2802 703 2884 Fumensis,
721 2800 889 2869 Morinen.
905 2801 1003 2882 dioc.,
1021 2803 1204 2869 obtineat...
1220 2842 1263 2854 -
1280 2799 1355 2868 Fiat
1372 2801 1412 2870 R.

465 2908 538 2974 Dat.
553 2928 608 2996 ap.
625 2906 874 2974 villamnovam
895 2928 932 2974 10
948 2907 1015 2974 kal.
1029 2907 1100 2993 julii
1116 2915 1148 2972 a⁰
1164 2914 1207 2991 4⁰.
1225 2908 1272 2991 (9,
1292 2908 1373 2992 54V).

574 3112 580 3127 .
1480 3080 1498 3125 1
1592 3082 1610 3125 2
1665 3084 1730 3127 uin.

385 3239 388 3248 ¹
463 3047 567 3254 8813?
583 3165 756 3244 Johannes
769 3164 927 3244 Bemerii,
945 3164 1022 3229 cler.
1041 3162 1208 3228 Morinen.
1221 3162 1318 3244 dioc.,
1336 3080 1670 3230 continuugii'rviid
1684 3164 1775 3231 dom.

383 3251 386 3260 ’
432 3268 585 3336 Guillelmi
616 3269 658 3335 de
691 3268 859 3348 Fiandria,
877 3267 980 3333 famil.
1006 3277 1041 3332 et
1067 3269 1237 3353 scriptoris
1262 3270 1363 3335 vestri
1380 3279 1399 3350 ³,
1417 3270 1544 3334 nullum
1567 3268 1677 3335 adhuc
1697 3274 1775 3336 ben.

431 3377 592 3455 obtinens·
613 3381 703 3460 quat.
734 3374 794 3438 sibi
812 3372 853 3438 de
869 3375 945 3438 ben.
974 3373 1055 3437 eccl.
1073 3371 1116 3437 ad
1133 3374 1208 3438 coll.
1227 3393 1297 3459 cap.
1326 3375 1356 3439 S.
1375 3373 1555 3439 Donatiani
1587 3373 1772 3460 Brugensis,

430 3476 601 3546 Tomacen.
618 3477 715 3557 dioc.,
732 3477 912 3562 dignemini
929 3477 1115 3563 providere.
1137 3515 1169 3525 -
1192 3476 1268 3543 Fiat
1284 3499 1387 3562 usque
1405 3478 1447 3544 ad
1464 3499 1505 3562 40
1521 3479 1576 3544 lib.
1595 3479 1634 3547 R.

461 3585 537 3650 Dat.
555 3603 610 3669 ap.
628 3582 877 3647 Villamnovam
894 3601 913 3663 9
931 3581 997 3647 kal.
1011 3582 1082 3665 julii
1101 3590 1134 3646 a⁰
1150 3589 1193 3666 4⁰.
1211 3585 1259 3664 (9,
1278 3583 1345 3666 86).

381 3663 387 3816 i
465 3719 712 3805 857-869.
957 3768 960 3774 ·
1481 3752 1575 3816 1345,
1593 3756 1632 3816 24
1644 3733 1730 3813 juin.

377 3823 382 3890 ἶ
458 3840 532 3906 Her
544 3847 624 3904 sunt
635 3840 885 3926 supplicationes
899 3842 1021 3923 recepte
1033 3841 1073 3901 de
1086 3841 1246 3901 marrdoio
1257 3838 1383 3901 domini
1394 3839 1505 3912 nostri,
1513 3839 1564 3900 die
1566 3838 1654 3923 sesti
1663 3837 1774 3902 Euso-

375 3937 378 3948 '
423 3948 514 4019 ristie,
532 3946 746 4031 pontificatus
763 3964 813 4006 sm
831 3965 918 4005 (irrito
935 3950 1065 4026 priario,

365 3979 376 4128 (
458 4050 560 4135 Supp.
588 4047 756 4112 Martinus
780 4047 803 4109 li
828 4046 1041 4128 Canoingnes
1064 4045 1106 4109 de
1129 4043 1338 4125 Cholierecb,
1356 4046 1432 4110 cler.
1449 4044 1661 4110 Cameracen.
1678 4045 1774 4125 dioc.,

365 4135 367 4140 ¹
421 4164 505 4236 quat.
522 4152 584 4217 sibi
607 4151 649 4217 de
674 4158 786 4215 curata
803 4150 885 4214 eccl.
903 4151 933 4213 S.
953 4149 1092 4233 Remigii
1109 4149 1151 4214 de
1169 4149 1343 4229 Rouvroit,
1360 4148 1575 4214 Cameracen.
1597 4149 1694 4229 dioc.,
1711 4171 1775 4234 que

419 4278 474 4323 suo
489 4267 621 4322 rectore
636 4255 767 4341 privata
785 4254 817 4317 in
835 4254 901 4318 suis
914 4254 1040 4338 juribus
1056 4242 1183 4339 patitur
1199 4254 1371 4334 lesionem,
1388 4264 1421 4318 et
1437 4275 1516 4339 grex
1540 4255 1660 4320 rectori
1684 4276 1774 4321 com-

419 4363 532 4427 missus
548 4361 733 4426 directione
748 4359 860 4425 debita
871 4358 1142 4438 defraudatur,eo
1155 4359 1244 4442 quod
1254 4357 1427 4436 Johannes
1437 4359 1478 4423 de
1489 4357 1522 4423 N
1526 4359 1694 4444 ievregies,
1705 4381 1774 4426 rec-

419 4477 467 4531 tor
481 4466 642 4551 ejusdem,
660 4465 729 4550 ipsa
746 4465 872 4543 relicta,
890 4463 933 4529 ad
945 4473 1057 4548 partes
1073 4463 1287 4548 proficiscens
1310 4472 1495 4543 extraneas
1513 4465 1655 4530 eandem
1668 4467 1773 4530 eccie-

420 4571 507 4647 siam,
523 4591 559 4633 12
578 4569 675 4634 annis
687 4569 754 4653 jam
772 4568 903 4653 elapsis,
915 4567 1059 4631 deseruit
1072 4587 1134 4631 nec
1152 4566 1283 4631 inten'm
1302 4568 1333 4631 in
1350 4589 1389 4632 ca
1402 4568 1620 4652 personaliter
1631 4570 1773 4634 residere

422 4674 554 4754 curavit,
571 4684 606 4739 et
622 4673 844 4737 verisimiliter
865 4671 1009 4735 creditur
1034 4671 1103 4735 rita
1127 4670 1267 4752 functus
1285 4671 1465 4754 dignemini
1482 4672 1664 4756 providere,
1682 4682 1747 4737 etc.

460 4777 519 4842 vel
536 4779 570 4841 in
586 4778 704 4843 eadem
722 4777 802 4841 eccl.
820 4775 966 4839 edictum
985 4778 1117 4860 publice
1139 4778 1279 4863 proponi
1296 4777 1465 4857 mandare,
1482 4777 1647 4860 quodnisi
1664 4777 1773 4843 dictus

426 4893 525 4946 rector
548 4881 631 4946 infra
655 4889 780 4946 certum
802 4888 936 4966 tempus
964 4891 1170 4966 competens
1199 4882 1227 4947 ei
1246 4889 1334 4947 auct.
1353 4891 1459 4967 apost.
1476 4882 1713 4966 prefigendum,
1731 4883 1774 4947 ad

466 5266 481 5311 l.
493 5264 583 5320 iiirscb.
597 5265 670 5322 Korn,
683 5266 737 5311 277.
751 5292 781 5298 ——
794 5267 816 5313 2.
832 5264 868 5312 Id.
881 5294 909 5297 —
925 5266 946 5312 3.
959 5264 1020 5311 Voir
1032 5280 1056 5312 n.
1071 5268 1124 5313 loa.
