4650 6059
479 847 539 910 aro
1028 836 1282 917 ,1346,29jun.

482 995 567 1072 Fiat,
583 991 642 1057 sed
657 996 812 1055 teneatur
836 986 879 1051 ad
895 986 1036 1065 ordines,
1062 1006 1146 1069 quos
1170 985 1342 1071 prebenda
1366 987 1479 1070 exigit,
1507 1008 1542 1052 se
1569 988 1680 1054 iacere
1704 1009 1843 1074 promo·

481 1100 560 1163 reri.
578 1096 618 1161 R.

525 1202 604 1265 Dat.
621 1220 675 1284 ap.
693 1197 943 1261 Villarnnovam
960 1217 978 1279 3
995 1195 1062 1260 kal.
1076 1196 1147 1279 julii
1165 1204 1198 1259 a⁰
1216 1203 1257 1279 5⁰.
1274 1197 1341 1279 (11,
1361 1200 1428 1279 62).

535 1333 837 1419 1019-1020.
1548 1348 1642 1431 1546,
1660 1346 1802 1429 29jrrt'r1.

525 1458 627 1540 Supp.
645 1452 804 1529 Mathias,
824 1451 925 1536 episc.
942 1450 1195 1535 Trapesunden.
1213 1460 1231 1530 ¹,
1249 1450 1431 1534 quodcum
1460 1472 1501 1515 ex
1528 1450 1621 1516 dicto
1646 1452 1845 1536 episcopatu

483 1583 552 1639 suO,
578 1561 632 1644 qui
658 1559 691 1622 in
718 1556 869 1641 partibus
895 1553 1014 1617 Grecie
1041 1553 1164 1631 existit,
1192 1554 1283 1617 nulla
1314 1554 1476 1638 percipiat
1508 1555 1747 1633 emolumenta,
1783 1575 1845 1617 nec

484 1668 608 1730 lrabeat
624 1663 711 1728 unde
727 1661 840 1724 rivere
856 1657 971 1721 valeat
986 1666 1021 1721 et
1037 1657 1224 1721 necessaria
1240 1677 1299 1720 sua
1315 1657 1448 1736 habere,
1475 1658 1537 1722 nisi
1565 1678 1625 1743 per
1641 1658 1672 1722 S.
1689 1656 1729 1722 V.
1746 1677 1846 1742 super

485 1771 550 1834 boc
566 1774 775 1832 succurratur
790 1761 909 1839 eidem,
927 1769 1029 1843 quat,
1044 1781 1089 1824 ne
1110 1760 1142 1823 in
1166 1760 1381 1845 opprobrium
1401 1761 1479 1826 cleri
1501 1762 1614 1826 valeat
1640 1761 1845 1833 mendicare,

486 1893 574 1958 spec.
590 1892 637 1954 gr.
654 1869 826 1943 iacientes,
843 1863 953 1928 eidem
969 1863 1155 1928 concedere
1171 1863 1352 1947 dignemini
1370 1874 1407 1928 ut
1423 1865 1493 1950 ipse
1505 1864 1669 1929 beneficia
1687 1886 1846 1948 quecum-

486 1999 549 2059 que
577 1975 668 2053 eccl,
694 1991 796 2035 umun
821 1969 875 2032 rel
900 1970 1004 2052 plura,
1030 1989 1058 2032 c.
1086 1989 1115 2033 c.
1140 1968 1194 2031 vel
1220 1989 1245 2032 s.
1262 1989 1301 2049 c.,
1329 1970 1431 2034 etiam
1447 1970 1473 2033 si
1489 1969 1589 2053 dign,
1605 1976 1701 2055 pers.
1718 1971 1773 2034 vel
1790 1970 1844 2035 oss.

486 2082 640 2153 existant,
658 2077 740 2141 etin
759 2074 1021 2157 quibuscumque
1038 2072 1130 2151 eccl,
1148 2071 1212 2137 cir.
1229 2073 1282 2136 vel
1306 2072 1393 2137 dioc.
1410 2073 1606 2154 consistant,
1623 2074 1648 2137 si
1680 2073 1740 2137 sibi
1766 2074 1845 2138 alias

486 2183 647 2250 canonice
663 2179 885 2255 conserantur,
910 2176 1013 2239 libere
1037 2174 1184 2259 recipere
1210 2175 1322 2240 valeat
1347 2186 1382 2240 et
1406 2176 1498 2241 licite
1521 2177 1665 2241 retinere
1682 2186 1716 2240 et
1732 2198 1844 2241 secum

487 2307 584 2373 super
599 2285 650 2349 bis
664 2280 848 2367 dignemini
864 2264 1065 2363 dispensare.¹
1082 2275 1298 2343 Concedatur
1313 2287 1400 2344 etc...
1419 2278 1468 2345 Ut
1484 2280 1518 2343 in
1536 2279 1650 2345 lomna.
1663 2321 1707 2327 —
1721 2278 1797 2343 Fiat
1813 2280 1843 2342 in

487 2388 687 2457 commenda
703 2387 745 2452 de
761 2386 900 2450 duobus.
918 2382 957 2447 R.
976 2384 1041 2464 (ll,
1060 2382 1116 2465 70)
1224 2463 1234 2478 ,

531 2494 618 2559 Item
645 2492 728 2575 sign.
755 2489 844 2554 idem
869 2486 970 2571 episc.
998 2486 1088 2569 quod
1113 2487 1194 2551 olim
1219 2507 1294 2571 cap.
1310 2497 1351 2551 et¹
1370 2473 1514 2553 famulus
1538 2508 1616 2552 suus
1631 2487 1843 2564 domesticus,

488 2594 654 2659 Amaldus
668 2593 711 2658 de
727 2592 824 2668 Sirra,
840 2591 958 2674 presb,
975 2587 1137 2652 affectans
1159 2608 1201 2652 ex
1219 2588 1318 2653 certis
1342 2590 1451 2654 causis
1465 2601 1656 2675 permutare
1681 2594 1844 2677 capellam

488 2681 592 2763 B.'M.
607 2698 650 2762 de
666 2694 798 2774 Brasfia,
815 2692 1033 2758 cameracen.
1060 2692 1157 2771 dioc,
1180 2713 1280 2776 quarn
1305 2700 1386 2758 tunc
1412 2684 1598 2773 obtinebat,
1623 2717 1701 2761 cum
1717 2696 1845 2781 <apella

488 2803 519 2869 S.
534 2805 633 2867 Anne
649 2802 683 2865 in
699 2801 781 2865 eccl.
799 2798 829 2862 S.
846 2796 968 2862 Gudile
984 2796 1220 2875 Bruxeliensis
1236 2798 1326 2862 dicte
1342 2797 1439 2876 dioc,
1468 2820 1568 2882 quarn
1593 2809 1674 2865 tunc
1701 2800 1846 2865 condam

489 2907 687 2972 Lambertus
701 2903 811 2969 dictus
826 2902 869 2967 de
885 2900 1037 2980 Camera,
1053 2903 1173 2985 presb,
1190 2902 1376 2980 obtinebat,
1394 2902 1483 2967 idern
1499 2903 1700 2969 Lambertus
1721 2904 1848 2969 dictam

488 3010 604 3094 capell.
622 3009 652 3072 S.
669 3009 768 3071 Anne
785 3008 818 3070 in
834 3006 988 3070 manibus
998 3004 1117 3069 decani
1129 3012 1163 3068 et
1177 3025 1249 3090 cap.
1262 3004 1351 3069 dicte
1364 3007 1446 3070 eccl.
1459 3005 1490 3070 S.
1507 3005 1638 3085 Gudile,
1652 3007 1696 3072 ad
1705 3028 1845 3090 quorum

487 3114 561 3177 coll.
578 3112 669 3175 dicta
686 3111 815 3194 capella
831 3116 973 3193 spectat,
990 3127 1089 3171 causa
1106 3107 1196 3173 dicte
1213 3109 1474 3192 permutacionis
1490 3131 1571 3194 pure
1588 3119 1622 3174 et
1650 3111 1754 3175 libere
1770 3112 1847 3175 resi-

488 3216 612 3300 gnarit,
630 3214 758 3298 ipsique
774 3213 846 3276 dec.
864 3220 898 3275 et
915 3231 986 3295 cap.
1004 3212 1121 3295 capell.
1139 3212 1244 3295 ipsam
1273 3213 1303 3275 S.
1332 3213 1429 3275 Anne
1456 3213 1548 3278 dicto
1572 3214 1723 3278 Arnaldo
1748 3235 1847 3279 causa

487 3318 635 3403 predicta
652 3316 863 3380 contulerunt
891 3313 1065 3396 dictusque
1090 3314 1258 3379 Arnoldus
1282 3317 1399 3379 volens
1422 3316 1548 3381 dictam
1564 3317 1730 3401 capellam
1750 3318 1781 3381 S.
1800 3316 1848 3382 M.

487 3423 661 3503 resignare,
678 3418 807 3482 invenit
823 3416 913 3500 quod
929 3419 1032 3480 abbas
1048 3425 1081 3480 et
1098 3438 1197 3482 conr.
1214 3419 1244 3482 S.
1257 3418 1425 3482 Lamberti
1443 3418 1630 3499 Lisoiensis,
1643 3420 1734 3485 dicte
1751 3421 1848 3498 dioc,

489 3527 531 3592 ad
548 3511 688 3609 quorum
705 3523 781 3586 coll.
799 3521 871 3605 ipsa
888 3520 1017 3603 capella
1033 3528 1175 3605 spectat,
1192 3531 1265 3585 erat
1289 3523 1648 3588 excommunicationis
1673 3526 1848 3589 sentencia

489 3635 576 3692 auct.
592 3626 682 3691 dom.
699 3623 800 3709 episc.
818 3623 1035 3687 Cameracen.
1052 3622 1241 3702 innodatus
1258 3634 1293 3689 et
1309 3627 1352 3689 ob
1377 3625 1441 3690 boc
1467 3647 1485 3690 a
1507 3626 1598 3690 dicta
1624 3627 1850 3711 resignatione

488 3731 631 3797 cessavit
648 3738 682 3793 et
699 3730 742 3793 ad
758 3726 993 3811 resignandum
1010 3727 1126 3812 ipsam,
1144 3727 1223 3792 dum
1240 3731 1344 3793 abbas
1360 3730 1431 3814 ipse
1443 3739 1531 3795 esset
1544 3732 1727 3811 absolutus
1741 3743 1849 3796 certos

489 3834 662 3900 constituit
678 3840 920 3918 procuratores,
937 3839 971 3894 et
997 3839 1180 3913 antequam
1198 3831 1285 3895 idem
1307 3833 1475 3898 Arnoldus
1499 3855 1574 3898 eam
1590 3836 1756 3919 potuisset
1773 3836 1849 3900 resi-

489 3939 694 4024 gnare,circa
711 3946 854 4020 quatuor
869 3956 1001 3999 menses
1016 3945 1093 4021 post
1108 3936 1161 3999 vel
1179 3936 1277 4013 circa,
1290 3936 1399 4001 dictus
1415 3937 1614 4004 Lambertus
1629 3940 1794 4024 expiravit
1807 3951 1849 4019 et,

490 4044 648 4107 defuncto
665 4041 737 4125 ipso
753 4038 1060 4118 Lamberto,dictus
1076 4039 1244 4103 Arnoldus
1259 4040 1385 4104 dictam
1397 4042 1562 4126 capellam
1575 4040 1613 4106 B.
1632 4040 1680 4107 M.
1694 4042 1729 4107 in
1745 4042 1849 4107 mani-

491 4150 551 4209 bus
568 4144 737 4227 cujusdam
753 4144 873 4206 notarii
892 4143 1015 4225 publici
1044 4143 1232 4226 resignavit,
1261 4165 1362 4227 quam
1390 4146 1523 4228 quidem
1552 4147 1737 4232 impetrans
1763 4157 1849 4212 auct.

492 4247 564 4311 SV.
582 4246 773 4329 acceptarit
790 4266 829 4309 ac
847 4245 925 4309 secit
941 4247 1002 4310 sibi
1018 4247 1059 4311 de
1077 4268 1116 4311 ea
1133 4249 1424 4332 prouideriQuare
1440 4271 1535 4335 supp.
1546 4251 1634 4315 idern
1646 4252 1748 4337 spise.
1759 4262 1850 4337 quat.

493 4351 551 4412 sibi
571 4350 601 4412 in
620 4369 704 4432 pers.
721 4349 800 4411 dicti
818 4349 956 4412 Arnoldi
974 4371 1062 4433 spec.
1079 4372 1125 4433 gr.
1143 4351 1314 4432 facientes
1332 4354 1406 4417 coll.
1431 4375 1488 4439 per
1512 4354 1621 4420 dictos
1636 4355 1709 4421 dec.
1726 4366 1761 4420 et
1778 4376 1851 4440 cap.

492 4453 533 4514 de
550 4452 640 4514 dicta
658 4453 776 4534 capell.
794 4451 824 4515 S.
841 4454 951 4529 Anne,
969 4461 1005 4515 ut
1023 4454 1236 4536 premittitur,
1254 4456 1389 4536 saetam,
1407 4467 1512 4522 ratam
1529 4468 1563 4523 et
1579 4468 1710 4543 gratam
1728 4460 1851 4524 haben-

494 4567 553 4632 tes,
580 4576 653 4618 eam
750 4556 902 4619 1lrnoldo
927 4556 1106 4639 dignemini
1134 4561 1331 4625 confinnare
1358 4564 1410 4625 uel
1438 4563 1479 4627 de
1504 4583 1554 4641 ea,
1571 4563 1596 4626 si
1623 4583 1707 4648 opus
1733 4562 1785 4640 sit,
1811 4560 1851 4624 de

492 4681 583 4723 noro
598 4658 783 4741 prouidere.
800 4700 842 4706 -
860 4658 945 4738 Fiat,
963 4661 1072 4724 sinon
1091 4661 1131 4726 sit
1149 4663 1243 4727 alteri
1257 4664 1310 4748 jus
1327 4666 1493 4748 quesitum
1512 4667 1544 4730 in
1562 4687 1607 4732 re.
1625 4665 1665 4730 R.

537 4761 624 4825 Item
641 4782 735 4845 supp.
751 4762 838 4824 idem
856 4763 956 4846 episc.
973 4773 1063 4846 quat.
1080 4766 1139 4829 sibi
1158 4765 1190 4828 in
1207 4787 1291 4851 pers.
1308 4768 1389 4833 dicti
1404 4771 1544 4835 Arnoldi
1561 4792 1649 4856 spes.
1666 4783 1713 4855 gr.
1730 4770 1853 4835 facien·

492 4877 552 4946 tes,
569 4868 645 4928 ben.
662 4865 742 4928 eccl.
760 4886 787 4928 c.
805 4886 833 4929 c.
850 4867 903 4929 rel
920 4888 944 4930 s.
962 4888 1001 4944 c.,
1018 4869 1079 4931 etsi
1097 4890 1181 4952 pers.
1199 4872 1329 4950 existat,
1347 4884 1503 4957 spectans
1519 4874 1561 4939 ad
1578 4874 1654 4938 coll.
1671 4875 1804 4939 abbatis
1819 4884 1853 4939 et

493 4991 591 5034 conv.
603 4970 795 5032 monasterii
813 4971 844 5034 S.
862 4970 950 5034 Petri
970 4971 1242 5053 Halfliginiensis,
1261 4975 1301 5041 ().
1316 4977 1347 5041 S.
1361 4977 1410 5057 B,
1429 4978 1646 5042 Carneraeen.
1663 4978 1762 5056 dioc,
1779 5000 1854 5044 vac.

493 5074 545 5137 vel
562 5072 807 5157 quamprinuun
825 5075 970 5154 vacabit,
988 5075 1225 5140 conserendum
1243 5079 1351 5143 eidem
1372 5082 1551 5163 dignemini
1575 5102 1743 5147 reservare
1758 5105 1766 5161 ;
1784 5104 1854 5148 non

525 5267 548 5311 1.
560 5264 622 5311 Voir
634 5278 658 5312 n.
677 5266 731 5311 91⁴.
