4650 6059
1029 788 1116 863 1343,
1139 788 1158 854 6
1181 790 1307 856 octobre.
1794 791 1847 858 llo

495 941 670 1007 Parisiense
685 939 840 1020 accessit,
861 939 916 1005 ubi
932 946 984 1005 est
999 939 1041 1005 de
1065 940 1222 1025 presenti.
1239 938 1373 1020 Verum,
1390 960 1467 1005 cum
1490 941 1579 1007 idem
1593 939 1713 1006 Petrus
1728 941 1846 1007 timeat

494 1046 607 1112 dictum
619 1045 819 1131 capitulum,
832 1052 968 1129 propter
976 1045 1203 1127 juramentum
1216 1044 1402 1129 predictum
1415 1048 1457 1110 ab
1470 1066 1510 1111 eo
1523 1046 1708 1132 prestitum,
1720 1045 1844 1112 dictam

494 1151 516 1214 ei
529 1150 703 1215 licentiam
726 1148 769 1213 de
778 1150 851 1233 jure
867 1147 1051 1214 concedere
1067 1148 1278 1231 nequitisse3
1302 1168 1397 1233 supp.
1414 1156 1514 1231 quat,
1527 1149 1718 1232 juramento
1734 1149 1844 1233 hujus·

493 1254 569 1319 modi
602 1263 639 1319 et
667 1255 920 1338 quibuscunque
946 1244 1089 1332 statutis
1106 1252 1401 1318 consuetudinibus
1431 1253 1532 1337 ipsius
1555 1253 1696 1318 ecclesie
1718 1275 1844 1338 nequa·

493 1378 581 1441 quam
612 1362 713 1437 obst,
744 1358 997 1423 concessionem
1020 1357 1110 1422 dicte
1134 1356 1269 1421 licentie
1306 1363 1412 1421 ratam
1442 1366 1476 1421 et
1513 1367 1644 1441 gratam
1670 1358 1841 1436 habentes,

492 1482 554 1526 eom
579 1463 644 1528 sibi
672 1462 856 1545 dignemini
873 1462 1068 1526 confirmare
1084 1481 1124 1525 ac
1139 1460 1293 1545 supplere
1315 1459 1493 1540 defectum,
1519 1460 1545 1525 si
1571 1461 1643 1544 quis
1670 1460 1781 1525 extitit
1807 1461 1841 1524 in

491 1566 662 1650 premissis.
679 1603 713 1615 -
735 1565 812 1630 Fiat
828 1564 868 1631 R.

524 1668 625 1749 Item,
658 1691 735 1735 cum
763 1668 981 1734 interdictos
1008 1668 1191 1753 capitulum
1217 1675 1251 1731 et
1276 1667 1421 1748 Petmm,
1449 1676 1486 1732 ut
1516 1668 1641 1733 dictam
1671 1668 1841 1733 licentiam

489 1772 568 1837 idem
586 1773 708 1839 Petrus
723 1773 853 1838 facilius
869 1774 1044 1852 obtineret,
1063 1781 1176 1837 actum
1200 1769 1298 1834 fuerit
1324 1772 1512 1857 specialiter
1527 1782 1561 1835 et
1578 1781 1781 1837 conventum
1801 1792 1841 1837 ac

485 1877 582 1941 etiam
595 1878 791 1962 juramento
819 1877 996 1966 firmatum,
1019 1876 1118 1960 quod,
1135 1879 1284 1961 quolibet
1306 1877 1471 1943 dictorum
1498 1884 1642 1959 quatuor
1667 1896 1841 1953 annorum,

484 1980 641 2046 deberent
657 1980 700 2046 de
716 1981 876 2046 fructibus
900 1983 990 2065 preb.
1015 1979 1164 2065 predicte
1189 1981 1269 2045 dicti
1288 1980 1377 2044 Petri
1408 1985 1444 2044 16
1472 1980 1528 2045 lib.
1550 1979 1650 2045 Paris
1673 1979 1841 2060 det'alcari,

481 2098 512 2149 et
527 2106 635 2171 penes
661 2084 846 2169 capitulum
870 2104 931 2169 pro
956 2083 1185 2150 distribuendo
1208 2085 1295 2149 inter
1319 2092 1489 2169 presentes
1516 2084 1706 2163 canonicos,
1722 2086 1777 2149 vel
1800 2084 1842 2150 de

481 2189 525 2253 eis
551 2209 616 2275 pro
651 2208 767 2253 eorum
794 2188 889 2253 libito
913 2188 1132 2268 ordinando;
1164 2210 1260 2274 supp.
1285 2189 1345 2254 sibi
1376 2189 1519 2279 gratiose
1546 2188 1694 2267 concedi,
1722 2195 1758 2251 ut
1784 2208 1843 2272 per

480 2291 568 2356 idem
598 2290 865 2376 quadriennium,
889 2291 981 2357 dicto
1010 2291 1196 2355 litterarum
1227 2291 1337 2356 studio
1362 2291 1554 2371 insistend0‚
1580 2291 1688 2357 dictos
1711 2312 1842 2375 grossos

480 2396 619 2476 fructus,
635 2415 704 2460 non
721 2397 807 2460 obst.
823 2395 939 2479 pactis,
956 2396 1235 2461 conventionibus
1251 2405 1285 2460 et
1302 2397 1495 2480 juramento
1510 2395 1677 2481 predictis,
1694 2417 1770 2460 cunr
1786 2396 1842 2461 illa

480 2500 687 2583 integritate,
703 2500 775 2565 sine
790 2520 989 2584 quacunque
1009 2499 1233 2565 defalcatione
1245 2499 1394 2584 recipiat,
1411 2499 1589 2564 cotidianis
1603 2500 1842 2565 distributioni·

477 2608 540 2669 bus
556 2604 725 2669 duntaxat
741 2604 900 2689 exceptis
917 2625 993 2670 cum
1009 2624 1074 2688 qua
1090 2604 1164 2670 illos
1184 2604 1371 2689 perciperet
1387 2604 1412 2669 si
1430 2604 1463 2667 in
1487 2604 1605 2668 eadem
1627 2604 1707 2670 eccl.
1732 2625 1843 2690 perso·

477 2708 603 2772 naliter
619 2706 788 2772 resideret.
804 2748 847 2755 —
863 2705 938 2772 Fiat
956 2708 995 2773 R.

522 2810 606 2875 Dat.
624 2831 677 2896 ap.
693 2809 942 2876 Villamnovam
959 2832 976 2876 2
995 2832 1072 2876 non.
1089 2819 1155 2876 oct.
1173 2821 1206 2876 a¹¹
1224 2817 1265 2876 2¹³.
1279 2812 1325 2893 (3,
1344 2813 1448 2895 247l').

529 2962 774 3047 528·529.
1507 2976 1794 3063 1343,6oct0ore.

522 3082 628 3167 Supp.
656 3081 840 3159 johannes,
870 3101 927 3145 rex
960 3078 1107 3159 Boemie,
1139 3088 1174 3144 et
1204 3080 1389 3165 Adolpbus,
1416 3079 1518 3164 episc.
1557 3077 1727 3159 Leodien.,
1752 3087 1842 3164 quat.

482 3187 648 3272 [johanni
676 3187 717 3252 de
746 3185 875 3264 Morka,
900 3185 979 3249 dicti
1007 3185 1092 3276 regis
1120 3185 1367 3269 consanguineo
1393 3206 1433 3249 ac
1458 3185 1558 3269 ipsius
1581 3185 1728 3269 episcopi
1752 3184 1841 3248 fratri
1888 3184 1892 3191 ’

479 3289 695 3375 gemrauo¹],
723 3291 764 3355 de
790 3311 861 3354 can.
887 3290 968 3353 eccl.
996 3288 1185 3372 Trajecteu.
1210 3290 1390 3369 dignemini
1417 3289 1592 3373 providere
1618 3312 1626 3369 ;
1655 3292 1745 3373 preb.
1762 3310 1842 3352 vero

481 3394 584 3477 ipsius
601 3396 693 3472 eccl,
705 3415 744 3458 ac
756 3395 1035 3478 supplementum,
1052 3414 1183 3457 necnon
1197 3393 1285 3474 dign.
1303 3395 1355 3455 vel
1369 3413 1464 3477 pers,
1481 3414 1538 3456 seu
1552 3393 1607 3457 off.
1620 3414 1648 3457 c.
1660 3414 1688 3457 c.
1700 3395 1752 3456 vel
1766 3415 1790 3457 s.
1801 3415 1840 3471 c,

480 3506 679 3561 consuetam
693 3499 746 3561 rel
761 3505 956 3562 consuetum
976 3497 1144 3560 canonicis
1157 3497 1303 3579 ejusdem
1317 3498 1398 3560 eccl.
1412 3496 1580 3578 assignari,
1599 3497 1632 3560 in
1651 3496 1740 3560 dicta
1760 3499 1840 3560 eccl.

480 3601 670 3684 Trajecten.
690 3601 780 3686 [vac.
796 3602 848 3664 rel
862 3599 999 3685 vacat}
1014 3599 1249 3664 conserendam
1260 3621 1317 3663 seu
1328 3600 1564 3664 conterendum
1577 3600 1667 3664 (licto
1683 3599 1839 3676 Johanni,

480 3705 663 3787 dignemini
679 3726 848 3770 reservare
863 3729 869 3782 ;
887 3725 954 3768 non
983 3706 1066 3767 obst.
1095 3705 1228 3767 statutis
1244 3706 1297 3767 rel
1323 3704 1618 3769 consuetudinibus
1641 3703 1729 3767 dicte
1747 3704 1838 3780 eccl,

481 3821 512 3872 et
529 3810 705 3893 presertim
723 3810 785 3874 illis
802 3810 919 3893 quibus
936 3809 1043 3872 careri
1061 3807 1182 3871 dicitur
1199 3808 1288 3886 inibi,
1317 3809 1406 3891 quod
1424 3808 1609 3891 hujusmodi
1627 3808 1837 3891 supplemen-

481 3926 561 3992 tum,
579 3934 710 3977 necnon
727 3914 814 3996 dign.
832 3914 885 3976 rel
901 3933 986 3996 pers.
1003 3933 1060 3975 seu
1077 3911 1132 3975 off.
1150 3912 1321 3975 canonicis
1348 3912 1436 3975 dicte
1453 3913 1534 3975 eccl.
1552 3910 1580 3973 T
1583 3912 1739 3992 rajecterr.
1756 3910 1838 3973 cluri-

482 4026 571 4081 turat
588 4018 803 4101 prebendatis
820 4016 1054 4081 consueverint
1078 4016 1234 4097 assignari
1249 4039 1257 4092 ;
1275 4037 1331 4079 seu
1348 4015 1437 4098 quod
1464 4015 1552 4078 idem
1576 4013 1749 4088 Jolrannes
1766 4034 1837 4077 carr.

483 4133 512 4183 et
529 4124 620 4205 preb.
638 4143 677 4185 ac
694 4122 897 4185 scolastriam
915 4121 996 4184 eccl.
1013 4120 1044 4183 S.
1061 4118 1224 4193 lobannis
1241 4119 1410 4197 Leodien.,
1428 4140 1491 4202 que
1508 4118 1681 4183 scolastria
1698 4118 1731 4180 iu
1747 4117 1837 4181 dicta

484 4227 560 4288 eccl.
578 4225 608 4288 S.
637 4223 801 4301 Jolrannis
827 4225 968 4307 simplex
994 4223 1049 4288 otl'.
1077 4231 1260 4308 reputatur,
1288 4224 1436 4288 noscitur
1463 4222 1622 4287 obtinere.
1644 4259 1676 4268 -
1703 4219 1779 4284 Fiat
1797 4220 1837 4286 R.

486 4331 580 4393 etiam
597 4330 639 4393 de
655 4330 754 4413 dign,
772 4338 836 4394 etc.
852 4337 865 4362 ²¹
887 4328 926 4394 R.

524 4488 606 4549 529.
633 4481 719 4546 Item
737 4503 831 4567 supp.
849 4489 940 4566 quat.
959 4480 1118 4554 Heurico,
1136 4481 1227 4546 dicto
1244 4480 1451 4564 Goldenagel
1461 4489 1481 4560 ²,
1498 4480 1539 4545 de
1556 4500 1629 4544 can.
1645 4478 1836 4543 monasterii

487 4586 515 4651 in
531 4586 699 4673 Capitolio
716 4585 901 4666 Colonien,
930 4585 970 4650 O.
988 4585 1018 4650 S.
1036 4584 1084 4664 B,
1112 4585 1145 4649 in
1168 4607 1244 4670 qun,
1261 4595 1372 4670 preter
1398 4584 1592 4648 monialium
1620 4591 1837 4662 conventum,

513 4796 539 4844 a)
555 4785 591 4831 En
605 4800 692 4839 marui*
708 4800 713 4831 :
730 4784 844 4831 (inrecta
856 4800 903 4847 pier·
920 4784 1045 4830 rlorrriunm
1061 4790 1168 4830 teristrum
1185 4785 1209 4828 iu
1222 4782 1413 4846 eriprlrlirrrtimw.

517 5007 536 5051 l.
554 5004 635 5058 Brour,
655 5019 679 5050 n.
703 5006 782 5051 lloo:
810 5003 876 5051 Mon.
904 5004 954 5050 l'ut.
976 5004 1046 5053 Bul..
1067 5004 1263 5056 litato-251:
1283 5004 1489 5050 cl.‹let¹,lrcstrct
1510 5002 1542 5048 de
1561 4999 1675 5055 Harrcffe,
1690 5000 1837 5047 Jlrernlelo

491 5080 573 5124 nerium
586 5078 617 5124 de
629 5078 656 5122 la
670 5076 768 5134 Murci,
782 5091 806 5137 p.
819 5078 982 5125 rib-bean
995 5077 1027 5123 ‹le
1040 5078 1064 5123 la
1078 5078 1164 5123 bloiet
1177 5078 1237 5123 dtuli
1252 5092 1285 5122 un
1299 5077 1390 5123 lettard
1403 5078 1438 5122 dn
1447 5085 1530 5123 comte
1544 5072 1657 5119 Euerard
1668 5088 1672 5122 ;
1684 5073 1701 5117 il
1710 5072 1769 5119 eluit
1781 5074 1840 5133 ‹lr‘ijit

491 5150 606 5197 chauoine
624 5151 658 5197 de
675 5150 826 5196 Saint-Jeau
849 5149 959 5209 itLii’ge
982 5150 1005 5196 le
1029 5151 1163 5197 iot-tubre
1184 5152 1244 5196 1329
1268 5149 1430 5209 (Sauerlarrct
1456 5148 1547 5195 lisicia.
1571 5143 1638 5200 t‘rl.
1663 5157 1690 5191 11.
1704 5146 1786 5204 ltili),
1810 5170 1841 5179 n*

493 5223 511 5268 Ἰ.
527 5223 673 5276 Seuerlsnd,
686 5220 778 5270 Elui-rr.
796 5220 864 5277 t'rl,
876 5236 902 5269 n.
914 5223 977 5267 2359
990 5238 996 5279 3
1009 5221 1076 5269 liam.
1095 5221 1149 5270 l'ut.
1162 5222 1233 5280 Boiu,
1248 5221 1268 5272 l.
1281 5234 1307 5269 n.
1320 5224 1376 5270 2:20.
