4650 6059
478 768 521 832 32
1039 765 1124 838 1342,
1148 766 1185 830 13
1205 767 1286 831 aoht

537 918 639 996 157.
1541 950 1636 1012 1542,
1654 949 1693 1012 13
1711 934 1800 994 anal.

525 1036 614 1119 Sign.
622 1033 701 1099 ΞΝ.
709 1032 917 1112 Wilhelmus,
928 1033 1098 1116 quondam
1110 1032 1291 1111 Wilhehni,
1301 1031 1410 1097 dictus
1423 1030 1525 1113 Paris,
1533 1032 1677 1098 acolitus
1684 1031 1842 1099 Leodieu.

478 1139 578 1217 dioc,
595 1139 628 1202 in
655 1136 700 1203 U.
727 1135 753 1200 Ι.
777 1135 923 1215 scolaris
940 1136 1040 1219 quod,
1061 1156 1139 1201 cum
1167 1136 1247 1201 olim
1271 1155 1370 1221 super
1391 1135 1527 1202 defectu
1549 1136 1716 1202 natalium
1742 1156 1841 1222 quern

483 1243 608 1327 patitur
631 1242 674 1305 de
699 1241 810 1306 soluto
833 1240 966 1323 genitus
988 1247 1024 1305 et
1038 1240 1159 1317 soluta,
1180 1246 1220 1303 ut
1239 1238 1361 1303 eodem
1381 1259 1449 1303 non
1471 1242 1558 1304 obst.
1575 1238 1711 1305 deiectu
1732 1248 1844 1325 posset

482 1345 527 1410 ad
557 1366 673 1410 omnes
699 1343 831 1422 ordines
858 1343 1056 1429 promoveri,
1083 1351 1118 1408 et
1147 1345 1224 1408 ben.
1251 1344 1333 1408 eccl.
1366 1344 1527 1423 obtinere,
1543 1344 1648 1409 etiam
1675 1344 1701 1410 si
1729 1364 1843 1409 curam

484 1449 622 1512 haberet
650 1446 844 1527 animarum,
870 1454 959 1511 auct.
985 1446 1072 1511 sedis
1098 1454 1218 1531 apost,
1243 1466 1357 1512 secum
1384 1447 1613 1533 dispensatum
1637 1446 1754 1514 fuisset
1777 1470 1786 1527 ;
1811 1456 1844 1513 et

481 1549 697 1635 postmodum
725 1548 895 1634 quandam
919 1549 1071 1634 parroch.
1099 1549 1181 1615 eccl.
1204 1550 1367 1615 canonice
1393 1557 1574 1630 assecutus,
1590 1548 1737 1615 eandem
1751 1551 1843 1628 eccl,

482 1674 550 1718 non
567 1656 706 1717 obtenta
721 1651 972 1737 dispensatione
989 1652 1065 1731 alia,
1082 1672 1141 1737 per
1168 1651 1420 1737 simplicitatem
1448 1662 1482 1718 et
1503 1652 1584 1736 juris
1609 1652 1843 1736 ignorantiam,

484 1758 621 1823 credens
636 1764 717 1821 tunc
739 1758 804 1821 hoc
821 1756 883 1821 sibi
911 1756 1020 1834 licere,
1048 1776 1124 1819 cum
1141 1764 1222 1820 tunc
1246 1757 1320 1840 jura
1346 1755 1458 1839 aliqua
1485 1776 1553 1821 non
1578 1755 1771 1836 audivisset,
1788 1755 1845 1820 sed

482 1860 699 1946 postmodum
713 1880 774 1945 per
789 1858 1041 1942 quadriennium
1058 1860 1178 1925 ultimo
1198 1860 1394 1945 preteritum
1418 1860 1577 1926 continue
1590 1861 1664 1945 jura
1680 1859 1845 1926 canonica

481 1974 518 2029 et
535 1963 644 2029 civilia
662 1963 799 2042 audivit,
816 1983 894 2028 cum
915 1962 982 2027 alio
997 1965 1073 2028 ben.
1089 1964 1174 2028 alias
1200 1962 1313 2029 officio
1337 1983 1406 2028 nou
1431 1972 1548 2029 curato
1572 1963 1778 2049 pennntavit
1804 1962 1846 2028 de

485 2069 586 2147 facto,
603 2065 693 2151 quod
707 2067 908 2132 beneficium
930 2087 991 2151 per
1004 2065 1133 2131 dictam
1155 2067 1441 2152 permutationem
1466 2069 1653 2145 obtentum,
1671 2076 1846 2153 comperto

487 2194 522 2237 se
534 2174 587 2258 jus
602 2194 670 2237 uon
686 2171 810 2236 habere
827 2171 860 2234 in
885 2192 935 2250 eo,
952 2171 1054 2236 libere
1078 2178 1113 2235 et
1133 2179 1255 2257 sponte
1278 2170 1414 2236 dimisit.
1430 2169 1515 2235 Cum
1539 2178 1654 2236 autem
1680 2189 1798 2257 nuper,
1812 2170 1845 2235 in

487 2277 601 2360 gratiis
626 2296 686 2360 per
710 2274 749 2339 V.
775 2275 805 2338 S.
832 2273 1001 2340 defectum
1025 2275 1192 2339 natalium
1216 2274 1423 2360 patientibus
1446 2274 1644 2360 generaliter
1668 2276 1845 2354 concessis,

487 2381 652 2465 petitione
667 2400 727 2464 per
741 2379 849 2463 ipsum
867 2386 1030 2463 porrecta,
1048 2399 1155 2462 eoque
1183 2398 1243 2464 per
1260 2379 1507 2443 examinatores
1531 2399 1629 2463 super
1653 2379 1719 2444 hoc
1742 2378 1847 2464 depu-

488 2490 578 2548 tatos
605 2483 800 2548 examinato
821 2491 856 2546 et
879 2490 1013 2568 reperto
1033 2482 1179 2567 ydone0,
1196 2502 1236 2547 ac
1263 2481 1354 2547 dicta
1379 2482 1543 2568 petitione
1571 2482 1631 2547 sibi
1659 2482 1847 2548 restitutaa

488 2586 769 2666 vicecancellaria,
786 2586 829 2650 ad
845 2586 875 2651 S.
892 2586 931 2651 V.
948 2607 1046 2673 super
1061 2586 1229 2673 premissis
1258 2596 1309 2652 est
1327 2587 1490 2651 remissus
1507 2587 1619 2670 Quare
1639 2586 1730 2651 idem
1754 2586 1788 2651 S.
1810 2585 1849 2651 V.

486 2712 581 2776 supp.
598 2700 688 2774 quat.
704 2710 747 2753 ne
762 2711 782 2754 a
796 2697 874 2755 cetu
890 2689 1035 2754 clericali
1062 2690 1239 2774 studioque
1255 2711 1314 2776 per
1329 2712 1407 2755 eum
1419 2690 1589 2772 inchoato,
1606 2690 1726 2774 quibus
1740 2689 1848 2756 inten-

483 2795 536 2860 dit
561 2804 594 2859 et
619 2793 776 2880 proponit
801 2793 951 2858 inherere
981 2801 1016 2858 et
1042 2792 1186 2859 fructum
1210 2794 1244 2858 in
1271 2794 1336 2859 Dei
1361 2793 1501 2860 ecclesia
1529 2793 1694 2879 optimum
1720 2793 1849 2873 afferre,

488 2906 684 2983 segregetur,
701 2905 736 2961 et
760 2897 794 2961 in
819 2897 897 2962 cleri
922 2898 1147 2982 obprobrium,
1174 2898 1264 2962 omni
1289 2898 1470 2963 destitutus
1496 2898 1630 2980 auxilio,
1647 2898 1673 2962 si
1699 2898 1733 2963 in
1759 2899 1849 2965 clero

488 3009 671 3078 remaneat,
698 3000 889 3066 mendicare
919 3008 1066 3086 cogatur,
1093 3001 1152 3065 sibi
1184 3021 1246 3085 pro
1270 3011 1410 3086 paterno
1442 3001 1687 3087 compatientes
1712 3000 1848 3078 affectu,

488 3108 666 3192 specialem
696 3106 839 3189 gratiam
865 3105 1027 3170 facientes
1057 3105 1166 3169 eidem
1195 3126 1292 3190 super
1322 3105 1533 3170 inhabilitate
1560 3104 1662 3169 modo
1686 3106 1849 3191 premisso

483 3218 671 3289 contracta,
688 3217 723 3272 et
743 3208 833 3292 quod
855 3208 1043 3293 hujusmodi
1060 3229 1128 3274 non
1144 3211 1230 3274 obst.
1246 3209 1382 3274 defectu
1396 3208 1502 3294 possit
1518 3208 1561 3273 ad
1577 3229 1695 3274 ornnes
1717 3208 1850 3276 ordines

487 3312 686 3397 promoveri,
702 3319 738 3375 et
752 3312 836 3376 eccl.
851 3314 938 3391 ben,
955 3312 1058 3376 etiarn
1074 3312 1101 3376 si
1116 3333 1191 3378 can.
1207 3321 1242 3377 et
1258 3316 1349 3398 preb.
1365 3313 1400 3377 in
1416 3314 1499 3377 eccl.
1511 3312 1696 3377 cathedrali
1707 3314 1764 3377 vel
1773 3314 1848 3391 alia,

488 3441 546 3483 seu
573 3416 913 3500 archipresbiteratus,
939 3416 994 3479 vel
1024 3414 1124 3499 dign,
1156 3425 1215 3480 aut
1247 3436 1343 3501 pers,
1374 3416 1428 3480 vel
1455 3414 1522 3493 off,
1550 3435 1608 3480 seu
1637 3419 1714 3481 ben.
1744 3417 1849 3482 etiarn

484 3543 601 3588 curam
616 3521 743 3584 habens
758 3517 944 3582 animarum
958 3518 1092 3598 existat,
1109 3527 1145 3583 et
1156 3539 1260 3583 unum
1277 3521 1328 3583 vel
1346 3522 1451 3604 plura,
1468 3518 1564 3583 simul
1580 3520 1633 3583 vel
1651 3520 1849 3596 successive,

423 3659 426 3664 ’
489 3627 579 3692 licite
595 3624 755 3702 obtinere,
772 3642 812 3687 ac
827 3622 909 3687 illud
924 3622 978 3686 vel
994 3622 1059 3703 illa,
1070 3623 1174 3687 etiam
1184 3624 1287 3687 semel
1303 3624 1357 3687 vel
1374 3623 1506 3708 pluries,
1523 3632 1714 3708 permutare
1726 3624 1848 3698 valent,

488 3730 569 3795 acsi
585 3727 773 3814 predictum
787 3746 856 3791 non
871 3734 1041 3811 pateretur
1056 3726 1236 3804 defectum,
1252 3725 1332 3791 duni
1349 3735 1466 3792 tamen
1492 3726 1574 3791 alias
1597 3726 1659 3791 sibi
1683 3727 1849 3793 canonice

488 3835 708 3912 conferantur,
734 3830 915 3915 dignemini
947 3832 989 3897 de
1018 3831 1109 3896 dono
1136 3832 1296 3896 uberioris
1325 3832 1430 3915 gratie
1454 3852 1567 3896 secum
1591 3829 1850 3896 misericorditer

487 3940 677 4025 dispensare
693 3946 769 4012 etc,
785 3945 822 4000 ut
838 3936 871 3999 in
889 3936 1004 4001 forma.
1021 3975 1064 3987 —
1080 3936 1320 4021 Dispensamus
1344 3935 1435 4019 quod
1461 3936 1565 4021 possit
1590 3935 1659 4000 duo
1685 3934 1850 4000 beneficia

485 4045 646 4123 obtinere,
654 4042 755 4107 etiam
771 4040 797 4104 si
813 4041 953 4104 alterurn
971 4041 1013 4105 sit
1031 4048 1193 4120 curatum,
1205 4051 1239 4104 et
1255 4040 1325 4124 ipsa
1336 4043 1439 4105 semel
1451 4047 1650 4125 permutare.
1661 4080 1705 4087 -
1720 4036 1798 4103 Fiat
1809 4038 1850 4102 R.

531 4146 617 4210 ltem
634 4167 728 4232 supp.
745 4145 776 4210 S.
793 4144 833 4209 V.
849 4145 939 4209 idem
955 4145 1155 4209 Wilhelmus
1178 4165 1306 4230 pauper
1334 4145 1484 4226 acolitus,
1501 4154 1592 4229 quat.
1609 4144 1685 4210 coll.
1701 4142 1764 4209 sibi
1790 4164 1850 4231 per

487 4249 732 4313 examinatores
747 4269 804 4313 sue
820 4250 1001 4335 provincie,
1019 4250 1052 4313 iu
1065 4270 1112 4333 gr.
1122 4250 1270 4333 generali
1283 4249 1325 4313 de
1336 4257 1446 4314 vestra
1458 4250 1665 4334 benignitate
1678 4268 1849 4326 concessa,

486 4350 696 4415 distributam
712 4372 809 4437 super
824 4353 987 4437 petitione
1004 4373 1063 4437 per
1079 4372 1156 4416 eum
1172 4352 1205 4416 iu
1222 4352 1313 4417 dicta
1328 4354 1435 4437 gratia
1452 4354 1670 4438 personaliter
1684 4354 1792 4419 tacito
1806 4352 1849 4419 de

488 4452 580 4518 dicto
595 4453 729 4518 defectu
745 4455 877 4535 tradita,
894 4457 948 4540 qui
966 4457 1074 4542 ipsum
1090 4456 1335 4541 supplicantem
1355 4457 1389 4521 in
1408 4456 1451 4522 U.
1470 4456 1495 4521 l.
1512 4457 1663 4542 predicto
1679 4458 1848 4523 examina-

489 4565 618 4633 verunt,
635 4564 669 4620 et
685 4557 886 4626 sufficienter
901 4560 1071 4645 ydoneum
1088 4559 1130 4624 ad
1146 4561 1228 4625 eccl.
1244 4563 1320 4624 ben.
1332 4561 1550 4626 obtinendum
1568 4565 1847 4647 approbaverunt,

488 4661 639 4724 obtinere
655 4670 690 4725 et
705 4664 859 4746 prosequi
880 4665 990 4729 valeat
1016 4685 1092 4729 cum
1118 4663 1250 4743 effectu,
1267 4686 1335 4729 non
1364 4667 1449 4729 obst.
1474 4664 1566 4729 dicto
1590 4664 1734 4747 defectu,
1751 4686 1849 4752 super

489 4785 556 4847 quo
572 4775 651 4827 ante
667 4763 794 4830 dictum
815 4788 957 4831 examen
973 4777 1007 4832 et
1031 4768 1201 4851 hucusque
1218 4789 1330 4833 secum
1356 4789 1415 4852 per
1441 4768 1553 4833 sedeur
1571 4779 1678 4855 apost.
1694 4789 1763 4833 non
1788 4768 1849 4834 fuit

488 4869 726 4954 dispensatum,
743 4870 853 4935 eidem
869 4871 1053 4936 concedere
1069 4870 1251 4954 dignemini
1269 4879 1303 4934 et
1329 4871 1529 4955 dispensare,
1547 4881 1583 4936 ut
1611 4872 1644 4935 in
1661 4872 1769 4937 forma
1783 4879 1848 4938 etc.

488 5012 531 5020 —
547 4970 721 5037 Cassainus
735 4973 859 5038 dictam
886 4974 1035 5058 gratiam,
1052 4974 1110 5038 sed
1126 4973 1264 5039 iacimus
1276 4974 1337 5039 sibi
1357 4974 1399 5038 de
1428 4995 1501 5039 can.
1527 4978 1586 5039 sub
1614 4995 1690 5061 exp.
1706 4978 1799 5060 preb.
1815 4975 1847 5038 in

488 5077 571 5141 eccl.
588 5075 619 5140 S.
637 5076 728 5140 Pauli
746 5076 906 5142 Leodien.
925 5078 964 5143 R.

535 5180 612 5245 Dat.
629 5201 681 5266 ap.
698 5180 943 5248 Villamnovam
960 5184 1003 5249 id.
1019 5206 1091 5269 aug.
1108 5192 1141 5250 a⁰
1161 5192 1199 5250 1⁰.
1217 5184 1260 5266 (l,
1283 5190 1388 5270 root).
