4650 6059
1046 794 1134 872 1848,
1157 795 1194 862 12
1215 795 1285 862 mi.
1808 801 1849 868 77
1924 799 1927 804 ’

505 967 616 1013 onmem
648 945 910 1028 inhabilitatem,
935 965 1035 1032 quam
1065 945 1235 1032 predictus
1264 945 1428 1032 presbiter
1457 967 1500 1012 ex
1513 947 1685 1033 premissis
1699 949 1847 1032 incurrit,

504 1053 667 1133 uolentes,
683 1073 763 1118 etun
777 1051 921 1139 pristino
935 1050 1037 1118 statui
1052 1051 1238 1144 restituere,
1253 1069 1294 1117 ac
1320 1050 1424 1117 etiarn
1446 1050 1490 1117 de
1504 1050 1598 1120 dicto
1620 1054 1697 1119 ben.
1713 1054 1745 1120 ei
1770 1075 1848 1121 cum

504 1156 639 1222 minibus
651 1154 781 1242 juribus
807 1164 843 1221 et
864 1154 1076 1242 pertinentiis
1096 1154 1164 1222 suis
1181 1153 1224 1222 de
1244 1174 1338 1221 novo
1356 1154 1540 1241 dignemini
1560 1155 1748 1242 providere,
1763 1158 1849 1226 imc-

504 1271 612 1346 tusque,
627 1279 715 1346 quos
730 1281 774 1326 ex
789 1259 863 1346 ipso
877 1259 1038 1347 percepit,
1054 1258 1116 1326 sibi
1132 1258 1313 1340 remittere,
1338 1279 1380 1325 ac
1400 1259 1592 1345 dispensare
1608 1281 1686 1327 cum
1701 1261 1849 1348 eoquod

502 1363 588 1450 pessit
614 1362 655 1428 in·
673 1364 840 1451 susceptis
862 1363 910 1430 sic
934 1363 1105 1430 ordinibus
1127 1362 1344 1444 nunistrare3
1372 1370 1500 1429 etcum
1516 1363 1706 1449 hujusmodi
1722 1366 1848 1434 iactum

500 1467 622 1534 omnino
638 1466 683 1534 sit
699 1468 882 1549 occultum,
897 1475 935 1534 ut
959 1468 993 1533 in
1010 1466 1126 1550 ¹forma.
1150 1507 1195 1518 —
1219 1464 1305 1548 Fiat,
1322 1465 1384 1532 sibi
1397 1466 1453 1532 de
1478 1486 1570 1534 novo
1588 1469 1791 1536 conferimus
1813 1479 1849 1538 et

498 1567 608 1636 tructus
623 1578 806 1658 perceptos
820 1572 911 1637 bona
926 1569 992 1637 fide
1007 1570 1220 1638 remittimus.
1235 1569 1277 1637 R

528 1713 612 1776 ³62.
629 1707 718 1776 Item
741 1729 837 1796 supp.
854 1708 943 1776 idem
967 1710 1074 1790 miles,
1090 1715 1182 1794 quat.
1200 1707 1385 1796 [Marcilio,
1400 1716 1483 1775 nato
1508 1707 1651 1777 Marcilii
1667 1709 1710 1777 de
1735 1710 1849 1778 Endo-

494 1831 559 1894 ren,
575 1813 657 1879 cler.
672 1811 834 1880 Leodien.
860 1812 959 1893 dioc,
974 1813 1103 1879 nullum
1120 1813 1199 1879 ben.
1214 1812 1297 1879 eccl.
1311 1810 1493 1899 assecuto,]
1511 1814 1589 1879 ben.
1604 1815 1687 1881 eccl.
1703 1835 1732 1881 c.
1748 1817 1849 1882 evei

491 1937 565 1998 sc,
580 1917 626 1984 ad
641 1919 719 1984 coll.
734 1917 837 2004 episc.
853 1916 1025 2000 Leodien„
1043 1917 1133 2006 [vac.
1147 1918 1205 1984 vel
1219 1916 1349 2004 vacat]
1366 1917 1401 1982 in
1417 1917 1481 1985 civ.
1496 1919 1553 1984 vel
1567 1917 1665 1999 dioc,
1688 1918 1791 1985 etiam
1812 1917 1847 1984 in

488 2023 565 2088 eccl.
586 2019 761 2102 Leodien,
785 2021 961 2089 donationi
984 2028 1092 2108 apost.
1118 2020 1304 2107 dignemini
1322 2039 1502 2088 reservare.
1522 2020 1663 2087 —Fiat
1682 2021 1849 2107 usquead

487 2145 651 2192 smirnam
668 2129 710 2191 60
726 2125 784 2191 hb.
799 2146 829 2192 c.
844 2145 885 2207 c.,
900 2145 943 2211 40
957 2146 984 2193 s.
1000 2144 1030 2192 c.
1047 2123 1087 2192 R.
1782 2153 1786 2158 ·

524 2268 610 2330 363.
639 2259 730 2330 Item
758 2283 854 2350 supp.
876 2262 967 2330 idem
991 2262 1098 2344 miles,
1123 2270 1215 2348 quat.
1233 2259 1431 2349 [Rodolpho
1455 2263 1625 2349 quondam
1639 2261 1791 2330 'Henrici
1806 2263 1849 2331 de

486 2365 664 2447 Endoren,
692 2365 853 2434 Leodien.
868 2366 966 2448 dioc,
982 2365 1091 2454 cler.],
1106 2365 1149 2432 de
1170 2387 1244 2434 can.
1259 2367 1342 2433 eccl.
1353 2365 1391 2433 B.
1405 2364 1454 2433 M.
1464 2367 1641 2453 Aquensis,
1651 2366 1742 2434 dicte
1750 2367 1848 2451 dioc,

481 2469 669 2556 dignemini
685 2469 872 2557 providere,
881 2472 974 2557 preb.
989 2490 1080 2551 vero,
1101 2469 1191 2558 [vac.
1203 2470 1258 2536 vel
1269 2469 1411 2558 vacat.],
1422 2471 1532 2538 eidem
1543 2471 1849 2540 clericoconieren·

480 2572 572 2654 darn,
587 2572 766 2640 donationi
781 2581 889 2660 apost.
904 2573 1088 2660 dignemini
1103 2593 1282 2641 reservare.
1296 2615 1340 2626 —
1355 2573 1433 2641 Fiat
1450 2574 1490 2643 R.

524 2675 608 2742 Dat.
623 2676 727 2743 Avin.
745 2681 763 2742 6
779 2675 824 2744 id.
839 2678 917 2744 maii
933 2684 967 2744 a⁰
986 2685 1025 2744 1⁰.
1043 2679 1094 2764 (2,
1114 2678 1218 2764 190&
1487 2710 1490 2714 ·

531 2813 655 2900 364.
1319 2788 1323 2796 ¹
1555 2853 1651 2918 1343,
1668 2853 1709 2898 ra
1727 2835 1804 2900 anai.

524 2931 632 3018 Supp.
647 2931 681 2998 S.
696 2929 737 2998 V.
752 2930 938 3014 Johannes,
954 2934 1155 3001 castellanus
1170 2934 1212 3000 de
1222 2932 1372 3020 Berghis,
1388 2934 1494 3016 miles,
1510 2935 1601 3002 dom.
1617 2936 1659 3001 de
1675 2935 1848 3023 cupellat,

479 3035 656 3104 llorinen.
672 3035 771 3119 dioc,
788 3045 878 3121 quat.
898 3035 1081 3125 [Balduino
1107 3035 1265 3122 Bommy,
1281 3036 1391 3123 cler.],
1417 3036 1517 3122 dyoc.
1545 3037 1587 3104 de
1611 3037 1785 3124 Famagot,
1805 3038 1849 3106 de
1956 3073 1962 3082 ·

478 3161 558 3205 can.
582 3148 618 3205 et
644 3142 738 3226 preb.
763 3139 805 3206 de
833 3139 995 3225 Famagot
1019 3142 1202 3227 dignemini
1229 3141 1414 3228 providere,
1442 3145 1534 3227 preb.
1565 3163 1645 3208 vero
1679 3143 1768 3230 [vac.
1793 3145 1847 3209 rel

480 3243 611 3330 vacat]
629 3243 814 3329 dignemini
830 3265 1008 3310 reservare.
1023 3287 1067 3294 —
1084 3246 1159 3310 Fiat
1177 3246 1216 3311 R.

526 3348 606 3413 Dat.
623 3348 724 3413 Asin.
741 3372 760 3431 4
778 3348 820 3413 id.
833 3349 910 3414 rnuii
927 3359 959 3414 a⁴¹
979 3359 1018 3414 1⁰.
1036 3351 1085 3434 (2,
1107 3351 1198 3434 167l)

532 3486 651 3572 365
1548 3523 1642 3587 1343,
1668 3526 1707 3567 12
1726 3527 1801 3570 irrue.

524 3605 630 3691 Supp.
646 3602 667 3681 J
670 3603 831 3684 ohannes,
848 3606 1048 3670 castellanus
1063 3604 1105 3669 de
1122 3602 1270 3689 Berghes
1286 3615 1319 3669 et
1340 3605 1430 3670 dom.
1446 3605 1488 3669 de
1504 3607 1536 3670 la
1564 3604 1846 3691 conpellentes
1957 3592 1959 3596 ’

481 3731 558 3776 cum
576 3709 712 3789 vexillo,
729 3707 830 3773 samii.
847 3708 981 3773 illustris
993 3709 1078 3792 regis
1089 3706 1249 3787 Navarre,
1269 3707 1347 3794 [pro
1357 3708 1424 3773 ind.
1442 3708 1473 3772 iu
1491 3719 1552 3774 art.
1568 3709 1684 3795 mort]
1703 3751 1746 3759 -
1770 3709 1847 3775 Fiat

484 3816 517 3877 in
535 3814 644 3879 forma
662 3813 701 3878 R

526 3917 607 3982 Dat.
622 3915 724 3981 Asin.
742 3940 761 4000 4
779 3916 822 3981 id.
840 3916 917 3982 maii
933 3927 966 3982 α’·
986 3925 1015 3980 1⁰
1032 3923 1082 4001 (2,
1104 3917 1189 4001 178.)

532 4056 780 4141 366-371.
1557 4088 1651 4151 1343»
1669 4088 1709 4131 12
1727 4068 1804 4133 mai.

525 4176 629 4260 Supp.
655 4173 832 4251 Johannes
856 4173 898 4239 de
926 4174 1183 4239 Lussanbourclr
1202 4190 1221 4253 ¹,
1248 4173 1354 4252 mileS,
1376 4174 1578 4238 castellanus
1601 4170 1792 4250 Insuleusis,
1813 4179 1849 4236 et

484 4280 571 4345 dom.
588 4278 632 4344 de
650 4277 793 4361 Roussy,
810 4278 870 4342 sibi
887 4287 922 4342 et
938 4278 1047 4343 Aelidi
1075 4278 1116 4343 de
1134 4277 1301 4357 Flandria,
1317 4277 1388 4361 ejus
1413 4275 1507 4342 uxori
1534 4275 1611 4361 [pro
1628 4275 1695 4342 ind.
1723 4276 1758 4339 in
1786 4284 1847 4343 art.

486 4382 598 4470 mort]
616 4422 661 4432 -
677 4381 756 4446 Fiat
770 4381 804 4445 in
822 4380 938 4447 forma.
957 4381 997 4448 R.

525 4528 605 4591 367.
624 4519 712 4595 Item
728 4540 824 4605 supp.
841 4518 929 4584 idem
945 4519 1051 4598 miles,
1068 4529 1160 4602 quat.
1177 4518 1238 4584 sibi
1266 4526 1304 4583 et·
1323 4518 1416 4583 uxori
1441 4539 1499 4583 sue
1525 4518 1685 4604 predicte,
1702 4538 1760 4604 per
1776 4538 1848 4583 ves-

487 4639 550 4693 tras
565 4626 698 4691 litteras
713 4623 898 4690 concedere
913 4623 1107 4708 dignemini,
1125 4634 1161 4689 ut
1178 4644 1292 4688 eorum
1320 4623 1460 4707 quilibet
1476 4623 1600 4687 habere
1616 4623 1722 4708 possit
1743 4623 1847 4687 altare

488 4728 652 4812 portatile,
683 4727 788 4792 etiam
819 4736 1003 4810 antequam
1029 4726 1109 4804 dies,
1141 4726 1167 4790 si
1201 4725 1312 4791 forsan
1341 4726 1529 4810 contigerit,
1558 4726 1740 4806 illucescat,
1777 4725 1848 4790 sine

489 4845 598 4898 tamen
615 4830 801 4917 prejudicio
812 4830 894 4915 juris
909 4829 1085 4916 cujuslibet
1101 4830 1252 4896 alieni·
1271 4828 1347 4893 Fiat
1363 4830 1396 4893 in
1414 4829 1521 4895 formu
1538 4829 1582 4896 ad
1598 4830 1789 4895 triennium.
1808 4828 1847 4895 R.

516 5040 543 5098 a)
562 5038 598 5086 irc
611 5047 684 5085 texte
695 5037 780 5085 donne
796 5036 927 5084 :duranium
938 5036 969 5084 de
981 5036 1167 5100 llilescupcliu.
1180 5036 1240 5083 vair·
1252 5051 1277 5086 n.
1290 5038 1336 5084 355
1348 5041 1373 5085 et
1387 5038 1441 5086 3⁴55.

522 5254 542 5301 l.
553 5252 615 5302 l'oir
628 5253 781 5313 Heutcoeur,
797 5252 902 5315 Carrei,
917 5255 962 5303 705
975 5269 981 5312 3
993 5253 1104 5312 Dorum,
1118 5256 1173 5303 2⁴6.
