4650 6059
480 751 542 815 256
1021 744 1109 818 rara,
1132 744 1207 831 1-11
1225 744 1302 826 jun.

481 902 588 968 visum
604 901 717 967 extitit
732 909 790 966 aut
806 900 913 979 fuerit,
930 898 1033 965 etiam
1049 905 1128 961 ante
1143 896 1259 962 datam
1275 898 1494 983 presentium,
1518 900 1710 985 hujusmodi
1728 921 1847 987 accep·

479 1008 644 1072 tationem
660 1014 695 1070 et
710 1004 947 1091 provisionem,
964 1003 1010 1068 sic
1026 1010 1103 1088 post
1118 1003 1280 1088 premissa
1303 1002 1422 1085 factas,
1446 1004 1591 1069 valuisse
1614 1013 1650 1070 et
1664 1007 1792 1084 valere,
1808 1027 1847 1071 ac

481 1112 662 1177 obtinuisse
678 1118 712 1175 et
728 1110 880 1175 obtinere
896 1109 1032 1194 plenam
1048 1107 1175 1172 roboris
1190 1107 1396 1189 firmitatem,
1413 1117 1448 1173 et
1464 1108 1625 1174 effectum
1648 1130 1710 1195 per
1734 1110 1847 1175 omnia
1869 1187 1871 1201 Ι

481 1216 633 1280 debuisse
649 1224 684 1279 et
699 1214 821 1279 debere
837 1213 944 1279 sortiri
959 1235 967 1291 ;
984 1211 1153 1297 premissis
1168 1222 1203 1276 et
1219 1212 1472 1297 quibuscunque
1496 1213 1798 1279 constitutionibus
1812 1223 1846 1278 et

481 1320 615 1383 statutis
630 1319 814 1398 contrariis,
832 1325 866 1382 et
882 1338 950 1381 non
967 1319 1053 1381 obst.
1079 1322 1114 1380 et
1140 1315 1298 1381 clausulis
1314 1315 1499 1401 oportunis.
1515 1355 1559 1365 —
1576 1314 1654 1380 Fiat
1678 1324 1714 1380 et
1740 1337 1845 1381 rema·

480 1431 559 1486 neat
575 1423 636 1486 sibi
652 1423 759 1506 gratia
774 1422 864 1508 prius
886 1421 984 1500 facta,
1013 1440 1081 1483 non
1107 1422 1194 1484 obst.
1220 1419 1311 1501 quod
1335 1440 1403 1484 11011
1429 1420 1617 1505 appellavit
1643 1421 1846 1486 asententia

479 1527 561 1592 dicti
579 1528 717 1607 abbatis,
746 1536 779 1591 et
806 1530 867 1591 sub
892 1526 1012 1608 eadem
1036 1524 1138 1603 data3
1162 1524 1210 1589 sic
1234 1532 1350 1588 tamen
1378 1523 1469 1607 quod
1493 1543 1629 1608 presens
1653 1524 1764 1607 gratia
1780 1544 1845 1589 non

480 1629 681 1694 extendatur
705 1629 748 1695 ad
772 1628 959 1715 prebendas
983 1649 1048 1713 que
1070 1629 1140 1713 Jam
1163 1636 1384 1709 vacaverunt,
1409 1627 1468 1693 sed
1493 1627 1535 1693 ad
1559 1627 1714 1693 inantea
1748 1650 1845 1694 raca-

480 1744 581 1799 turas.
600 1733 639 1798 R.

525 1839 605 1903 Dat.
622 1859 676 1923 ap.
693 1837 943 1903 Villamnovam
961 1839 979 1902 8
996 1837 1039 1902 id.
1052 1837 1136 1922 junii
1153 1843 1188 1901 a⁰
1205 1844 1246 1921 5⁰.
1264 1838 1331 1921 (11,
1350 1838 1433 1920 28').

537 1974 684 2057 1005.
1571 1989 1666 2071 1346,
1684 1989 1704 2051 ό
1714 1988 1804 2070 juin.

528 2094 629 2178 Supp.
641 2090 810 2157 Arnoldus
824 2091 867 2156 de
883 2090 915 2155 8.
931 2090 1089 2156 Trudone
1106 2108 1126 2171 ¹,
1143 2091 1221 2156 cler.
1238 2089 1398 2156 Leodieu.
1410 2090 1508 2170 dioc,
1521 2092 1596 2155 bac.
1609 2090 1643 2154 in
1655 2090 1757 2172 decr,
1770 2112 1844 2157 cum

483 2197 516 2262 8.
534 2196 573 2262 V.
590 2197 672 2261 alias
698 2194 882 2281 providerit
903 2215 961 2260 seu
982 2194 1148 2280 provideri
1169 2193 1382 2259 mandaverit
1407 2193 1558 2259 Gerardo
1583 2192 1713 2259 Barreti
1730 2211 1752 2275 ²,
1769 2197 1844 2261 cler.

485 2300 656 2378 Leodien,
672 2299 715 2363 de
736 2319 811 2364 can.
832 2307 867 2363 et
887 2300 979 2385 preb.
996 2297 1078 2363 eccl.
1095 2296 1127 2363 S.
1141 2296 1191 2363 M.
1204 2296 1440 2381 Trajectensis,
1461 2298 1552 2363 dicte
1569 2296 1730 2364 Leodien.
1748 2299 1843 2380 dioc,

483 2416 566 2470 tuuc
591 2413 683 2469 certo
707 2403 811 2468 modo
831 2401 921 2487 apud
942 2402 1057 2467 sedern
1077 2411 1185 2487 apost.
1200 2422 1283 2481 vac,
1301 2401 1456 2486 idemque
1473 2400 1650 2482 Gerardus,
1664 2411 1843 2487 antequam

483 2507 726 2592 possessionem
754 2505 920 2571 dictomm
945 2527 1020 2571 can.
1045 2514 1079 2571 et
1104 2508 1195 2591 preb.
1223 2506 1322 2571 fuerit
1346 2515 1528 2586 assecutus,
1555 2505 1587 2569 in
1612 2507 1765 2592 partibus
1786 2508 1845 2571 illis

481 2611 670 2690 decesserit,
687 2619 722 2675 et
737 2618 875 2697 propter
889 2610 956 2675 lroc
972 2609 1073 2676 iidem
1086 2630 1161 2675 can.
1178 2618 1212 2674 et
1228 2612 1320 2694 preb.
1337 2610 1426 2695 apud
1442 2609 1555 2676 sedem
1573 2609 1716 2675 eandem
1737 2609 1844 2676 adhuc

482 2723 626 2795 vacent3
644 2724 734 2800 quat.
751 2713 812 2780 sibi
835 2713 945 2780 dictos
961 2734 1036 2779 can.
1052 2722 1087 2778 et
1101 2715 1204 2799 preb,
1226 2734 1367 2797 quorum
1384 2713 1542 2780 fructus...
1564 2715 1677 2795 annui,
1694 2735 1761 2780 sec.
1776 2722 1844 2779 tax.

481 2818 622 2898 decime,
635 2838 801 2883 summam
819 2838 859 2882 20
874 2817 1000 2883 march.
1016 2817 1144 2902 argenti
1160 2816 1234 2902 puri
1250 2838 1318 2883 non
1334 2817 1512 2898 excedunt,
1530 2818 1576 2883 sic
1592 2819 1646 2882 vel
1664 2818 1749 2884 alias
1765 2840 1845 2903 quo·

481 2921 717 3005 niodocunque
732 2942 818 3003 vac,
834 2920 1017 3006 dignemini
1034 2920 1186 2987 consenc
1202 2921 1295 2985 etde
1311 2921 1437 2986 eisdem
1452 2922 1627 3008 providere
1647 2946 1655 3003 ;
1673 2943 1743 2988 non
1759 2926 1844 2989 obst.

480 3026 507 3089 si
524 3024 604 3090 dicti
621 3046 695 3090 can.
723 3033 758 3090 et
772 3027 865 3111 preb.
881 3024 948 3090 siut
963 3023 1133 3104 reservati,
1151 3034 1186 3090 et
1202 3023 1292 3109 quod
1309 3024 1399 3089 idem
1414 3025 1582 3092 Amoldus
1607 3047 1682 3091 can.
1699 3035 1734 3091 et
1752 3030 1843 3113 preb.

481 3129 514 3191 in
532 3128 563 3193 S.
589 3128 677 3193 Petri
703 3127 874 3209 Leodieu,
895 3137 930 3192 et
949 3149 1021 3194 can.
1038 3131 1098 3193 sub
1114 3149 1190 3213 exp.
1206 3130 1299 3213 preb.
1316 3129 1347 3193 111
1364 3128 1555 3213 Trajecten.
1582 3130 1734 3195 ecclesiis
1760 3131 1845 3195 obti-

480 3242 572 3296 neat.
588 3272 631 3279 —
647 3231 725 3296 Fiat
741 3231 782 3296 R.

525 3335 602 3399 Dat.
619 3357 671 3420 ap.
688 3334 936 3399 Villamnovam
953 3338 971 3399 8
989 3335 1032 3400 id.
1044 3336 1128 3419 junii
1144 3343 1177 3400 a‘·
1194 3343 1236 3420 5⁰.
1250 3338 1317 3419 (ll,
1336 3337 1404 3421 31).

535 3472 1643 3569 10061346,
1662 3506 1701 3570 14
1713 3486 1803 3567 juin.

525 3588 626 3673 Supp.
643 3587 851 3652 Godafredus
865 3588 908 3653 de
924 3586 1068 3653 Bolonia
1083 3597 1104 3668 ³,
1120 3598 1211 3672 quat.
1239 3588 1357 3674 [Petro
1381 3588 1506 3668 Grassi,
1531 3610 1605 3674 cap.
1629 3590 1720 3655 card.
1746 3590 1845 3657 Bolo-

481 3693 615 3773 niensis,
631 3692 740 3757 fratris
755 3690 832 3777 sui]
850 3690 1003 3777 parroch.
1020 3693 1102 3757 eccl.
1118 3692 1160 3757 de
1178 3692 1313 3772 Hersin,
1325 3694 1510 3757 Atrebaten
1527 3693 1626 3774 (1100,
1637 3714 1712 3759 vac.
1726 3716 1789 3779 pro
1805 3717 1845 3761 eo

479 3798 570 3881 quod
586 3795 794 3861 Guichardus
810 3795 997 3860 Salomonis
1011 3808 1032 3874 ⁴,
1049 3795 1197 3879 ejusdem
1222 3796 1310 3860 card.
1334 3816 1408 3881 cap.
1425 3806 1460 3862 et
1475 3796 1578 3863 famil.
1595 3799 1843 3879 commensalis,

479 3901 606 3966 dictam
636 3900 718 3965 eccl.
745 3899 911 3979 obtinens,
928 3907 979 3964 est
1009 3899 1218 3965 scolastriam
1248 3900 1330 3964 0001.
1358 3899 1389 3965 8.
1417 3899 1594 3984 Gaugerici
1625 3900 1842 3968 Cameracen.

480 4013 661 4082 assecutus
678 4003 830 4069 conferre
844 4004 1028 4088 dignemini
1043 4026 1051 4083 ;
1068 4024 1137 4068 non
1153 4005 1239 4067 obst.
1256 4004 1346 4086 quod
1362 4004 1515 4088 parroch.
1531 4006 1613 4069 ecel.
1626 4004 1669 4069 de
1681 4004 1795 4072 Bosde
1811 4016 1843 4072 et

479 4109 597 4192 capell.
624 4107 666 4171 de
683 4106 776 4186 Vico,
805 4109 1057 4172 Claroniouten.
1083 4106 1181 4187 dioc,
1208 4106 1358 4171 noscitur
1378 4108 1541 4187 obtinere,
1565 4129 1667 4192 quarn
1690 4112 1840 4195 parroch.

480 4212 562 4275 eccl.
579 4213 651 4275 vult
667 4211 847 4275 dimittere.
863 4250 908 4259 -
924 4210 1001 4275 Fiat
1018 4209 1058 4276 R.

525 4313 602 4378 Dat.
619 4334 673 4398 ap.
690 4312 941 4379 Villarnnovam
962 4316 998 4377 18
1014 4313 1080 4379 kal.
1093 4314 1164 4397 julii
1182 4323 1214 4378 a⁰
1232 4323 1273 4397 5⁰.
1295 4316 1362 4398 (11,
1379 4318 1449 4400 41).

535 4452 680 4533 1007.
1546 4468 1699 4550 134414
1711 4464 1799 4547 juin.

525 4571 626 4656 Supp.
643 4570 790 4646 Jacobus
807 4568 1004 4660 Malabayla
1016 4578 1036 4649 ⁵,
1053 4570 1424 4656 quat.[corrsanguirreo
1440 4590 1500 4634 suo
1516 4589 1679 4654 gennano
1694 4569 1713 4648 J
1718 4571 1839 4635 ohanni

484 4672 691 4757 Melabayla,
702 4695 776 4738 cau.
788 4673 983 4753 liboracen,
995 4672 1148 4737 Bononie
1164 4673 1340 4758 studenti]
1353 4674 1395 4739 de
1408 4694 1482 4738 can.
1496 4681 1530 4738 et
1541 4676 1633 4759 preb.
1651 4673 1683 4738 S.
1700 4674 1841 4739 Donati-

484 4775 571 4863 [ani]
590 4783 602 4809 ¹¹
617 4776 659 4840 (10
677 4775 802 4858 Brugis,
820 4777 1005 4843 Tornacen.
1025 4777 1121 4857 (1100,
1138 4797 1211 4840 rac.
1228 4798 1287 4862 per
1304 4779 1357 4841 ob.
1377 4776 1515 4841 Henrici
1532 4777 1574 4841 (10
1591 4776 1732 4843 Carreto
1747 4776 1768 4858 ⁶,
1786 4779 1840 4862 qui

512 4964 610 5022 11)(111.
627 4965 728 5011 Donati.

514 5112 644 5163 1111110111
665 5112 696 5157 (11·
717 5112 869 5158 11011110101ιι
890 5111 981 5157 roirn.
994 5111 1092 5155 381».-
1110 5112 1132 5157 2.
1152 5110 1251 5171 liirsclr,
1273 5113 1347 5171 111111,
1367 5116 1420 5173 271,
1435 5114 1481 5160 280
1495 5128 1501 5170 ;
1522 5114 1727 5161 1111111951.-
1746 5116 1769 5165 3,
1783 5115 1844 5164 Voir

480 5204 506 5238 n.
519 5191 574 5236 9115.
585 5215 613 5221 --
629 5187 651 5234 4.
665 5185 726 5230 l'oir·
737 5199 762 5233 n.
776 5187 828 5241 151,
839 5187 894 5233 9111,
906 5212 937 5221 -
951 5188 971 5231 5.
984 5183 1046 5229 Voir·
1057 5197 1082 5231 n.
1095 5185 1133 5232 43.
1146 5187 1211 5235 -11,
1225 5186 1286 5233 Voir
1297 5202 1322 5235 n.
1335 5190 1389 5235 189.
