4650 6059
583 768 644 831 574
1112 765 1195 841 1351,
1221 763 1274 828 or
1294 764 1404 845 juillet.

582 915 855 983 determinaverit
871 936 911 983 ac
927 914 1143 1000 assignaverit
1152 914 1195 981 ad
1210 914 1399 1000 legendum,
1410 924 1446 982 ut
1459 918 1673 1003 premittitur,
1691 920 1751 1005 qui
1767 940 1875 987 annus
1884 920 1926 985 iit

582 1022 642 1087 sibi
668 1020 884 1085 confirmatus
914 1041 934 1084 a
959 1019 1104 1104 generali
1134 1027 1170 1085 et
1199 1018 1434 1087 diffinitoribus
1464 1021 1545 1088 dicti
1577 1023 1703 1090 ordinis
1735 1024 1771 1089 in
1801 1024 1926 1111 capitulo

581 1124 727 1210 generali
750 1122 908 1203 Metensi,
927 1123 1064 1209 ipseque
1086 1123 1185 1189 frater
1200 1121 1219 1201 J
1223 1123 1373 1189 ohannes
1389 1125 1519 1192 dubitet
1535 1147 1594 1213 per
1609 1148 1688 1194 suos
1704 1129 1842 1195 emulos
1852 1149 1926 1215 super

582 1229 750 1315 premissis
773 1229 941 1295 molestari
963 1251 971 1307 ;
998 1226 1180 1313 dignemini
1210 1228 1368 1315 premissa
1393 1231 1506 1297 omnia
1532 1232 1740 1299 auctoritate
1765 1241 1876 1320 apost
1898 1253 1925 1297 ex

583 1342 673 1400 certa
698 1332 837 1398 scientia
861 1333 1058 1398 confirmare
1074 1341 1109 1398 et
1124 1335 1309 1418 approbare
1328 1357 1336 1413 ;
1354 1354 1421 1399 non
1439 1338 1525 1401 obst.
1541 1336 1803 1421 quibuscunque
1828 1337 1926 1404 consti·

583 1437 768 1502 tutionibus
791 1457 849 1501 seu
872 1434 1136 1502 ordinationibus
1162 1436 1258 1503 factis
1288 1439 1342 1502 vel
1373 1439 1490 1506 liendis
1517 1439 1661 1507 Parisius
1676 1442 1713 1506 in
1730 1443 1927 1514 contrarium,

583 1541 685 1605 etiam
711 1540 903 1623 juramento
929 1541 1072 1621 vallatis,
1101 1561 1163 1605 nec
1193 1541 1283 1625 quod
1313 1541 1374 1608 fuit
1404 1544 1539 1608 alterius
1568 1544 1740 1628 religionis
1771 1546 1927 1632 professus
1971 1626 1972 1629 Ἴ

582 1644 709 1710 scilicet
734 1643 905 1709 Minorum
925 1667 933 1723 ;
951 1652 984 1708 et
1002 1643 1091 1727 quod
1107 1644 1320 1728 magistretur
1336 1645 1478 1712 Parisius
1492 1656 1645 1733 tempore
1661 1659 1698 1713 et
1713 1650 1796 1715 loco
1812 1668 1928 1716 consue·
1970 1639 1974 1747 i

581 1749 634 1828 tis,
657 1756 691 1813 et
707 1748 797 1833 quod
813 1748 1017 1813 reabilitetur
1044 1746 1087 1812 ad
1112 1768 1247 1813 omnem
1274 1748 1413 1832 gradum
1439 1759 1474 1814 et
1497 1758 1610 1816 actum
1627 1761 1694 1818 etc.
1719 1761 1759 1818 ut
1776 1753 1813 1818 in
1827 1752 1929 1819 talibus
1970 1807 1974 1816 .

584 1850 653 1916 lieri
670 1852 712 1916 sit
728 1861 936 1918 consuetum.
953 1891 996 1900 -
1013 1850 1088 1916 Fiat
1105 1850 1145 1916 R.
1969 1841 1974 1850 ’

628 1958 706 2022 Dat.
722 1957 821 2021 Avin.
838 1978 858 2041 4
874 1977 953 2022 non.
966 1957 1038 2041 julii
1056 1965 1089 2021 a⁰
1109 1964 1170 2021 10⁰.
1188 1958 1259 2040 (21,
1277 1960 1344 2041 57).

635 2112 775 2192 2214.
1625 2146 1723 2209 1551,
1739 2128 1764 2192 ό
1783 2127 1899 2210 juillet

629 2232 729 2317 Supp.
754 2230 856 2315 Hugo
871 2230 913 2295 de
931 2229 1101 2295 Florentia
1114 2241 1134 2310 ¹,
1159 2230 1375 2296 cancellarius
1400 2229 1597 2311 Tomacen,
1624 2251 1665 2296 ac
1689 2251 1804 2318 nepos
1828 2231 1932 2317 boine)
1970 2227 1974 2265 ³

586 2335 777 2420 nre(moric)
816 2335 990 2401 cardinalis
1020 2335 1219 2410 Tornacen.,
1259 2343 1351 2417 quat.
1382 2334 1423 2400 de
1454 2336 1558 2400 altera
1595 2335 1755 2421 portione
1794 2335 1931 2423 parroch.
1968 2341 1974 2369 ²

586 2438 726 2506 ecclesie
744 2438 776 2504 S.
792 2438 905 2504 Crucis
918 2440 1013 2525 juxta
1029 2438 1155 2523 Brugis,
1180 2437 1366 2504 Tornacen.
1393 2438 1490 2519 dioc,
1517 2459 1589 2504 vac.
1615 2460 1676 2526 per
1703 2442 1761 2506 ob.
1779 2440 1933 2525 quondam
1969 2435 1974 2444 ’

586 2545 745 2610 Rassonis
760 2543 802 2609 de
820 2543 847 2608 F
849 2564 918 2624 oro,
943 2543 998 2628 qui
1024 2552 1119 2607 extra
1137 2541 1236 2607 Rom.
1253 2541 1378 2607 curiam
1394 2541 1548 2623 decessit,
1563 2553 1747 2624 reservata,
1764 2543 1932 2630 dignemini
1972 2539 1974 2543 ’

585 2645 759 2735 proridere
778 2670 786 2726 ;
814 2668 882 2712 non
898 2650 983 2713 obst.
1000 2646 1089 2732 quod
1105 2667 1179 2712 can.
1195 2655 1230 2711 et
1245 2649 1337 2731 preb.
1354 2668 1430 2712 cum
1457 2647 1597 2732 simplici
1615 2645 1730 2714 officio
1747 2647 1932 2715 cancellarie

584 2754 617 2817 in
633 2752 821 2817 l'ornacen.
838 2761 873 2816 et
895 2753 925 2817 S.
938 2751 1026 2817 Petri
1038 2750 1251 2831 Casletensis,
1264 2748 1431 2816 Morinen.
1445 2750 1542 2831 dioc,
1553 2752 1714 2833 ecclesiis,
1724 2762 1763 2819 et
1779 2752 1931 2839 quandam

584 2858 747 2943 capellan.
764 2858 862 2922 sitam
881 2856 914 2921 in
941 2865 1052 2922 castro
1076 2876 1133 2920 seu
1157 2855 1308 2921 manerio
1333 2854 1459 2921 domini
1485 2855 1526 2922 de
1553 2854 1733 2938 Mamines,
1759 2858 1851 2925 dicte
1864 2856 1930 2924 Tor-

582 2983 700 3027 nacen.
717 2959 814 3040 dioc,
831 2962 992 3039 obtineat,
1010 2957 1166 3044 quodque
1189 2960 1389 3025 auctoritate
1406 2968 1517 3024 vestra
1533 2961 1567 3024 in
1583 2961 1726 3027 ecclesia
1743 2963 1929 3029 Ambianeu

583 3064 796 3150 prebendam,
814 3074 847 3129 et
864 3064 907 3128 ad
923 3065 998 3129 coll.
1022 3064 1170 3149 episcopi
1187 3072 1222 3129 et
1238 3065 1374 3150 capituli
1394 3064 1458 3151 [et]
1475 3066 1680 3150 singulorum
1703 3067 1927 3134 canoniooruu

582 3170 722 3234 ecclesie
748 3169 913 3234 Fesulane
939 3168 1139 3232 beneficium
1167 3170 1428 3234 ecclesiasticum
1458 3191 1485 3234 c.
1514 3190 1542 3235 c.
1570 3172 1623 3234 vel
1650 3191 1676 3236 s.
1705 3192 1735 3237 c.
1769 3182 1924 3259 expectare
1960 3183 1974 3217 ὃ

582 3282 740 3338 noscatur
758 3296 765 3351 ;
783 3294 858 3338 cum
876 3272 993 3337 ceteris
1009 3292 1077 3336 oon
1094 3275 1179 3337 obst.
1196 3313 1238 3321 -
1255 3272 1331 3337 Fiat
1349 3272 1389 3337 R.
1957 3280 1974 3290 “

627 3377 705 3440 Dat.
722 3377 820 3441 Avin.
840 3397 856 3439 2
873 3396 951 3440 non.
965 3376 1034 3460 julii
1053 3386 1085 3439 a⁰
1105 3384 1165 3440 10⁰.
1184 3381 1193 3443 i
1200 3381 1254 3455 21,
1273 3378 1354 3460 54').

633 3530 770 3611 2215.
1634 3551 1888 3633 1351,7juiIIeI.
1938 3590 1974 3627 :1

627 3648 725 3714 Motu
752 3650 887 3734 proprio
912 3647 1125 3733 providemus
1152 3648 1333 3713 Guillclmo
1363 3647 1547 3728 Rastelerii,
1574 3651 1731 3718 familiari
1756 3650 1912 3732 nostro,de
1936 3683 1939 3691 ·
1967 3705 1974 3729 2

583 3775 655 3820 can.
672 3763 705 3818 et
722 3756 813 3839 preb.
831 3753 971 3818 ecclesie
989 3751 1201 3831 Casletensis,
1220 3750 1388 3818 Morinen.
1404 3754 1501 3834 dioc,
1516 3775 1592 3819 cum
1609 3759 1768 3825 omnibus
1776 3760 1911 3845 juribuset
1934 3784 1974 3831 »ᾗ

583 3858 793 3944 pertinentiis
817 3856 1021 3935 eorumdem,
1046 3876 1118 3921 vac.
1143 3876 1201 3941 per
1224 3865 1367 3921 mortem
1384 3855 1549 3934 Johannis
1565 3859 1606 3923 de
1624 3855 1910 3943 Collemedi0²‚qi
1937 3873 1974 3933 22·-

582 3972 675 4027 extra
707 3961 805 4027 Rom.
837 3960 962 4026 curiam
993 3961 1081 4026 diem
1114 3960 1233 4025 clausit
1268 3968 1465 4039 extremum,
1503 3969 1538 4026 et
1575 3982 1635 4048 per
1673 3968 1910 4033 reservationem.
1938 4026 1974 4083 γ

582 4066 744 4131 Volumus
769 4075 891 4143 autem,
909 4065 1009 4149 quod,
1030 4085 1106 4129 cum
1126 4064 1369 4149 possessionem
1397 4065 1562 4130 dictorum
1585 4069 1808 4136 canonicatus
1821 4079 1851 4135 et
1863 4084 1909 4154 pn
1937 4085 1974 4102 -<

582 4172 691 4235 bende
708 4171 804 4234 suerit
821 4177 1000 4249 assecutus,
1017 4169 1169 4254 parroclr.
1187 4169 1361 4233 ecclesiam
1377 4168 1419 4232 de
1437 4168 1666 4254 Domaysarm,
1685 4170 1821 4240 Uticen.
1841 4171 1908 4241 dion
1936 4169 1974 4208 ²⁵

583 4297 681 4360 quam
709 4273 867 4359 possidet,
895 4274 1063 4338 dimittere
1090 4281 1266 4351 tencatur;
1293 4293 1367 4337 cum
1385 4292 1452 4336 non
1470 4276 1555 4338 obst.
1572 4314 1614 4322 -
1631 4273 1709 4341 Fiat
1728 4277 1769 4345 R.
1784 4318 1825 4328 —
1839 4274 1907 4343 lton
1951 4299 1974 4308 -

584 4380 727 4465 proprio,
745 4378 785 4443 R.
1936 4371 1974 4394 '³

628 4484 707 4548 Dat.
724 4484 821 4547 Avin.
839 4503 917 4547 non.
931 4483 1001 4567 julii
1019 4489 1052 4545 a⁰
1073 4491 1133 4546 10⁰.
1149 4489 1160 4513 ¹¹
1179 4484 1248 4564 (21,
1270 4502 1333 4553 rr).

634 4637 773 4719 2216.
1634 4672 1730 4735 1351,
1748 4673 1768 4737 7
1777 4653 1876 4735 Jin’llet
1954 4719 1960 4724 ,

628 4757 729 4842 Supp.
747 4757 845 4820 frater
861 4754 1041 4832 Johannes,
1053 4753 1229 4838 episcopus
1245 4752 1464 4817 'l'ricastrinns
1476 4772 1496 4830 ³,
1511 4762 1600 4837 quat.
1617 4754 1751 4841 [nepoti
1768 4778 1822 4822 suo
1836 4753 1899 4818 Peli⁰
1941 4786 1949 4800 ··
1968 4817 1971 4822 ⁴

613 4946 641 4995 al
657 4946 694 4988 lln
708 4958 722 4989 n
735 4941 797 4987 rnffl‘·
811 4943 832 4988 ln
846 4939 968 5003 premiere
981 4941 1039 4987 clarc
1055 4957 1059 4986 :
1074 4940 1170 4985 XIIII
1182 4939 1311 4999 luiljunii
1325 4947 1351 4983 κθ
1366 4942 1412 4986 10⁰.

619 5153 638 5197 r.
655 5150 728 5207 nugo
748 5149 779 5194 ue
793 5147 913 5208 iraupnn
929 5165 934 5196 ;
956 5150 1011 5193 mn
1023 5162 1047 5194 u.
1061 5148 1114 5194 421.
1129 5148 1181 5193 rer.
1196 5148 1249 5193 ros.
1264 5147 1316 5191 sot.
1332 5146 1400 5191 1391.
1421 5172 1450 5178 -
1470 5146 1491 5189 2.
1507 5143 1566 5189 ron
1584 5157 1609 5191 n.
1627 5147 1698 5192 2154.
1712 5172 1741 5180 -
1758 5144 1779 5188 a.
1793 5140 1842 5188 len
1855 5128 1886 5177 su
1937 5158 1941 5162 «
1967 5176 1970 5180 .

583 5225 674 5271 ancien
688 5222 725 5268 cv.
739 5221 770 5267 de
782 5223 873 5267 (inisse
885 5221 989 5281 (Eubcl,
1005 5222 1022 5277 l,
1036 5218 1108 5278 525);
1123 5221 1176 5264 loir
1190 5234 1212 5265 n.
1229 5219 1296 5275 1387,
1311 5219 1380 5264 1437.
1938 5234 1940 5238 ¹
