4650 6059
1018 775 1101 853 1351,
1126 774 1192 837 8-12
1215 774 1285 838 mai.
1771 778 1832 841 557

462 928 575 992 :idem
592 926 635 990 de
651 945 742 990 noro
757 924 938 1007 dignemini
954 922 1130 1008 providere
1150 945 1158 1000 ;
1184 943 1253 987 non
1282 902 1368 988 olist.
1396 924 1487 1007 quod
1511 923 1621 990 dictus
1644 924 1833 990 Bernardus

462 1054 537 1097 :am
556 1040 590 1095 et
607 1033 698 1115 preb.
723 1029 940 1094 ecclesiarum
957 1027 1011 1092 SS.
1029 1027 1124 1091 Pauli
1140 1034 1175 1091 et
1192 1026 1281 1091 Petri
1311 1027 1472 1094 Leodien.
1497 1028 1646 1094 noscitur
1670 1029 1832 1094 obtinere.

462 1177 504 1186 --
524 1135 604 1199 Fiat
621 1135 660 1198 R.

507 1241 592 1304 Dat.
608 1237 707 1301 Asin.
726 1258 743 1319 3
761 1236 827 1300 kal.
845 1236 939 1321 april.
955 1250 991 1300 a0
1008 1248 1053 1316 90.
1070 1236 1147 1318 (20,
1170 1235 1256 1317 186).

516 1376 656 1458 2151.
1562 1406 1656 1469 1351,
1674 1389 1695 1450 8
1712 1388 1789 1450 mai.

508 1498 614 1579 Supp.
626 1493 662 1574 J(
665 1492 843 1574 ohannes),
871 1490 1141 1575 archiepiscopus
1168 1490 1427 1574 Rothomagen.,
1443 1497 1537 1573 quat.
1555 1488 1656 1554 Petro
1671 1488 1691 1565 J
1695 1489 1835 1554 ohannis

462 1600 506 1664 11.
523 1599 569 1663 de
585 1595 756 1660 Stelland¹
773 1595 968 1679 presbitero,
988 1593 1046 1680 [de
1068 1596 1145 1659 ben.
1171 1593 1269 1679 eccl]
1301 1593 1344 1658 ad
1369 1594 1445 1658 coll.
1473 1593 1621 1678 episcopi
1638 1599 1671 1657 et
1696 1593 1834 1678 capituli

462 1703 657 1766 l'ornacen.
674 1698 858 1781 dignemini
874 1698 1061 1783 providere.
1077 1738 1121 1747 —
1137 1697 1215 1764 Fiat
1233 1697 1272 1761 R.

511 1806 595 1868 Dat.
613 1824 665 1887 ap.
682 1801 932 1868 I'illamnovam
950 1804 968 1866 8
985 1800 1029 1867 id.
1045 1801 1124 1865 maii
1141 1814 1177 1865 a0
1195 1814 1239 1881 9⁰.
1257 1802 1333 1882 (20,
1354 1804 1455 1884 185l').

519 1938 823 2022 2152-2154.
1542 1973 1637 2035 1351,
1656 1975 1695 2017 12
1715 1956 1790 2017 mai.

511 2060 661 2123 Rolulus
676 2059 968 2144 corfirmotionum
984 2058 1182 2121 auctoritate
1198 2058 1373 2121 ordinaria
1385 2063 1407 2121 ¹¹.

513 2163 603 2227 Item
634 2162 731 2226 simili
762 2161 866 2226 modo
890 2160 1109 2226 collationem
1135 2160 1337 2226 auctoritate
1362 2158 1527 2224 ordinaria
1555 2160 1680 2226 factam
1707 2159 1837 2237 Jacobo

466 2267 616 2345 ⁴lndree,
633 2266 686 2330 lic.
704 2266 736 2329 in
752 2266 827 2348 leg„
844 2264 887 2329 de
902 2272 1086 2350 personatu
1101 2264 1143 2329 de
1160 2262 1276 2344 Melle,
1299 2264 1516 2329 Cameracen.
1532 2264 1619 2330 dioc.

514 2370 605 2434 Item
629 2369 727 2433 simili
752 2367 855 2433 modo
880 2368 1098 2433 collationem
1124 2367 1217 2433 dieta
1244 2368 1447 2433 auctoritate
1474 2367 1599 2433 factam
1621 2367 1771 2433 Oliverio
1795 2367 1837 2433 de

470 2472 700 2555 Gremberghe
716 2471 758 2535 de
774 2470 941 2536 decanatu
957 2470 1197 2552 Rothnacensi,
1214 2470 1430 2537 Cameracen.
1446 2471 1543 2551 dioc„
1560 2481 1595 2536 et
1619 2471 1774 2557 Hergoto
1794 2472 1837 2537 de

472 2574 702 2641 Scendelheke
719 2574 947 2663 deydeeanatu
963 2573 1114 2660 Lyrensi,
1131 2575 1221 2641 dicte
1246 2575 1343 2655 dioc,
1360 2596 1433 2640 vac.
1454 2595 1555 2640 causa
1582 2576 1837 2660 permutationis

475 2681 561 2745 facte
577 2679 622 2743 de
638 2678 717 2763 ipsis
734 2679 768 2741 in
784 2679 938 2743 manibus
953 2678 1110 2744 ordinarii
1127 2700 1186 2764 per
1202 2679 1339 2745 eosdem
1357 2679 1406 2763 (6,
1428 2680 1514 2763 181).

512 2823 621 2882 2153.
639 2813 725 2879 Item
742 2815 840 2879 simili
864 2817 967 2881 modo
994 2815 1211 2882 collationem
1228 2823 1263 2879 et
1279 2814 1517 2881 commendam
1541 2815 1665 2880 factam
1689 2836 1748 2901 per
1764 2837 1838 2901 pre·

477 2930 645 3007 ceptorem
661 2918 780 2983 domus
797 2918 1158 2985 Pontismontionensis
1174 2918 1255 2984 alias
1271 2917 1476 2999 Leodiensis,
1501 2917 1543 2983 Ο.
1567 2919 1599 2983 S.
1623 2922 1719 3003 Aug„
1736 2919 1837 2983 Vien-
1859 2992 1861 2997 ,

478 3023 583 3088 nensis
607 3021 706 3101 dioc,
733 3021 825 3085 tratri
851 3020 980 3098 Jacobo
995 3021 1037 3087 de
1054 3022 1085 3086 S.
1101 3021 1237 3086 Andrea
1253 3022 1295 3086 de
1311 3022 1521 3108 preceptoria
1533 3022 1635 3088 domo
1651 3031 1685 3087 et
1701 3022 1837 3086 bailivia

479 3124 503 3191 S.
526 3125 670 3191 Antonii
687 3124 729 3188 de
745 3123 911 3208 Traject0,
929 3125 1053 3189 ordinis
1069 3135 1103 3188 et
1119 3125 1206 3190 dioc.
1224 3126 1451 3210 predictorum
1469 3128 1517 3209 (6,
1539 3127 1640 3210 181⁸).

514 3272 625 3331 2154.
644 3264 731 3328 Item
748 3264 966 3329 collationem
982 3264 1108 3328 factam
1120 3263 1222 3328 Petro
1234 3264 1276 3329 de
1293 3264 1435 3350 Campo,
1451 3264 1635 3348 presbitero
1644 3263 1686 3327 de
1699 3263 1837 3348 paroch.

477 3370 617 3433 ecclesia
645 3368 687 3432 de
712 3367 800 3447 Zele,
826 3366 1015 3431 Tonracen.
1040 3366 1137 3447 dioc,
1165 3389 1239 3432 vac.
1267 3388 1326 3452 per
1353 3368 1490 3432 liberam
1517 3368 1774 3451 resignationem
1803 3368 1835 3430 in

477 3473 632 3537 manibus
649 3471 805 3535 ordinarii
822 3470 948 3534 factam
964 3491 1022 3554 per
1039 3468 1242 3534 Balduinum
1260 3471 1301 3535 de
1319 3470 1458 3556 Campo,
1476 3472 1705 3555 presbiterum.

517 3574 607 3640 Item
633 3575 851 3639 collationem
877 3574 1002 3638 factam
1030 3572 1177 3649 Johanni
1201 3573 1262 3638 Pul
1290 3574 1331 3639 de
1358 3575 1521 3659 capellan.
1537 3596 1629 3660 perp.
1646 3575 1785 3640 fundata
1804 3576 1836 3639 in

475 3679 616 3743 ecclesia
632 3678 769 3762 paroch.
785 3677 827 3741 de
845 3677 1086 3760 Eckergheem,
1110 3676 1198 3742 dioc.
1214 3677 1402 3743 Tornacen.

520 3784 595 3847 Dat.
613 3803 666 3866 ap.
685 3781 933 3846 I'illamnoranr
950 3805 968 3865 4
986 3781 1028 3845 id.
1045 3782 1122 3845 maii
1141 3789 1175 3845 a⁰
1199 3792 1238 3861 9⁰.
1264 3786 1340 3866 (20,
1360 3785 1460 3865 184‘').

516 3973 538 4027 a]
550 3971 585 4017 La
598 3971 721 4033 premiere
733 3973 815 4032 partic
827 3971 858 4018 dc
870 3987 898 4019 cc
912 3971 1010 4016 ruralem
1020 3985 1036 4016 a
1044 3969 1084 4017 6tt‘¹
1095 3969 1192 4018 inseret·
1201 3971 1265 4018 dans
1275 3971 1297 4018 lc
1310 3972 1416 4031 registro
1426 3973 1446 4028 ll,
1458 3977 1481 4017 el
1492 3970 1516 4016 la
1528 3971 1562 4016 tin
1576 3970 1640 4015 dans
1650 3969 1673 4015 le
1683 3971 1790 4029 registra
1802 3972 1840 4016 20.

486 4083 731 4099 *—

524 4154 540 4199 1.
551 4154 609 4201 l'oir
620 4170 645 4203 n.
657 4157 728 4203 2122,
