4650 6059
986 765 1066 840 1351,
1091 762 1142 829 2-3
1163 766 1337 845 septembre.
1781 769 1841 836 589

481 919 515 981 in
533 916 638 1000 gratia
655 916 823 982 communi
839 918 987 983 noscitur
1002 926 1188 1003 expectare,
1216 937 1317 1002 quam
1342 920 1615 1005 expectationem
1642 922 1702 987 sibi
1727 921 1841 1007 digne·

481 1022 565 1085 mini
583 1022 615 1085 in
632 1042 692 1086 suo
707 1023 825 1086 robore
841 1041 1052 1087 reservare...
1070 1021 1207 1087 —Fiat
1225 1020 1265 1089 R.

527 1125 607 1189 Dat.
623 1124 756 1208 Avin.'5
774 1123 837 1189 kal.
853 1134 937 1211 sept.
954 1134 987 1191 a⁰
1008 1134 1068 1192 10⁰.
1085 1127 1156 1209 (21,
1178 1131 1264 1209 126).

535 1280 847 1364 2269-2270.
1466 1300 1798 1385 assumentem.

527 1397 629 1485 Supp.
654 1396 827 1478 Johannes
854 1399 937 1485 Payl
954 1410 972 1480 ¹,
989 1394 1173 1465 canonicus
1200 1395 1231 1465 S.
1257 1396 1397 1465 Servatii
1423 1398 1655 1485 Trajectensis,
1684 1400 1844 1467 Leodien.

482 1502 581 1583 dioc,
598 1512 689 1587 quat.
704 1502 764 1569 sibi
781 1504 823 1569 de
839 1522 913 1569 can.
930 1512 964 1568 et
980 1502 1072 1587 preb.
1088 1499 1230 1568 ecclesie
1247 1500 1285 1568 B.
1303 1500 1352 1568 M.
1365 1501 1540 1588 Aquensis,
1552 1501 1642 1569 dicte
1657 1501 1754 1585 dioc,
1771 1523 1844 1571 erac.

482 1627 543 1693 per
558 1615 702 1672 mortem
715 1606 896 1673 Alexandri
913 1608 954 1672 de
972 1604 1133 1687 Enatten,
1147 1604 1202 1690 qni
1216 1614 1309 1671 extra
1327 1606 1425 1673 Rom.
1438 1607 1562 1673 curiam
1578 1607 1730 1689 decessit,
1743 1629 1845 1673 reser-

483 1708 580 1790 vatis,
597 1708 779 1794 dignemini
807 1707 1003 1796 providere3
1028 1729 1096 1776 non
1122 1710 1208 1776 obst.
1234 1708 1405 1777 beneficiis
1420 1718 1454 1777 et
1469 1709 1593 1797 gratiis,
1622 1730 1685 1797 que
1709 1721 1742 1778 et
1759 1732 1842 1797 quas

484 1812 628 1895 obtinet,
644 1812 677 1879 in
694 1811 894 1881 cancellaria
911 1811 942 1881 S.
958 1811 998 1881 V.
1014 1813 1259 1901 exprimendis;
1277 1833 1353 1882 curn
1369 1813 1441 1883 aliis
1456 1833 1524 1882 non
1542 1817 1627 1882 obst.
1644 1853 1685 1867 -
1713 1814 1788 1883 Fiat
1806 1815 1845 1883 R.

528 1976 640 2037 2270.
667 1967 753 2035 Item
778 1992 873 2057 supp.
901 1971 1084 2038 Gobelinus
1108 1971 1150 2036 de
1176 1967 1378 2057 Drynhusen
1395 1986 1416 2053 ²,
1441 1971 1624 2038 canonicus
1646 1970 1845 2056 Trajecten.,

483 2081 578 2157 quat.
602 2074 663 2138 sibi
680 2074 722 2139 de
746 2075 899 2160 parrocii.
926 2074 1067 2140 ecclesia
1090 2073 1131 2140 de
1147 2072 1331 2155 Wallirorn,
1363 2073 1523 2140 Leodien.
1554 2072 1651 2154 dioc,
1682 2095 1755 2141 vac.
1785 2093 1844 2160 per

483 2184 635 2242 mortem
650 2178 832 2243 Alexandri
848 2179 890 2244 de
909 2178 1056 2244 Enatten
1077 2189 1097 2259 ³,
1114 2179 1168 2243 vel
1192 2179 1259 2245 alio
1282 2180 1503 2264 quovismodo
1527 2180 1736 2266 dispositioni
1760 2181 1847 2245 sedis

481 2289 598 2368 apost.
614 2289 693 2348 ante
709 2283 780 2368 ejus
795 2285 849 2349 ob.
865 2294 1044 2364 reservata,
1060 2284 1242 2368 dignemini
1266 2284 1440 2369 providere
1454 2307 1463 2364 3
1487 2304 1556 2350 nom
1574 2287 1660 2350 obst.
1677 2282 1848 2349 beneficiis

481 2395 519 2452 et
536 2385 664 2472 gratiis,
678 2407 742 2472 que
758 2396 793 2453 ct
809 2407 890 2473 quas
903 2386 1043 2469 obtinet,
1056 2387 1090 2453 in
1104 2385 1300 2454 cancellaria
1316 2387 1347 2454 S.
1364 2383 1404 2454 V.
1421 2384 1656 2475 exprimendis.
1667 2428 1707 2440 -
1722 2385 1797 2454 Fiat
1808 2388 1847 2455 R.

530 2489 612 2556 Dat.
632 2490 731 2558 Avin.
747 2512 766 2577 4
782 2509 861 2559 non.
877 2501 961 2579 sept.
979 2500 1012 2558 a⁰
1032 2500 1092 2559 10⁰.
1110 2494 1124 2577 t
1126 2493 1180 2574 21,
1201 2492 1289 2578 121¹)

538 2647 677 2728 2271.
1470 2679 1564 2747 1351,
1578 2683 1600 2748 3
1615 2667 1803 2750 septembre.

529 2766 587 2829 S¹¹¹l
603 2765 713 2831 Pater.
730 2765 813 2830 Cum
831 2767 862 2831 S.
879 2766 918 2832 V.
934 2786 1040 2853 nuper
1055 2766 1236 2833 Guillelmo
1261 2766 1448 2833 Rastellerii
1460 2779 1480 2849 ⁴,
1496 2767 1648 2833 familiari
1664 2777 1787 2849 vestm,
1803 2767 1845 2832 de

480 2891 562 2936 can.
580 2878 614 2934 et
629 2873 720 2955 preb.
746 2871 885 2935 ecclesie
902 2870 933 2936 S.
950 2871 1040 2936 Petri
1065 2870 1276 2951 Casletensis‚
1295 2870 1462 2939 Morimen.
1484 2871 1582 2952 dioc,
1599 2892 1658 2958 per
1673 2873 1727 2938 ob.
1743 2891 1847 2956 quon-

479 2975 566 3040 dam
583 2973 747 3051 Johannis
769 2975 811 3039 de
827 2974 1041 3056 Collenredio,
1059 2976 1113 3060 qui
1131 2984 1226 3042 extra
1243 2975 1341 3042 Rom.
1358 2975 1483 3041 curiam
1506 2976 1658 3056 decessit,
1674 2984 1755 3041 tunc
1773 2995 1848 3042 vac.
1883 3024 1885 3028 -

481 3088 519 3145 et
551 3099 612 3164 per
633 3078 893 3144 reservationem
918 3089 1012 3145 rnotu
1038 3081 1172 3165 proprio
1204 3080 1336 3145 duxerit
1360 3079 1612 3166 providendum,
1640 3080 1848 3164 volueritque

481 3181 588 3268 quod,
606 3203 681 3248 curn
697 3184 939 3269 possessionem
966 3183 1131 3250 dictorum
1159 3184 1375 3250 canonicatus
1399 3193 1434 3249 et
1456 3185 1622 3269 prebende
1650 3193 1736 3249 esset
1760 3204 1847 3249 asse-

483 3297 595 3366 cutus,
612 3287 762 3372 parroch.
779 3286 953 3353 ecclesiam
970 3288 1011 3353 de
1028 3289 1254 3373 Damaysan0,
1273 3288 1408 3355 Uticen.
1424 3289 1520 3369 dioc,
1537 3310 1636 3372 quam
1653 3288 1742 3352 idem
1756 3287 1847 3352 Guil-

483 3393 608 3457 ielnrus
625 3392 763 3471 obtinet,
780 3392 948 3457 dimittere
968 3402 1147 3474 teneretur,
1163 3393 1319 3477 idemque
1335 3391 1532 3458 Guillelnius
1554 3392 1680 3457 dictam
1703 3391 1845 3476 gratiam

483 3503 666 3580 acceptare
682 3517 740 3561 seu
752 3498 904 3581 prosequi
921 3517 988 3562 non
1006 3498 1178 3578 curaverit,
1195 3520 1303 3582 neque
1320 3508 1421 3576 curet,
1438 3497 1591 3582 dignetur
1604 3498 1635 3561 S.
1646 3496 1686 3562 V.
1697 3496 1738 3561 de
1751 3496 1848 3562 dictis

483 3621 563 3665 can.
581 3608 614 3663 et
630 3601 720 3684 preb.
737 3599 784 3664 sic
799 3621 873 3665 vac.
891 3600 991 3666 Petro
1006 3603 1048 3667 de
1066 3602 1152 3668 Rivo
1168 3602 1341 3688 providere
1355 3625 1363 3681 ;
1392 3623 1459 3666 non
1488 3605 1572 3666 obst.
1590 3601 1678 3686 quod
1694 3602 1847 3686 parroch.

483 3701 664 3768 ecclesiam
691 3703 732 3768 dc
758 3702 974 3786 Daraseraco,
1002 3704 1168 3771 Tutellen.
1194 3705 1290 3786 dioc,
1313 3705 1462 3770 obtinere
1479 3714 1636 3770 noscatur
1652 3727 1659 3783 ;
1678 3725 1752 3769 curn
1777 3705 1848 3768 aliis

484 3828 557 3872 non
577 3809 692 3872 obst...
711 3848 752 3856 —
770 3806 846 3873 Fiat
865 3808 904 3874 R.

531 3910 612 3975 Dat.
629 3912 728 3977 Avin.
746 3932 763 3995 3
780 3933 859 3977 nou.
877 3922 960 3998 sept.
978 3921 1011 3979 a⁰
1032 3921 1091 3980 10⁰.
1109 3916 1181 3999 (21,
1203 3934 1238 3979 12
1244 3915 1302 3999 ql).

541 4067 683 4149 2272.
1468 4100 1562 4163 1551,
1577 4101 1598 4164 3
1616 4083 1806 4167 septembre.

533 4187 636 4272 Supp.
652 4187 824 4264 Joliannes
839 4189 881 4253 de
897 4190 1048 4254 Aclieriis
1060 4198 1080 4268 ⁵,
1096 4197 1187 4273 quat.
1216 4187 1323 4273 [fratri
1348 4207 1409 4252 suo
1431 4185 1579 4263 Jolranni
1605 4186 1705 4265 Luce,
1729 4184 1850 4251 clerico

488 4291 661 4371 Parisien,
678 4292 719 4356 de
736 4312 810 4357 can.
828 4302 862 4357 et
878 4295 969 4377 preb.
986 4292 1126 4357 ecclesie
1149 4291 1181 4356 S.
1205 4289 1295 4355 Petri
1321 4288 1511 4369 insulensis,
1539 4288 1726 4355 Tomacen.
1753 4287 1850 4366 dioc,

486 4418 563 4462 vac.
580 4396 613 4480 in
631 4396 728 4461 Rom.
745 4398 835 4463 curia
851 4418 909 4483 per
925 4406 1068 4462 mortem
1092 4396 1111 4474 J
1115 4395 1258 4461 ohannis
1280 4394 1359 4459 dicti
1378 4393 1551 4460 Pietdeleu
1562 4393 1583 4474 ⁶,
1600 4393 1655 4477 qui
1671 4400 1766 4457 extra
1782 4390 1851 4455 dic·

486 4510 561 4566 tarn
578 4500 702 4565 curiam
718 4500 807 4565 diem
824 4500 940 4566 clausit
957 4510 1153 4579 extremum,
1167 4520 1207 4565 ac
1223 4520 1283 4585 per
1297 4498 1558 4564 reservationem
1573 4498 1614 4563 de
1631 4496 1757 4562 eisdem
1772 4503 1851 4560 ante

487 4604 592 4689 ipsius
604 4606 657 4669 ob.
674 4603 762 4689 apud
778 4604 890 4668 sedern
908 4615 1016 4689 apost.
1034 4604 1168 4684 sactum,
1182 4623 1239 4668 seu
1255 4602 1374 4686 quovis
1392 4601 1458 4667 alio
1473 4600 1576 4668 modo
1592 4609 1723 4677 vacent,
1736 4599 1849 4683 digne-

486 4707 571 4772 nrini
588 4708 783 4791 providere3
812 4729 880 4772 non
908 4711 991 4772 obst.
1020 4708 1109 4791 quod
1136 4708 1177 4772 de
1202 4708 1331 4792 capella
1349 4704 1386 4770 B.
1405 4703 1453 4769 M.
1469 4704 1512 4770 de
1528 4704 1627 4770 Latre
1655 4705 1688 4768 im
1716 4704 1794 4768 villa
1809 4705 1851 4769 de

489 4812 583 4896 Bray
600 4832 696 4895 supra
721 4813 902 4892 Somniarn,
930 4813 1131 4878 Ambianen.
1158 4812 1256 4889 dioc,
1282 4812 1355 4889 sita,
1383 4830 1442 4895 per
1470 4809 1508 4873 F.
1537 4809 1567 4873 S.
1596 4808 1704 4873 eidem
1730 4807 1851 4872 clerico

524 5066 547 5111 l.
561 5062 624 5110 Voir
636 5076 660 5109 n.
678 5063 793 5109 21111-
811 5064 832 5109 2.
849 5061 952 5111 Kirsch..
967 5063 1041 5121 Abit,
1055 5066 1108 5116 282,
1123 5065 1169 5110 286
1182 5079 1187 5111 :
1202 5062 1284 5111 Bromi.
1298 5075 1322 5106 (ι.
1338 5062 1405 5109 151111.
1420 5062 1488 5116 isaii,
1505 5061 1573 5106 luat.
1586 5086 1617 5091 —
1634 5059 1657 5105 3.
1670 5058 1730 5104 Vuis
1743 5069 1766 5105 n.
1780 5061 1850 5110 2269.

486 5166 520 5173 -
534 5139 558 5187 4.
577 5136 639 5181 b'oir
652 5149 676 5182 n.
689 5136 760 5182 2229.
773 5163 804 5169 -
824 5139 846 5180 Γ).
860 5135 921 5180 i'oir
933 5149 957 5182 n.
974 5138 1041 5192 11125,
1056 5138 1124 5192 1283,
1140 5137 1208 5183 ltus.
1224 5133 1337 5181 itaet-
1356 5132 1377 5181 e.
1395 5129 1459 5180 dean
1480 5133 1532 5180 Piet
1544 5131 1577 5180 de
1589 5132 1628 5180 leu
1640 5134 1677 5179 est
1690 5130 1741 5179 cite
1752 5147 1850 5183 cornme

486 5213 611 5261 trisorier
623 5209 646 5257 le
660 5211 689 5256 lu
701 5208 845 5271 septembre
856 5207 917 5257 1312
928 5209 1092 5263 (Hatitooenr,
1106 5209 1213 5264 Far-tui,
1222 5222 1246 5270 p.
1254 5204 1320 5267 1199).
