4650 6059
480 764 540 826 all
1015 760 1102 833 1350,
1125 760 1222 825 28-29
1244 761 1312 826 mai.

487 917 518 979 S.
531 914 721 998 Walburgis
733 912 920 998 BrugensiS,
932 911 1118 979 Tomacen.
1131 898 1229 993 dioc,
1243 936 1345 980 unam
1355 935 1448 1001 perp.
1462 918 1689 1002 capellaniam
1707 920 1841 985 noscitur

487 1020 680 1084 obtinere...
698 1059 742 1066 —
758 1016 834 1081 Fiat
851 1016 890 1081 R.

531 1122 611 1187 Dat.
627 1121 728 1186 Avin.
745 1123 763 1185 8
780 1120 846 1185 kal.
859 1121 943 1205 junii
959 1129 992 1185 a⁰
1009 1128 1050 1200 9⁰.
1068 1124 1144 1201 (20,
1161 1124 1221 1203 Sl).

541 1257 841 1340 1975-1976.
1554 1295 1651 1357 1350,
1669 1278 1714 1339 28
1731 1280 1806 1341 mai.

530 1377 619 1461 Sign.
647 1376 678 1441 S.
706 1375 746 1440 V.
773 1374 983 1452 Wilhelmus,
1009 1374 1204 1459 archiepisc.
1230 1375 1418 1456 Colonien,
1446 1378 1538 1461 quod
1564 1378 1692 1443 dudum
1721 1380 1841 1445 nobiles

486 1479 671 1559 Johannes,
699 1500 812 1544 comes
836 1478 1008 1542 Clevensis
1019 1491 1038 1557 ¹,
1066 1487 1100 1543 et
1128 1477 1302 1545 Metlrildis
1324 1482 1366 1545 de
1390 1480 1513 1561 Gelria,
1537 1483 1655 1548 relicta
1679 1483 1841 1567 quondan

487 1581 669 1663 Godefridi,
696 1582 766 1647 nati
792 1582 924 1647 comitis
950 1580 1122 1647 Lossensis
1134 1595 1155 1662 ²,
1182 1582 1320 1649 domina
1344 1584 1377 1648 in
1404 1582 1589 1651 Mechlinia
1612 1593 1649 1651 et
1673 1586 1708 1650 in
1727 1585 1842 1671 Eytka,

488 1686 734 1769 consanguinea
748 1686 828 1751 dicti
845 1685 1097 1771 archiepiscopi,
1121 1684 1297 1751 Colonien.
1315 1696 1349 1751 et
1366 1687 1527 1753 Leodien.
1544 1690 1642 1768 dioc,
1660 1690 1844 1773 ignorantes

488 1791 623 1874 aliquod
650 1780 928 1877 impedimentum
956 1790 1098 1855 existere
1126 1791 1214 1856 inter
1229 1791 1329 1877 ipsos,
1352 1792 1603 1857 matrimonium
1626 1792 1672 1857 ad
1695 1792 1845 1868 invicem,

488 1896 609 1959 bannis
626 1916 693 1960 non
710 1895 818 1975 editis,
833 1903 870 1958 ut
886 1894 987 1959 moris
1003 1901 1054 1957 est
1070 1894 1238 1959 interdum
1267 1895 1336 1959 lieri
1364 1896 1451 1960 inter
1476 1896 1606 1962 nobiles
1629 1895 1767 1961 illarum
1781 1917 1845 1982 par·

488 1998 583 2076 tium,
596 1998 640 2063 ad
656 1998 801 2063 invicem
818 2005 1067 2076 contraxerunt,
1081 1998 1205 2061 carnali
1223 1998 1309 2062 inter
1324 2019 1383 2063 eos
1398 1999 1520 2084 copula
1530 2001 1722 2080 subsecuta,
1734 2022 1778 2065 ex
1789 2020 1846 2085 qua

488 2102 616 2185 prolem
633 2110 849 2187 procrearunt
868 2124 876 2180 ;
903 2100 1058 2184 quodque
1083 2101 1298 2185 postmodum
1315 2102 1358 2166 ad
1374 2102 1475 2186 ipsius
1501 2100 1678 2167 Metlrildis
1692 2103 1844 2170 notitiam

488 2205 652 2288 pervenit,
669 2205 758 2288 quod
775 2205 844 2290 ipse
860 2226 974 2271 comes
990 2203 1098 2268 eidem
1123 2204 1295 2288 quondam
1312 2204 1494 2271 Godefrido
1517 2215 1636 2290 quarto
1653 2207 1844 2293 consangui-

488 2308 604 2372 nitatis
630 2309 735 2392 gradu
760 2310 936 2375 attinebat.
962 2309 1075 2392 Quare
1099 2308 1240 2394 predicti
1268 2309 1287 2386 J
1291 2311 1440 2375 ohannes
1463 2331 1578 2376 conres
1598 2320 1633 2375 et
1675 2310 1844 2378 Methildis

488 2433 556 2476 non
573 2424 713 2497 possunt
728 2415 825 2479 simul
840 2415 874 2478 in
891 2412 1079 2497 hujusmodi
1092 2413 1308 2478 matrimonio
1320 2414 1367 2479 sic
1380 2422 1554 2479 contracto
1565 2414 1657 2479 licite
1667 2435 1845 2494 remanere,

488 2516 737 2602 dispensatione
753 2525 861 2603 apost.
878 2537 975 2604 super
991 2515 1056 2581 hoc
1072 2537 1139 2581 non
1156 2518 1307 2581 obtenta.
1325 2516 1448 2581 Verum
1471 2516 1548 2600 quia
1564 2539 1606 2581 ex
1622 2520 1844 2602 separatione,

488 2619 525 2700 si,
541 2620 631 2704 quod
646 2622 742 2701 absit,
759 2622 864 2701 fieret,
880 2623 986 2686 multa
998 2620 1155 2686 scandala
1171 2629 1205 2685 et
1221 2621 1377 2706 pericula,
1394 2629 1428 2684 et
1443 2640 1633 2704 guerrarum
1658 2621 1844 2686 discrimina

487 2724 574 2789 inter
601 2725 690 2810 ipsos
706 2734 739 2790 et
756 2746 871 2790 eorum
896 2724 1164 2809 consanguineos
1191 2732 1225 2788 et
1252 2724 1388 2802 amicos
1416 2724 1471 2808 qui
1496 2724 1624 2788 nobiles
1643 2732 1678 2789 et
1693 2734 1845 2810 potentes

487 2829 645 2910 existunt,
661 2829 882 2894 verisimiliter
911 2827 1081 2915 [possent]
1110 2828 1290 2913 provenire
1310 2851 1317 2907 ;
1336 2828 1435 2912 igitur
1450 2848 1544 2913 supp.
1569 2827 1660 2892 idem
1686 2828 1844 2914 archiepi-

487 2954 616 3016 scopuS,
645 2942 736 3017 quat.
752 2933 919 2999 scandalis
942 2942 976 2997 et
999 2932 1153 3018 periculis
1178 2933 1355 2997 obviantes
1382 2931 1588 3017 supradictis,
1615 2952 1694 2996 cum
1724 2931 1842 2997 eisdem

485 3034 643 3113 Jolranne
668 3038 792 3102 comite
808 3045 843 3101 et
860 3035 1035 3114 Metlrilde,
1063 3036 1154 3119 quod
1169 3036 1203 3099 in
1220 3036 1266 3100 sic
1283 3042 1458 3101 contracto
1480 3035 1697 3100 matrimonio
1721 3036 1842 3122 possint

486 3140 577 3205 licite
592 3161 776 3220 remanere,
804 3140 986 3223 dignemini
1004 3140 1261 3204 misericorditer
1277 3138 1467 3223 dispensare
1487 3162 1495 3217 ;
1512 3140 1641 3223 prolem
1658 3148 1840 3224 susceptam

486 3254 520 3308 et
533 3243 778 3329 suscipiendam
795 3266 836 3307 ex
853 3244 899 3307 eis
915 3244 1098 3326 legitimam
1122 3244 1341 3308 decernentes
1361 3265 1368 3321 3
1394 3242 1616 3322 absolventes,
1634 3243 1660 3306 si
1679 3243 1841 3327 indigeant

484 3357 550 3411 etc.
571 3371 578 3425 ;
608 3369 683 3411 cum
709 3348 863 3411 omnibus
890 3348 1046 3411 clausulis
1073 3346 1256 3431 oportruris.
1273 3387 1315 3394 —
1332 3345 1407 3410 Fiat
1428 3366 1487 3430 per
1511 3346 1742 3430 dyocesanum
1757 3348 1782 3411 si
1804 3346 1841 3411 sit

485 3452 542 3529 ita,
568 3450 607 3515 R.
621 3487 666 3495 —
683 3450 758 3514 Fiat
777 3450 815 3514 R.

532 3596 630 3655 1976.
649 3587 735 3656 Item
752 3610 847 3673 supp.
864 3598 955 3672 quat.
969 3588 1152 3653 Wilhelmo
1168 3590 1209 3653 de
1223 3589 1449 3654 Duvenvorde
1461 3605 1481 3667 ³,
1492 3588 1630 3653 domino
1646 3588 1689 3653 de
1713 3589 1837 3653 Oester·

486 3695 569 3757 lrout
585 3714 624 3757 ac
641 3694 710 3776 ejus
732 3693 929 3772 conthorali,
943 3692 1103 3756 Leodien.
1114 3692 1212 3772 dioc,
1225 3693 1266 3756 de
1280 3693 1428 3776 plenaria
1442 3691 1649 3775 indulgentia
1666 3689 1836 3775 dignemini

485 3795 670 3881 providere.
687 3834 729 3844 —
747 3794 823 3859 Fiat
841 3794 880 3859 R.

530 3900 607 3965 Dat.
624 3899 723 3964 Avin.
738 3920 754 3983 5
772 3898 837 3963 kal.
850 3899 934 3983 junii
950 3909 982 3963 a⁴¹
1000 3910 1040 3977 9⁰.
1059 3901 1135 3981 (20,
1158 3903 1222 3982 13t')

539 4039 838 4121 1977-1978.
1556 4072 1651 4134 1550,
1669 4073 1710 4133 29
1728 4073 1798 4114 urar.

532 4158 630 4222 Motu
654 4158 787 4243 proprio
812 4156 1026 4241 providemus
1053 4155 1201 4239 Aymoni
1229 4155 1271 4219 de
1300 4155 1509 4232 Cololento⁴,
1527 4154 1693 4219 canonico
1710 4155 1740 4217 S.
1758 4148 1832 4216 Petri
1876 4164 1878 4240 ξ

488 4262 678 4340 lnsulensis‚
691 4262 878 4326 Tornacen.
895 4259 992 4336 dioc„
1003 4260 1044 4323 de
1056 4262 1148 4343 preb.
1165 4268 1199 4323 et
1216 4259 1366 4323 cantoria
1377 4281 1457 4343 quas
1474 4258 1506 4320 in
1524 4258 1666 4322 ecclesia
1684 4250 1831 4321 Insulensi
1876 4249 1878 4316 ἓ

488 4367 605 4431 Petrus
623 4367 784 4430 Kaboclre
801 4382 821 4443 ⁵,
838 4364 917 4428 dnm
933 4363 1073 4438 viveret,
1091 4363 1275 4427 obtinebat.
1293 4362 1454 4426 Volumus
1478 4369 1590 4424 autem
1619 4360 1709 4444 quod
1732 4375 1829 4443 quarn·

486 4471 629 4556 primunr
650 4469 895 4555 possessionem
920 4465 1088 4551 prebende
1105 4473 1139 4528 et
1155 4465 1305 4529 cantorie
1331 4464 1553 4549 predictarum
1582 4463 1724 4548 pacifice
1748 4457 1827 4526 fuerit

487 4583 666 4652 assecutus,
677 4571 893 4657 prebendam,
906 4589 1006 4652 quam
1018 4569 1049 4630 in
1062 4568 1150 4632 dicta
1170 4569 1310 4632 ecclesia
1322 4568 1364 4632 ad
1374 4589 1509 4653 presens
1522 4567 1665 4646 obtinet,
1678 4566 1827 4630 dimittere

485 4688 649 4744 teneatur.
666 4718 708 4725 —
726 4676 801 4739 Fiat
818 4683 913 4738 motu
930 4673 1065 4758 proprio
1085 4673 1123 4735 R,

531 4819 629 4881 1978.
647 4817 746 4901 Supp.
764 4815 990 4897 Gluillelnrusj)
1013 4812 1156 4895 Rogerii,
1174 4812 1278 4890 rniles,
1291 4819 1380 4895 quat.
1395 4810 1550 4897 [antiquo
1566 4829 1626 4874 suo
1644 4804 1787 4874 servitori
1799 4807 1824 4863 el

516 5052 536 5097 1.
553 5048 649 5095 liubula
662 5049 685 5094 lc
700 5051 727 5094 ru
741 5047 878 5093 mvronrlnc
892 5047 953 5091 laus
967 5044 1008 5102 (do
1022 5044 1145 5100 crusti-er,
1160 5057 1184 5103 p.
1198 5042 1250 5101 35).
1260 5069 1291 5075 -
1303 5045 1325 5089 2.
1338 5041 1440 5089 (lerulre
1451 5041 1483 5088 de
1496 5038 1610 5097 Renaud‚
1623 5044 1708 5085 corrrte
1719 5036 1749 5082 do
1764 5025 1822 5079 llud·

480 5125 532 5175 dre.
552 5123 603 5170 cit(-
624 5138 654 5168 cn
678 5124 738 5167 lala
761 5120 886 5174 [Wolters.
903 5117 960 5164 (tul.
978 5116 1042 5178 dipl.
1061 5116 1194 5163 erxxearr'r.
1212 5130 1236 5177 p.
1256 5117 1322 5175 283).
1341 5116 1364 5163 lc
1383 5118 1413 5162 27
1434 5113 1578 5178 septembre
1592 5113 1655 5159 1339
1668 5111 1721 5174 (id,
1734 5110 1823 5166 ⁸292?

480 5201 502 5245 3.
513 5198 574 5242 l'oir
587 5212 611 5244 u.
624 5199 678 5250 1325,
699 5196 768 5240 laur.
783 5221 812 5226 --
825 5195 847 5241 l.
860 5192 921 5237 l'oir
934 5206 958 5237 rr.
980 5192 1048 5236 1278.
1060 5217 1091 5223 —
1104 5194 1126 5236 ζ),
1146 5190 1206 5236 l'oir
1220 5204 1243 5236 n.
1259 5191 1327 5237 ludu.
1589 5207 1590 5211 ¹
