4650 6059
1031 785 1120 861 1848,
1143 786 1163 851 5
1183 784 1303 851 fertior.
1810 790 1844 857 61

533 942 609 1005 292.
625 934 749 1003 Item...
764 955 830 1023 pro
843 955 880 1001 se
894 942 930 1001 et
944 934 1036 1001 dIcta
1052 933 1236 1001 Katherina
1251 934 1323 1020 ejus
1337 954 1441 1001 uxore
1455 943 1545 1021 quat
1561 936 1762 1005 confessor...

531 1079 607 1142 299
623 1072 715 1139 Item
729 1091 828 1160 supp.
843 1079 934 1157 quat.
958 1069 1110 1138 Roberto
1124 1070 1168 1137 de
1183 1069 1324 1170 Couchi,
1347 1061 1468 1159 patruo
1490 1092 1561 1155 suo,
1584 1074 1712 1141 cantori
1728 1073 1847 1143 Came-

499 1198 592 1245 ncen.
606 1177 753 1245 similem
766 1175 909 1263 gratiam
924 1174 1034 1243 facere
1046 1175 1237 1272 dignemini.
1253 1214 1297 1225 -
1313 1173 1391 1242 Fiat
1407 1174 1438 1241 R

528 1281 594 1349 Dat
616 1281 718 1378 Avin.
733 1300 814 1348 non.
829 1279 902 1346 febr
923 1287 958 1346 a⁰
971 1287 1009 1345 1⁰.
1022 1280 1074 1364 (2,
1094 1279 1173 1365 18').
1444 1292 1445 1296 ’

531 1417 781 1506 294-299.
1525 1452 1622 1518 1543,
1637 1452 1659 1518 5
1665 1435 1805 1523 ferrier.

525 1540 625 1628 Supp.
641 1536 804 1606 Matheus
824 1536 868 1603 de
882 1534 971 1617 Tria,
993 1534 1137 1602 Francie
1159 1536 1374 1604 marescallus
1398 1535 1505 1618 miles,
1532 1544 1615 1623 quat
1647 1538 1737 1622 [nob.
1764 1538 1847 1620 viro,

490 1644 734 1732 mnsauguIneo
758 1661 821 1709 suo
844 1659 1016 1726 germano,
1041 1637 1190 1718 Johanni
1216 1639 1260 1706 de
1283 1637 1582 1725 Varennis,eler.],
1597 1640 1640 1707 de
1666 1660 1729 1707 can
1765 1641 1847 1723 eccl.

491 1748 730 1835 Rothomagen.
745 1766 787 1813 ac
801 1747 883 1833 preb
909 1742 1035 1810 ibidem
1050 1764 1122 1811 vac.
1138 1745 1195 1810 vel
1210 1752 1330 1826 vacat,
1356 1744 1540 1830 dignemini
1565 1743 1751 1832 providere,
1779 1764 1860 1834 non,

488 1856 568 1921 obst
582 1851 677 1940 quod
702 1870 774 1918 can
799 1857 834 1916 et
847 1850 941 1937 preb.
967 1868 1007 1914 ac
1033 1848 1205 1916 scolastrie
1229 1847 1284 1916 off.
1309 1856 1539 1936 nuncupatum
1564 1848 1599 1914 in
1613 1848 1693 1916 eccl.
1710 1848 1739 1914 S.
1756 1847 1847 1915 Petri

486 1955 640 2037 Aliensis,
664 1952 832 2021 Morinen.
858 1952 957 2034 dioc,
984 1952 1134 2025 noscitur
1160 1952 1323 2034 obtinere,
1347 1972 1488 2038 quorum
1513 1950 1670 2020 fructus...
1686 1972 1752 2019 sec.
1778 1959 1845 2018 tax.

486 2059 624 2140 decime,
638 2079 683 2145 40
697 2058 770 2125 libr.
786 2077 856 2124 non
870 2048 1047 2124 excedunt.
1061 2054 1180 2124 -Fiat
1195 2056 1229 2123 in
1245 2055 1553 2138 eccicasseltensi,
1563 2053 1735 2124 'Menneu
1749 2056 1857 2138 diue,
1876 2114 1881 2117 .
1917 2075 1920 2079 ’

486 2162 1042 2249 etiamdedignitate,etiamc.c.
1060 2160 1099 2226 R

524 2306 611 2371 295.
627 2299 719 2366 Item
732 2320 827 2387 supp.
842 2298 932 2367 idem
945 2299 1169 2380 marescallus,
1195 2306 1287 2385 quat.
1312 2300 1403 2384 [nob.
1417 2299 1502 2380 vito,
1517 2297 1765 2385 consanguineo
1787 2317 1849 2365 suo

487 2396 670 2487 Florentio,
688 2404 797 2490 fiatri]
821 2403 964 2492 predicti
989 2401 1166 2484 JobannIs,
1190 2402 1234 2469 de
1257 2424 1328 2471 can.
1344 2403 1374 2470 S.
1391 2402 1478 2471 Piati
1493 2402 1706 2484 sicliniensis,
1721 2401 1848 2469 Torna-

485 2529 556 2577 ceu.
570 2509 672 2590 dioc,
686 2519 728 2575 ac
741 2510 832 2596 preb.
847 2528 919 2575 vac
934 2508 990 2573 vel
1004 2515 1126 2588 vacet,
1149 2507 1334 2593 dignemini
1356 2506 1542 2595 providere,
1566 2524 1637 2574 nou
1651 2509 1736 2573 obst.
1757 2504 1849 2595 quod

483 2634 554 2681 mn
568 2621 608 2680 et
619 2615 713 2700 preb.
728 2612 808 2680 eccl
824 2611 854 2677 S.
871 2610 962 2679 Petri
976 2611 1136 2692 Ariensis,
1162 2609 1328 2678 Morinen.
1351 2611 1450 2692 dioc,
1464 2610 1614 2678 noscitur
1635 2598 1796 2677 obtinere
1810 2616 1843 2659 -’-
1930 2695 1950 2703 ..

484 2715 618 2785 FiatR.
1228 2734 1233 2746 ⁴

523 2862 610 2926 296.
627 2855 718 2924 Item
732 2877 825 2945 supp.
841 2875 904 2943 pro
918 2854 1021 2942 ipsius
1035 2854 1137 2921 famil.
1160 2861 1198 2920 et
1222 2852 1315 2940 cap]
1317 2854 1450 2921 ohanne
1464 2854 1508 2921 de
1523 2852 1703 2934 Saillivilla,
1727 2854 1848 2939 presb,

481 2967 571 3048 quat
587 2959 700 3027 eidem
714 2957 892 3048 providere
915 2957 1098 3044 dignemini
1113 2957 1243 3025 de'can.
1259 2958 1339 3025 eccl.
1355 2956 1544 3039 Belvacen,
1558 2957 1650 3044 preb.
1664 2975 1747 3022 vero
1760 2955 1839 3041 [vac

481 3064 536 3130 vel
550 3064 677 3148 vacat]
695 3062 805 3129 eidem
819 3068 1037 3142 reservantes,
1053 3082 1121 3128 non
1146 3064 1223 3127 obst
1247 3060 1338 3146 quod
1353 3081 1422 3127 can.
1439 3053 1476 3126 et
1489 3062 1580 3147 preb.
1602 3060 1685 3125 eccl.
1710 3059 1739 3123 S.
1757 3056 1847 3125 Petri
1867 3112 1871 3118 .

480 3169 522 3234 de
538 3166 668 3233 Lutosa
682 3175 717 3232 et
733 3166 884 3252 parroch.
903 3166 984 3230 eccl.
1000 3165 1043 3230 de
1059 3164 1269 3243 Chivereriis,
1281 3163 1495 3229 Cameracen.
1511 3171 1545 3229 et
1557 3161 1736 3228 Belvacen.
1748 3162 1846 3242 dioc,

480 3273 633 3338 noscitur
648 3271 809 3337 obtinere.
824 3311 867 3318 —
886 3268 962 3334 Fiat
979 3269 1017 3333 R.

525 3417 609 3476 297.
628 3408 716 3472 Item
732 3428 827 3493 supp.
843 3428 904 3493 pro
920 3408 1021 3492 ipsius
1036 3428 1117 3493 cap,
1133 3407 1222 3472 dom.
1240 3406 1424 3493 Regnaudo
1433 3407 1475 3473 de
1488 3407 1710 3488 Bellomonte,
1725 3409 1845 3493 presb,

481 3514 538 3598 qui
554 3533 616 3598 per
633 3531 674 3576 20
689 3532 796 3577 annos
811 3520 845 3575 et
870 3511 1012 3595 amplius
1038 3511 1181 3575 fideliter
1201 3512 1391 3591 deservivit,
1408 3520 1495 3596 quat.
1513 3512 1621 3577 eidem
1641 3512 1783 3577 similem
1798 3531 1845 3596 gr.

484 3614 649 3703 [faciatis]
668 3615 702 3679 in
718 3615 858 3681 ecclesia
874 3614 1102 3696 Cameracen,
1119 3636 1188 3680 non
1205 3618 1290 3680 obst.
1307 3615 1397 3699 quod
1415 3616 1565 3701 parroch.
1581 3617 1662 3682 eccl.
1679 3615 1721 3680 de
1744 3615 1846 3699 Aqui-

480 3721 614 3805 gniac0,
633 3718 807 3784 Ebroicen.
833 3719 929 3797 dloc,
955 3727 988 3782 et
1014 3739 1083 3784 can.
1110 3727 1144 3783 et
1169 3721 1258 3804 preb.
1284 3719 1382 3783 castri
1406 3720 1449 3785 de
1475 3719 1674 3799 GamacheS,
1698 3719 1847 3784 noscitur

481 3824 637 3890 obtinere
650 3844 658 3901 ;
684 3842 825 3906 quorum
852 3825 925 3888 ben.
951 3823 1076 3888 fructus
1099 3823 1200 3887 annui
1226 3824 1374 3888 valorem
1406 3844 1446 3887 20
1471 3824 1525 3888 lib.
1551 3823 1663 3903 Paris,
1686 3844 1748 3887 sec.
1783 3829 1847 3886 tarr.

480 3927 625 4007 decime,
641 3946 709 3992 non
722 3926 888 3992 excedunt
913 3968 956 3975 -
974 3926 1049 3992 Fiat
1066 3927 1095 3991 R

525 4071 611 4132 298.
631 4063 719 4129 Item
734 4073 826 4148 quat.
843 4066 933 4148 [nob.
949 4064 1022 4129 viro
1046 4064 1227 4129 Guillelmo
1245 4064 1287 4129 de
1304 4064 1443 4150 Capella
1467 4066 1557 4147 cler]
1572 4063 1614 4128 de
1636 4084 1706 4129 can.
1723 4065 1803 4130 eccl.
1819 4064 1848 4128 S.

484 4168 574 4233 Petri
591 4165 819 4247 Casseltensis,
838 4165 1003 4232 Morinen.
1020 4167 1116 4247 dioc,
1133 4166 1317 4252 dignemini
1333 4168 1508 4253 providere
1521 4176 1555 4232 et
1571 4170 1659 4253 preb.
1671 4180 1848 4248 reservare,

483 4293 551 4337 non
568 4274 651 4336 obst.
668 4271 760 4355 quod
774 4271 817 4336 ad
832 4272 906 4337 coll.
923 4272 1087 4338 abbatisse
1105 4280 1139 4336 et
1154 4292 1253 4337 conv.
1269 4272 1312 4337 de
1328 4271 1543 4352 Carentonio,
1560 4270 1737 4337 Bituricen.
1750 4272 1848 4351 dioc,

484 4379 559 4439 ben.
574 4377 656 4440 eccl.
671 4376 821 4441 noscitur
836 4383 1021 4461 expectare.
1038 4415 1081 4424 -
1098 4373 1175 4440 Fiat
1200 4376 1233 4439 in
1258 4377 1338 4441 eccl.
1355 4377 1382 4439 S
1402 4376 1491 4440 Petri
1516 4376 1558 4440 de
1584 4375 1705 4457 Insula,
1721 4376 1848 4440 Toma-

485 4500 559 4544 cen.
575 4479 661 4544 dioc.
678 4476 716 4543 R.
734 4480 784 4563 (2,
803 4480 870 4562 22).
1769 4494 1771 4497 ⁴

465 4627 468 4632 “
528 4623 611 4683 299.
631 4613 719 4680 Item
735 4622 825 4699 quat.
858 4615 1025 4681 Richardo
1051 4616 1093 4681 de
1118 4615 1237 4681 Ruella
1253 4601 1369 4701 presb,
1386 4638 1456 4702 cap.
1481 4618 1673 4683 marescalle
1698 4616 1847 4696 Francie,

487 4720 528 4784 de
543 4720 624 4784 eccl.
639 4722 713 4784 ben.
731 4719 775 4784 ad
790 4720 863 4785 coll.
880 4719 1122 4805 archiepiscopi
1140 4727 1174 4783 et
1191 4741 1260 4804 cap.
1282 4720 1525 4805 Rothonragen.
1541 4720 1724 4805 dignemini
1737 4721 1848 4806 provi-

473 4822 564 4888 ·dere
578 4823 634 4886 vel
650 4821 692 4886 de
708 4843 779 4888 can.
796 4830 829 4886 et
853 4825 943 4909 preb.
960 4823 1038 4888 eccl.
1056 4824 1086 4889 S.
1113 4823 1314 4888 Donatiani⁴²
1341 4822 1527 4908 Brugensis,
1553 4823 1737 4889 Tomacen.
1762 4823 1847 4889 dioc.

488 4966 530 4974 -
544 4925 583 4989 F'
671 4967 696 4987 ,.

531 4925 723 5095 Βέἰὶξὴη.
739 5049 817 5094 non.
834 5029 912 5095 febr.
928 5039 961 5094 a⁰
980 5037 1017 5094 1⁰.
1035 5030 1084 5114 (2,
1103 5038 1184 5114 221).

520 5216 547 5276 a)
563 5216 620 5264 (bd.
636 5216 737 5264 Donati.
