4650 6059
1017 818 1104 893 1842,
1128 819 1182 883 5-7
1203 820 1331 885 octobre.
1492 874 1495 881 .
1817 830 1850 893 51

494 965 610 1053 [Egidio
624 966 671 1031 de
688 932 907 1050 Probavilla,
931 970 1047 1055 nepoti
1073 989 1143 1048 sub,
1168 967 1264 1053 olen]
1291 967 1478 1035 Tomacen.
1494 972 1589 1054 dioc,
1605 974 1647 1038 de
1672 996 1745 1041 can.
1770 978 1851 1041 eccl.

495 1069 521 1133 S.
532 1068 608 1134 Piati
622 1069 857 1238 Sicgniensis,
872 1072 962 1138 dicte
976 1073 1071 1153 dioc,
1088 1080 1122 1137 et
1136 1075 1230 1158 preb.
1249 1071 1338 1158 [vac.
1355 1073 1409 1137 vel
1426 1074 1565 1161 vacat.],
1581 1076 1762 1161 dignemini
1776 1100 1851 1164 pro-

498 1173 602 1238 cidere.
616 1214 661 1223 —
708 1174 763 1240 iat
779 1174 822 1239 R.

536 1325 610 1386 238.
625 1318 719 1385 Item
737 1340 836 1405 supp.
852 1320 942 1385 idem
957 1319 1085 1400 Petrus,
1101 1328 1192 1403 quat.
1208 1318 1373 1387 Balduino
1390 1322 1432 1387 de
1445 1322 1586 1405 Cariole,
1602 1327 1680 1391 cler.
1694 1328 1851 1394 Attreba-

473 1443 476 1450 ·
505 1433 560 1488 teu.
572 1424 668 1505 dioc„
684 1424 940 1508 consanguineo
956 1443 1026 1503 suo,
1042 1423 1185 1488 similem
1201 1443 1247 1508 gr.
1259 1422 1367 1490 facere
1382 1426 1564 1511 dignemini
1575 1428 1606 1492 in
1618 1430 1699 1495 eccl.
1710 1430 1741 1496 S.
1759 1430 1849 1497 Petri

462 1465 479 1574 .
507 1526 634 1610 ejusdem
648 1527 728 1593 loci.
744 1566 789 1576 —
805 1525 882 1590 Fiat
898 1524 938 1590 R.
1193 1550 1195 1553 ·
1230 1596 1231 1599 Ἴ

542 1630 610 1695 brt.
624 1632 726 1695 Avin.
745 1650 762 1713 3
779 1650 860 1695 non.
877 1637 944 1695 oct.
959 1636 993 1693 a⁰
1012 1635 1048 1694 1⁰.
1066 1627 1110 1712 (Ι,
1128 1630 1217 1712 244).

548 1775 647 1861 239·
1521 1809 1615 1872 1342,
1630 1808 1651 1869 5
1667 1792 1804 1856 octobre.

543 1892 632 1979 Sopp.
647 1892 667 1971 J
670 1893 822 1959 ohannes
838 1891 986 1957 Leeman
1001 1891 1043 1956 de
1060 1891 1224 1971 Bruxella,
1237 1893 1344 1977 presb.
1361 1889 1577 1957 Carneracen.
1598 1893 1696 1973 dioc,
1711 1914 1797 1978 mag.
1814 1894 1847 1957 in

512 2007 567 2075 ut,
580 1996 631 2080 qui
646 1996 727 2081 legit
743 1995 888 2061 Parisius
902 1995 986 2060 duos
1001 2015 1115 2060 cursus
1131 1996 1164 2058 in
1180 1996 1283 2060 theol.
1300 2015 1389 2059 anno
1407 1993 1459 2059 Μ0
1475 1994 1576 2059 CCC⁰
1591 1994 1685 2059 XLl⁰
1701 1996 1734 2059 in
1745 1996 1848 2062 domo

514 2100 664 2183 collegiata
686 2100 866 2165 scolarium
890 2098 931 2163 de
963 2099 1123 2180 Sorbona,
1153 2107 1243 2182 quat.
1269 2098 1328 2162 sibi
1353 2098 1395 2162 de
1420 2119 1492 2163 can.
1518 2100 1599 2163 eccl.
1627 2098 1665 2164 B.
1691 2098 1848 2165 Rumoldi

516 2199 729 2283 llaclioiensis,
753 2203 844 2268 dicte
868 2202 965 2283 dioc,
989 2202 1181 2287 dignemini
1199 2201 1384 2286 providere,
1408 2212 1442 2265 et
1466 2204 1557 2287 preb.
1582 2223 1760 2283 reservare,
1780 2224 1848 2269 non

515 2308 579 2370 obst
592 2307 679 2392 quod
694 2306 876 2392 quamdam
892 2307 1009 2391 capell.
1025 2306 1059 2369 in
1084 2308 1165 2371 eccl.
1191 2304 1229 2371 B.
1246 2304 1376 2371 Gudule
1392 2304 1624 2385 Bruxellensis,
1640 2305 1730 2371 dicte
1754 2306 1849 2388 dioc,

515 2410 635 2475 noscitur
649 2410 815 2475 obtinere.
831 2450 873 2458 —
891 2407 967 2474 Fiat
984 2409 1025 2475 R.

542 2511 608 2578 Dat.
622 2514 726 2579 Avin.
744 2534 763 2597 3
779 2533 859 2579 nou.
876 2521 941 2579 oct.
956 2519 989 2577 a⁰
1009 2519 1047 2577 1⁰.
1065 2511 1108 2596 (1,
1127 2514 1232 2596 259vt,

544 2658 651 2742 240.
1519 2689 1614 2753 1342,
1631 2670 1651 2733 6
1668 2672 1806 2735 octobre.

536 2773 627 2842 Motu
641 2774 873 2862 proprio'can.
889 2775 970 2840 eccl.
987 2773 1202 2840 Cameracen.
1219 2776 1278 2838 sub
1300 2793 1374 2857 exp.
1385 2775 1487 2856 preb„
1500 2792 1633 2837 necnon
1646 2774 1849 2839 archidiaco

507 2887 596 2943 ratum
613 2877 865 2943 Brusellensem
893 2878 926 2941 in
942 2878 1033 2961 dicta
1059 2879 1140 2943 eccl.
1158 2877 1384 2955 cameracen,
1402 2885 1564 2959 curatum,
1580 2900 1680 2962 quem
1707 2878 1848 2944 Guido...

503 2980 702 3049 Cameracen.
718 2982 848 3047 electus
863 2992 873 3017 ¹
890 2981 1030 3061 obtinet,
1046 2981 1126 3046 dum
1149 2982 1256 3066 ipsum
1284 3000 1343 3065 per
1369 2982 1498 3065 lapsum
1524 2982 1685 3065 temporis
1707 2981 1749 3046 de
1771 3003 1849 3047 con-

499 3088 649 3154 secrandis
665 3085 838 3172 episcopis
854 3105 874 3149 a
890 3085 1073 3149 canonibus
1088 3084 1289 3168 prefinitum,
1306 3085 1360 3147 vel
1385 3083 1647 3166 quomodolibet,
1658 3085 1737 3148 alias
1749 3105 1848 3168 quam

496 3210 541 3273 per
548 3200 832 3269 mortem‚vacare
842 3187 1029 3272 eontigerit,
1042 3186 1232 3264 Guillelmo,
1244 3186 1274 3251 S.
1284 3186 1369 3250 RE.
1384 3186 1676 3267 card.²,archidiac.
1691 3187 1847 3252 Parisien.

494 3294 709 3372 conserimus3
729 3292 961 3377 dispensantes
985 3311 1098 3356 secum
1124 3291 1214 3375 quod
1238 3291 1346 3374 ipsum
1362 3290 1669 3356 archidiaconatum
1685 3312 1752 3355 una
1772 3312 1849 3356 cum

492 3396 571 3461 dicto
585 3396 867 3463 archidiaconatu
884 3394 1041 3461 Parisien.
1058 3403 1091 3460 et
1117 3417 1194 3460 cum
1210 3396 1282 3459 aliis
1306 3396 1558 3479 quibuscunque
1574 3403 1608 3459 et
1633 3403 1847 3480 quotcunque

491 3500 712 3584 dignitatibus
728 3499 961 3586 personatibus
977 3501 1031 3563 vel
1047 3498 1176 3577 officiis,
1193 3508 1227 3562 et
1242 3499 1414 3564 beneficiis
1430 3498 1551 3563 curatis
1573 3507 1606 3562 et
1632 3519 1700 3563 non
1726 3499 1847 3563 curatis

492 3623 547 3684 que
561 3603 699 3667 obtinet
714 3612 749 3666 et
765 3610 932 3687 expectat,
951 3625 1015 3688 que
1030 3603 1144 3668 haberi
1167 3605 1320 3667 volumus
1336 3624 1396 3687 pro
1412 3603 1575 3688 expressis
1591 3611 1625 3667 et
1641 3602 1848 3686 singulariter

493 3705 676 3784 nominatis,
693 3704 840 3789 recipere
857 3716 892 3769 et
908 3704 998 3771 licite
1013 3708 1124 3772 valeat
1140 3706 1305 3785 retinere3
1322 3706 1484 3790 generalis
1505 3705 1637 3770 concilii
1654 3713 1688 3769 et
1700 3707 1847 3789 qualibet

492 3808 548 3871 alia
562 3807 807 3872 constitutione
822 3813 987 3876 contraria
1002 3831 1069 3875 non
1087 3815 1252 3876 obstante.
1268 3852 1311 3859 —
1335 3810 1409 3875 Fiat
1425 3819 1520 3875 motu
1536 3810 1680 3894 proprio.
1698 3809 1738 3873 R.

530 3909 616 3976 Item
632 3910 725 3996 quod
741 3910 846 3995 possit
861 3931 921 3996 per
935 3913 1035 3977 alium
1052 3913 1159 3978 facere
1173 3914 1297 3978 visitari
1315 3914 1480 3993 ecclesias,
1497 3912 1708 3990 monasteria,
1725 3914 1799 3976 loca
1812 3921 1845 3975 et

495 4025 683 4095 personatus
697 4014 986 4080 archidiaconatus
1001 4015 1226 4082 Bruxeliensis
1241 4018 1274 4080 in
1291 4018 1373 4082 eccl.
1387 4016 1601 4080 Cameracen.
1618 4056 1660 4063 -
1678 4014 1752 4078 Fiat
1769 4014 1808 4078 R.

462 4185 465 4228 h
532 4116 607 4183 Dat.
622 4118 724 4182 Avin.
742 4139 759 4181 2
776 4139 855 4183 non.
873 4126 938 4183 oct.
954 4127 987 4184 a⁰
1007 4127 1045 4184 1⁰.
1063 4119 1106 4205 (Ι,
1124 4121 1214 4203 242).

538 4271 643 4353 241.
1468 4285 1470 4289 ’
1517 4290 1801 4372 1342,70ctobre.

533 4389 629 4476 Supp.
656 4388 823 4471 Johanna,
852 4390 919 4455 filia
941 4393 1027 4476 regis
1051 4391 1202 4473 Francie,
1226 4393 1355 4457 ducissa
1385 4391 1584 4475 Burgundie,
1615 4391 1844 4456 Atrebatensis

499 4506 527 4555 et
548 4492 733 4578 Burgondie
757 4494 929 4559 comitissa
951 4496 1099 4581 palatina
1122 4517 1161 4561 ac
1188 4496 1229 4559 de
1255 4496 1373 4560 Salinis
1399 4496 1544 4574 domina,
1570 4502 1659 4579 quat.
1679 4494 1767 4580 [cap.
1784 4515 1844 4559 suo

465 4585 477 4712 ι
503 4592 637 4664 ilenrico
666 4598 774 4685 dicto]
807 4599 851 4664 de
881 4597 1023 4678 Yvodio,
1040 4600 1082 4664 de
1114 4599 1227 4662 Remis
1242 4609 1261 4678 ³,
1292 4599 1334 4663 de
1368 4619 1440 4663 can.
1471 4608 1505 4663 et
1540 4602 1631 4682 preb.
1663 4598 1843 4661 Carnuten.

501 4698 665 4784 dignemini
689 4704 878 4788 providere,
901 4722 969 4767 non
995 4705 1080 4767 obst.
1096 4702 1186 4785 quod
1210 4702 1320 4784 dign...
1337 4701 1370 4764 in
1395 4702 1474 4765 eccl.
1500 4700 1639 4764 Remen.
1656 4708 1842 4784 expectare,

504 4806 577 4868 etin
602 4807 728 4885 eadem,
756 4805 933 4871 Lileriensi
957 4812 980 4885 ⁸,
1005 4805 1199 4871 Betuniensi
1230 4826 1303 4871 can.
1328 4814 1362 4868 et
1386 4807 1477 4889 preb.
1505 4826 1544 4869 ae
1568 4804 1685 4888 capell.
1712 4803 1753 4867 de
1781 4801 1843 4866 La·

526 4989 550 5048 ⁸)
562 4992 613 5041 (bd.
625 4994 714 5042 Lilien.

475 5065 483 5194 l

476 5212 485 5301 i
506 5243 522 5289 1⁰
536 5247 665 5309 Cfflnedin,
682 5251 740 5301 eree
751 5252 778 5301 le
790 5251 826 5299 20
837 5252 903 5311 sept.
918 5249 979 5296 1³42
997 5248 1098 5307 (Rubel,
1113 5247 1132 5307 1,
1147 5250 1240 5305 17).-
1257 5250 1278 5296 3.
1291 5247 1354 5294 Voir
1366 5263 1390 5296 n.
1405 5249 1458 5296 142.

526 5163 544 5221 l.
554 5174 606 5237 Gry
613 5176 646 5225 de
656 5177 821 5227 ventadour.
834 5174 898 5222 Voir
909 5189 934 5223 n.
947 5177 1034 5222 220.-
1044 5178 1066 5221 2.
1079 5173 1227 5221 Guillaume
1238 5174 1270 5221 de
1281 5173 1307 5220 la
1318 5172 1406 5234 Jugee,
1420 5188 1501 5222 neven
1514 5173 1549 5220 du
1563 5174 1637 5235 Pape,
1650 5172 1718 5220 card.
1730 5171 1762 5218 de
1774 5171 1798 5218 S.
1810 5169 1844 5218 ll.
