4650 6059
559 756 621 821 294
1070 752 1163 827 1317,
1186 751 1270 816 17-19
1288 751 1417 833 janvier.

559 922 707 967 annuum
723 920 792 965 non
810 897 987 978 excedunt,
1003 897 1187 982 dignemini
1203 898 1380 983 providere
1396 922 1404 979 3
1420 920 1489 965 non
1517 902 1603 966 obst.
1631 898 1721 983 quod
1737 897 1920 965 Fridericus

561 1006 602 1070 de
619 1004 794 1086 Ysenburg
814 1002 993 1086 quemdam
1019 1001 1295 1082 Fritzennarium,
1323 1012 1357 1068 et
1384 1002 1544 1070 Willicho
1571 1004 1613 1068 de
1640 1003 1751 1087 stega,
1768 1003 1918 1070 canonici

561 1111 651 1176 dicte
667 1110 749 1174 eccl.
765 1105 995 1184 Wonnatien,
1013 1104 1191 1188 quemdam
1203 1103 1436 1170 Frenzelinum
1449 1106 1491 1172 de
1503 1106 1679 1186 Ruckeim,
1691 1106 1773 1172 licet
1782 1106 1826 1172 de
1836 1106 1920 1173 facto

561 1223 596 1280 et
612 1216 644 1278 in
660 1211 835 1290 discordia,
851 1210 1038 1276 addictam
1062 1208 1215 1294 parroch.
1232 1210 1314 1275 eccl.
1339 1218 1628 1295 presentaverunt,
1645 1219 1680 1275 et
1706 1211 1794 1275 alter
1810 1230 1919 1275 eorum

561 1324 828 1403 presentatorum
845 1313 954 1380 forsan
971 1311 1096 1378 dictam
1112 1312 1195 1377 eccl.
1211 1312 1341 1377 detinet
1357 1322 1557 1399 occupatam
1572 1337 1581 1395 ;
1599 1308 1761 1397 seu'quod
1776 1313 1920 1399 prelatus
1949 1303 1968 1352 f

562 1421 737 1499 Jonannes
752 1438 850 1503 super
866 1438 939 1482 can.
967 1424 1001 1481 et
1017 1418 1108 1501 preb.
1125 1416 1208 1481 eccl.
1236 1415 1274 1482 B.
1301 1415 1351 1482 M.
1375 1418 1551 1501 Aquensis,
1578 1417 1668 1482 dicte
1694 1417 1796 1496 dioc,
1812 1416 1920 1500 vigore

563 1523 735 1608 cujusdam
751 1542 797 1606 gr.
813 1521 847 1584 in
875 1521 981 1585 forma
1009 1520 1179 1584 communi
1204 1540 1264 1605 per
1288 1519 1319 1585 S.
1336 1518 1376 1585 V.
1392 1520 1455 1585 sibi
1481 1520 1581 1601 facte,
1597 1520 1747 1586 noscitur
1771 1520 1918 1605 litigare3
1956 1325 1968 1698 1

562 1650 661 1712 quam
678 1648 735 1711 gr,
752 1626 778 1690 si
801 1626 909 1710 ipsum
927 1623 946 1701 J
950 1624 1117 1689 ohannem
1133 1624 1167 1688 in
1183 1624 1242 1688 lite
1258 1625 1457 1709 hujusmodi,
1474 1625 1564 1709 quod
1594 1624 1691 1704 absit,
1708 1626 1920 1690 succumbere

563 1732 750 1814 contingat,
766 1729 826 1794 sibi
839 1727 1022 1812 dignemini
1039 1748 1218 1794 reservare.
1233 1769 1278 1776 —
1294 1728 1371 1793 Fiat
1388 1727 1428 1795 R.

606 1837 684 1901 Dat.
700 1834 800 1899 Avin.
821 1837 858 1897 16
874 1832 942 1898 kal.
958 1831 1039 1897 febr.
1057 1839 1090 1897 a⁰
1107 1838 1148 1916 5⁰.
1166 1832 1181 1916 (
1188 1835 1239 1913 10,
1264 1853 1281 1897 2
1286 1834 1347 1918 3').

617 1962 906 2050 1130·1134.
1572 1993 1667 2059 1347,
1684 1971 1882 2058 17januier.

607 2084 776 2169 Pauperes
798 2079 1008 2168 infrascripti
1028 2080 1221 2164 supplicant.
1636 2078 1637 2082 ’
1966 2113 1968 2118 .

608 2185 696 2252 Item
713 2185 852 2249 Hervco
869 2181 1033 2268 Hospitis,
1050 2183 1127 2247 cler.
1144 2180 1293 2247 Leonen.
1309 2181 1406 2263 dioc,
1422 2181 1464 2247 de
1479 2183 1574 2248 altari
1591 2182 1622 2247 S.
1645 2180 1788 2266 Agnetis
1803 2181 1870 2245 sito
1892 2178 1923 2243 in

565 2293 646 2357 eccl.
663 2288 815 2376 parroch.
831 2286 874 2352 de
890 2285 1110 2366 Schelewoet,
1128 2284 1287 2354 Leodien.
1304 2287 1401 2368 dioc,
1418 2307 1492 2353 vac.
1515 2306 1576 2373 per
1590 2286 1731 2351 liberam
1755 2283 1877 2368 resign.
1892 2282 1923 2348 in

564 2395 720 2460 manibus
731 2391 821 2457 dom.
834 2389 1102 2455 vicecancellarii
1114 2410 1134 2454 a
1144 2389 1301 2467 Johanne
1313 2390 1406 2456 dicto
1416 2390 1540 2455 Parent
1550 2389 1685 2469 factam,
1696 2388 1790 2473 cujus
1802 2386 1926 2452 fructus

566 2504 584 2565 8
601 2500 657 2563 lib.
673 2497 797 2562 Turon.
812 2515 881 2559 non
898 2494 1076 2559 excedunt.
1091 2534 1135 2543 —
1152 2493 1227 2559 Fiat
1244 2494 1288 2561 R.

608 2634 699 2694 1131.
719 2625 807 2690 Item
823 2622 969 2701 Johanni
986 2621 1028 2687 de
1039 2621 1166 2702 Wellis,
1183 2624 1271 2704 cler,
1298 2623 1341 2689 de
1355 2625 1508 2710 parroch.
1536 2623 1618 2690 eccl.
1634 2623 1677 2689 de
1694 2619 1925 2707 Duisenpiere,

564 2731 751 2796 Tornacen.
767 2728 864 2808 dioc,
882 2726 974 2810 cujus
989 2725 1115 2791 fructus
1131 2747 1172 2791 20
1187 2726 1259 2791 libr.
1276 2727 1380 2793 Paris.
1395 2748 1464 2793 non
1482 2725 1660 2805 excedunt,
1675 2744 1752 2790 110.
1774 2744 1836 2810 per
1851 2743 1926 2809 pro·

564 2833 728 2897 visionem
744 2830 867 2896 factam
884 2828 986 2894 Petro
998 2828 1085 2910 Tire,
1098 2830 1230 2910 rectori,
1246 2829 1288 2895 de
1304 2831 1455 2915 parroch.
1472 2829 1554 2895 eccl.
1570 2827 1602 2892 S.
1620 2825 1760 2893 Martini
1770 2827 1813 2893 de
1826 2825 1927 2893 Lorn-

566 2939 701 3016 berone,
718 2934 949 2999 Cenomanen.
966 2931 1053 2998 dioc.
1069 2973 1113 2981 —
1129 2931 1205 2997 Fiat
1222 2932 1262 2998 R.

609 3069 705 3130 1132.
723 3062 813 3128 Item
824 3060 1005 3126 Guillelmo
1025 3059 1178 3144 Viguerii,
1193 3061 1420 3146 Engolismen.
1430 3060 1516 3127 dioc.
1533 3060 1675 3143 cler.,de
1688 3061 1857 3127 comenda
1872 3080 1929 3126 seu

567 3169 683 3253 capell.
702 3168 766 3231 sita
782 3166 815 3230 iu
842 3166 924 3230 0001.
948 3165 1067 3230 domus
1090 3167 1268 3231 scolarium
1286 3166 1460 3232 cardinalis
1484 3164 1647 3231 Monachi
1675 3165 1810 3231 Parisiis
1839 3165 1930 3231 etde

564 3272 636 3356 jure
652 3270 741 3354 quod
757 3270 904 3333 habebat
920 3266 939 3344 J
943 3268 1092 3332 ohannes
1108 3268 1254 3334 Wicardi
1282 3270 1325 3335 ad
1352 3270 1469 3355 capell.
1487 3268 1525 3334 B.
1544 3268 1592 3335 M.
1609 3270 1710 3334 sitam
1737 3269 1770 3333 in
1789 3270 1873 3336 eccl.
1889 3269 1931 3335 de

568 3374 758 3452 Canisvilla,
777 3370 944 3435 Morinen.
961 3369 1058 3449 dioc,
1076 3374 1255 3437 occasione
1272 3373 1441 3457 cujusdam
1470 3373 1725 3459 permutationis
1746 3373 1788 3438 de
1804 3394 1880 3438 can.
1897 3382 1932 3437 et

566 3480 657 3565 preb.
674 3478 755 3542 eccl.
772 3474 803 3539 S.
832 3474 921 3538 Petri
949 3472 1178 3557 Maceriensis,
1206 3477 1345 3543 Remen.
1369 3477 1467 3557 dioc,
1492 3478 1535 3543 ad
1550 3476 1677 3542 dictam
1703 3478 1930 3563 capellaniam

566 3592 648 3647 tunc
665 3581 832 3659 inchoate,
848 3598 921 3642 vac.
938 3598 997 3662 per
1018 3580 1264 3663 possessionem
1288 3581 1441 3665 parroch.
1466 3582 1547 3646 eccl.
1565 3579 1607 3644 de
1622 3579 1768 3664 Thanes,
1791 3581 1931 3645 Ambia-

567 3708 645 3753 nen.
661 3685 758 3764 dioc,
775 3705 794 3748 a
810 3684 903 3749 dicto
918 3682 1066 3760 Johanni
1083 3683 1230 3749 Wicardi
1246 3684 1381 3750 factam.
1397 3726 1441 3734 —-
1457 3683 1532 3749 Fiat
1549 3684 1589 3749 R.

610 3823 705 3883 1133.
724 3813 811 3878 Item
828 3812 940 3879 Odoni
957 3812 1116 3893 Silvestri,
1133 3814 1221 3892 cler,
1238 3812 1280 3876 (10
1308 3834 1380 3878 cau.
1397 3822 1430 3878 et
1448 3816 1539 3898 preb.
1565 3813 1647 3878 eccl.
1672 3811 1711 3878 B.
1731 3811 1780 3878 M.
1796 3812 1933 3898 Trajec·

566 3922 679 4001 tensis,
698 3919 857 3985 Leodien.
870 3919 967 3998 dioc,
985 3938 1057 3983 vac.
1074 3939 1133 4003 per
1149 3920 1203 3982 ob.
1219 3915 1238 3993 J
1242 3918 1384 3982 ohannis
1400 3919 1571 4003 quondam
1594 3918 1636 3983 (10
1653 3915 1776 3998 Broke,
1792 3918 1836 3981 al.
1850 3917 1933 3982 dieti

567 4026 653 4101 Rufi,
664 4034 745 4090 tunc
758 4025 847 4090 dicte
859 4024 940 4088 eccl.
951 4022 1129 4102 scolastici,
1141 4021 1196 4106 qui
1208 4029 1302 4087 extra
1314 4022 1411 4088 Rom.
1423 4043 1490 4087 cur.
1501 4022 1590 4087 diem
1601 4021 1721 4087 clausit
1730 4029 1932 4085 extremum.

566 4127 758 4193 -ffiaR

611 4264 708 4322 1134.
727 4256 813 4320 Item
831 4255 979 4332 Johanni
998 4254 1143 4335 Ricardi,
1160 4257 1270 4340 presb.
1286 4254 1475 4321 Tornacen.
1499 4255 1596 4335 dioc,
1612 4253 1654 4319 de
1670 4254 1790 4339 capell.
1817 4252 1881 4319 sita
1898 4252 1930 4315 in

567 4361 648 4425 eccl.
667 4359 796 4424 Montis
812 4360 843 4423 S.
859 4360 1010 4440 Auberti,
1028 4358 1242 4424 Cameracen.
1259 4359 1356 4440 dioc,
1367 4380 1441 4425 vac.
1457 4380 1517 4445 per
1531 4367 1676 4423 mortem
1692 4356 1801 4421 ultimi
1818 4357 1929 4442 capel·

567 4464 644 4540 lani,
665 4463 719 4546 qui
747 4462 915 4527 ueniendo
939 4463 981 4528 ad
1007 4464 1130 4527 curiam
1159 4464 1191 4526 in
1217 4464 1338 4527 itinere
1356 4463 1444 4527 diem
1469 4464 1586 4528 clausit
1613 4470 1812 4540 extremum,
1836 4461 1928 4545 cujus

568 4567 692 4631 fructus
713 4586 749 4629 12
773 4566 829 4630 lib.
847 4565 949 4630 Paris.
974 4587 1040 4630 non
1067 4567 1234 4632 excedunt
1249 4590 1258 4648 ;
1275 4589 1344 4632 non
1367 4571 1452 4633 obst.
1480 4567 1570 4651 quod
1590 4566 1708 4651 capell.
1732 4565 1764 4630 S.
1781 4563 1927 4649 Nicolay

566 4671 608 4736 de
625 4669 783 4755 Voupais,
797 4668 991 4735 Laudunen.
1007 4669 1104 4750 dioc,
1121 4672 1271 4736 noscitur
1287 4672 1448 4736 obtinere.
1461 4712 1504 4721 --
1521 4669 1598 4735 Fiat
1616 4669 1656 4735 R.

609 4774 687 4840 Dat.
703 4775 804 4840 Avin.
825 4773 1090 4839 1611110111>
1107 4783 1148 4858 5⁰.
1167 4777 1238 4859 (10,
1257 4777 1341 4860 32').

618 4904 749 4988 1135·
1574 4935 1669 5000 1347,
1687 4936 1728 4999 19
1738 4913 1886 4997 jarrvier.

608 5023 709 5108 Supp.
727 5021 898 5087 Girbertus
921 5023 963 5088 (10
982 5021 1225 5106 Mandagaclris
1239 5034 1256 5105 ¹,
1274 5031 1366 5107 quat.
1386 5022 1510 5109 [presb.
1527 5030 1561 5086 et
1578 5021 1680 5086 famil.
1697 5041 1758 5086 suo
1778 5016 1920 5104 Poncio]

563 5140 815 5148 ——-——

597 5190 617 5235 l.
632 5188 762 5235 0111111110
773 5188 804 5234 (10
818 5188 910 5234 111011(Ιο
923 5204 928 5242 ;
941 5189 995 5235 1011
1010 5187 1124 5244 Berlibrc,
1140 5190 1236 5238 111011.
1253 5191 1330 5248 anal,
1343 5204 1369 5237 n.
1383 5191 1437 5237 123.
