4650 6059
481 777 536 844 136
964 777 1050 850 1343,
1073 776 1172 840 20-23
1195 776 1360 842 novembre.

481 926 698 991 Cameracen.
714 926 812 1004 dioc,
829 926 884 1009 qui
906 926 1015 992 dictos
1031 947 1104 992 can.
1121 935 1155 992 et
1172 930 1262 1011 preb.
1289 928 1473 1006 obtinebat,
1492 927 1695 993 auctoritate
1719 927 1848 993 littera-

481 1051 554 1094 rum
570 1030 660 1095 dom.
678 1028 852 1094 Benedicti
868 1051 955 1116 pape
971 1029 1051 1110 XII,
1062 1031 1175 1096 extitit
1201 1040 1381 1111 assecutus,
1398 1031 1571 1115 voluitque
1594 1031 1704 1097 dictus
1728 1032 1848 1117 prede·

482 1155 601 1214 cessor,
619 1134 709 1218 quod
724 1134 895 1218 quamcito
921 1135 1067 1220 prefatus
1094 1134 1288 1219 Raynaldus
1312 1136 1557 1221 possessionem
1580 1136 1756 1221 pacificam
1772 1156 1848 1202 can.

482 1246 516 1301 et
532 1240 623 1322 preb.
641 1236 678 1301 B.
697 1236 746 1303 M.
762 1239 1027 1323 Antwerpiensis
1043 1238 1276 1324 >predictorum
1302 1239 1388 1305 foret
1406 1248 1586 1320 assecutus
1606 1240 1697 1324 quod
1720 1248 1847 1306 extunc

483 1362 555 1406 can.
572 1350 606 1405 et
622 1344 714 1425 preb.
725 1342 806 1407 eccl.
822 1342 1034 1408 Assindensis
1049 1343 1232 1428 prelibatus
1247 1343 1415 1409 dimittere
1427 1343 1559 1409 realiter
1570 1352 1744 1410 teneretur
1754 1354 1772 1425 ¹,
1788 1345 1844 1429 qui

482 1444 590 1508 adhuc
606 1445 648 1509 de
664 1445 754 1510 facto
781 1454 939 1539 tenentur
955 1447 1121 1532 occupati,
1137 1446 1321 1531 dignemini
1338 1448 1523 1533 providere.
1539 1447 1677 1513 —Fiat
1694 1447 1736 1514 R.

526 1548 602 1613 Dat.
614 1550 714 1615 Avin.
735 1571 771 1634 13
789 1548 854 1615 kal.
870 1549 944 1616 dee.
960 1559 994 1616 a⁰
1011 1558 1053 1615 2⁰.
1070 1550 1120 1633 (3,
1137 1549 1174 1615 Ρ.
1189 1548 1234 1630 ΙΙ,
1252 1552 1319 1635 67).

535 1702 652 1786 598·
1442 1737 1538 1802 1343,
1555 1738 1595 1786 20
1617 1719 1803 1783 novembre.

527 1821 626 1885 Pater
651 1821 715 1886 8⁰¹⁰.
742 1820 828 1885 Cum
853 1841 959 1906 nuper
983 1820 1026 1885 ad
1050 1821 1190 1907 supplic.
1218 1819 1387 1901 Willelmi,
1413 1821 1547 1888 comitis
1573 1820 1742 1902 Hanonie,
1768 1842 1845 1887 cum

484 1924 628 1989 Nicolao
643 1924 736 1990 dicto
754 1922 871 2005 Maire,
888 1926 958 2009 ejus
972 1924 1113 2017 plrisicq
1130 1924 1287 2005 subdiac„
1299 1924 1331 1987 in
1348 1933 1409 1989 art.
1420 1932 1454 1989 et
1464 1924 1552 1991 med.
1567 1944 1665 2010 mag,
1675 1924 1742 1991 def.
1751 1934 1845 1992 nata·

482 2027 564 2091 lium
579 2027 739 2112 patiente,
756 2026 1028 2112 dispensaveritis
1041 2027 1084 2093 ad
1100 2026 1321 2093 obtinendum
1346 2028 1439 2114 plura
1455 2028 1618 2095 beneficia
1636 2029 1731 2109 eccl,
1746 2037 1783 2093 et
1797 2049 1844 2114 gr.

483 2152 572 2216 spec.
589 2131 698 2195 eidem
715 2130 869 2211 feceritis,
886 2140 986 2217 prout
996 2131 1059 2206 hec
1075 2139 1110 2195 et
1125 2130 1190 2196 alia
1207 2131 1241 2195 in
1262 2131 1381 2197 litteris
1396 2152 1495 2218 super
1509 2132 1572 2198 hec
1595 2131 1761 2199 confectis
1776 2134 1845 2219 ple-

483 2235 556 2300 nius
572 2236 773 2316 continetur,
790 2235 1025 2301 nichilominus
1050 2235 1217 2301 tamenin
1243 2235 1431 2321 hujusmodi
1457 2235 1576 2301 litteris
1598 2256 1658 2323 per
1673 2236 1845 2321 negligen-

483 2340 562 2404 tiam
580 2340 739 2404 omissum
755 2349 815 2419 est,
833 2339 923 2423 quod
938 2348 1119 2423 antequam
1133 2340 1203 2425 ipse
1220 2338 1255 2404 N
1257 2339 1382 2408 icolaus
1394 2339 1681 2426 dispensationem
1696 2340 1844 2426 aliquam

482 2444 659 2524 obtineret,
676 2443 766 2527 quod
782 2452 938 2508 octavam
954 2452 1084 2529 partem
1101 2444 1273 2527 cujusdam
1298 2444 1379 2510 eccl.
1396 2444 1548 2530 parroclr.
1565 2443 1692 2524 habuit,
1710 2452 1746 2508 et
1760 2443 1845 2509 fruc·

483 2558 536 2613 tus
561 2547 637 2611 inde
655 2548 815 2633 percepit.
841 2548 951 2630 Quare
976 2548 1107 2633 placeat
1132 2547 1163 2612 S.
1190 2545 1229 2612 V.
1254 2547 1415 2612 mandare
1444 2568 1505 2632 per
1531 2546 1843 2613 vicecancellarium

483 2650 671 2734 hujusmodi
688 2651 926 2737 negligentiam
943 2651 975 2715 in
993 2651 1072 2737 ipsis
1087 2651 1207 2716 litteris
1223 2653 1282 2715 sub
1299 2650 1417 2716 eadem
1434 2651 1522 2730 data,
1539 2671 1580 2715 ex
1597 2658 1690 2716 certa
1705 2651 1845 2716 scientia

482 2758 636 2843 suppleri,
654 2757 798 2843 ipsisque
815 2756 934 2822 litteris
949 2756 1051 2821 fidem
1066 2754 1252 2842 plenariam
1262 2755 1421 2836 adhiberi,
1434 2775 1474 2821 ac
1486 2754 1512 2820 si
1529 2754 1720 2840 hujusmodi
1737 2755 1846 2821 defec-

481 2871 536 2926 tus
552 2882 725 2947 expressus
741 2861 774 2925 in
792 2862 855 2927 illis
870 2864 960 2949 prius
976 2871 1074 2943 esset,
1090 2870 1125 2927 et
1141 2861 1277 2928 eumad
1294 2862 1407 2927 omnia
1418 2869 1453 2927 et
1469 2861 1599 2945 singula
1616 2860 1649 2924 in
1667 2860 1750 2945 ipsis
1758 2860 1846 2925 litte-

483 2965 527 3030 ris
543 2986 620 3030 cum
635 2966 846 3051 presentibus
862 2975 995 3032 narrata
1010 2966 1196 3045 habilitare,
1214 2973 1248 3030 et
1267 2965 1393 3031 fructus
1416 2964 1570 3030 beneficii
1591 2970 1773 3049 perceptos
1788 2983 1847 3049 per

481 3090 558 3134 eum
575 3069 684 3134 eidem
699 3069 870 3135 remittere
880 3070 1073 3156 dignemini.
1089 3110 1133 3119 -
1149 3068 1227 3134 Fiat
1244 3067 1284 3134 R.

526 3172 605 3238 Dat.
620 3173 721 3237 Avin.
742 3194 778 3236 12
796 3172 862 3239 kal.
879 3175 950 3240 dec.
967 3182 1000 3239 a⁰
1017 3184 1059 3239 2⁰.
1077 3176 1124 3256 (3,
1143 3172 1179 3238 P.
1198 3172 1242 3252 ΙΙ,
1262 3175 1333 3256 65“’)

533 3328 650 3409 599.
1449 3358 1544 3423 1343,
1561 3359 1601 3404 21
1620 3342 1805 3407 novembre.

526 3445 615 3528 Sign.
631 3447 703 3510 Ano
718 3445 760 3510 de
777 3444 908 3509 Mannis
923 3443 965 3508 de
983 3444 1098 3526 Regi0,
1114 3444 1177 3528 leg.
1188 3444 1289 3523 doct,
1302 3451 1337 3508 et
1354 3441 1513 3509 Matheus
1524 3442 1567 3508 de
1584 3442 1737 3525 Foliano,
1749 3455 1849 3512 natus

484 3549 641 3634 quondan
658 3552 736 3615 nob.
752 3550 868 3615 militis
883 3549 973 3615 dom.
990 3548 1154 3614 Guidonis
1179 3548 1301 3613 Savine
1328 3548 1369 3613 de
1399 3546 1540 3613 Foliano
1564 3547 1607 3613 de
1624 3547 1742 3632 Regio,
1759 3549 1850 3633 quod

485 3662 608 3719 canet
638 3656 730 3740 preb.
746 3655 778 3718 S.
805 3654 907 3720 Tecle
937 3655 979 3720 de
996 3654 1087 3733 Este,
1114 3652 1272 3718 Paduane
1299 3652 1396 3733 dioc„
1422 3673 1506 3736 quos
1527 3652 1637 3719 dictus
1661 3654 1734 3720 Azo
1757 3663 1794 3719 et
1817 3655 1848 3721 S.

486 3757 671 3822 Donatiani
687 3756 873 3843 Brugeusis,
889 3758 1075 3825 Toruacen.
1092 3757 1190 3837 dioc„
1207 3777 1291 3842 quos
1311 3757 1421 3823 dictus
1438 3755 1598 3822 Matheus
1614 3758 1793 3824 obtinebat
1808 3781 1849 3825 ex

484 3882 582 3927 causa
599 3863 855 3947 pennutationis
871 3863 905 3928 in
924 3863 963 3928 R.
980 3862 1017 3927 P.
1030 3862 1120 3927 dom.
1156 3861 1245 3926 card.
1272 3859 1484 3926 Ebredunen.
1501 3869 1512 3895 ²
1527 3860 1681 3927 manibus
1704 3861 1849 3947 resigna·

484 3973 572 4029 runt.
591 3964 692 4032 Unde
708 3967 898 4052 supplicant
915 3965 1005 4052 quod
1028 3965 1137 4031 dictos
1154 3985 1227 4030 can.
1244 3973 1279 4028 et
1303 3966 1396 4049 preb.
1413 3963 1444 4029 S.
1471 3964 1654 4031 Donatiani
1671 3962 1850 4051 Brugensis

486 4067 578 4133 dicto
594 4069 700 4134 Azoni
717 4078 752 4135 et
777 4070 808 4135 S.
833 4070 936 4136 Tecle
954 4070 996 4135 de
1025 4069 1106 4134 Este
1131 4068 1225 4134 dieto
1253 4066 1396 4134 Matheo
1412 4067 1562 4134 conferre
1588 4067 1785 4152 dignemini.
1807 4109 1850 4121 -

489 4169 563 4235 Fiat
588 4172 627 4236 R.

530 4274 608 4339 Dat.
624 4277 724 4341 Acin.
746 4298 779 4341 11
799 4277 864 4342 kal.
881 4277 1002 4342 deca·
1020 4285 1061 4341 2⁰.
1080 4277 1130 4358 (3,
1148 4275 1184 4339 P.
1203 4273 1247 4354 ll,
1267 4282 1349 4358 70⁸).

538 4430 656 4510 600.
1449 4461 1601 4525 131123
1621 4443 1805 4506 novembre.

529 4547 617 4631 Sigu.
635 4549 666 4612 S.
683 4547 722 4612 1.
739 4547 887 4625 Jacobus
902 4546 943 4612 de
959 4547 1121 4631 Agimont
1137 4556 1156 4627 ³,
1174 4547 1270 4610 miles
1286 4546 1446 4611 Leodicn.
1463 4546 1560 4625 dioc,
1583 4546 1850 4629 consanguineus

485 4651 682 4716 serenissimi
714 4652 874 4738 principis
904 4651 993 4715 dom.
1018 4649 1192 4729 Jolramu's‘,
1210 4650 1295 4733 regis
1327 4649 1474 4729 Boemie,
1503 4657 1537 4713 et
1562 4647 1779 4735 Cunegundis
1808 4648 1850 4713 de

486 4753 662 4841 Bereperg,
689 4755 868 4821 Trevereu.
894 4756 990 4834 dioc,
1016 4755 1106 4840 quod
1141 4754 1203 4840 ipsi
1231 4754 1310 4818 olim
1339 4754 1539 4838 ignorantes,
1564 4751 1655 4837 quod
1678 4750 1849 4835 quondam

490 4857 678 4924 rudericus
702 4860 744 4924 de
770 4859 900 4944 Sleyda,
925 4859 1005 4923 olim
1029 4858 1167 4923 maritus
1191 4857 1339 4942 ejusdem
1368 4855 1591 4942 CunegundiS,
1619 4875 1696 4921 cum
1720 4856 1852 4941 prelato

520 5076 540 5123 l.
563 5072 644 5122 l'idnl.
664 5087 688 5121 11,
708 5076 815 5119 111111.-
844 5076 866 5121 2.
886 5072 1010 5119 llorlmml
1030 5072 1062 5120 dc
1084 5072 1164 5121 lieux.
1179 5100 1209 5105 —-
1230 5074 1251 5121 3.
1273 5072 1383 5132 Joeques
1402 5069 1434 5118 dc
1451 5071 1523 5129 Lonz,
1543 5069 1660 5129 seignour
1672 5066 1706 5116 de
1724 5068 1850 5115 (illatenu-

486 5146 749 5208 Tbtoria-unanimae
761 5153 786 5192 ct
805 5148 869 5193 rom?
886 5145 1031 5193 ‹l'llasticrc
1049 5146 1174 5206 1111111111,
1194 5145 1265 5206 birsa
1276 5144 1307 5192 vir
1320 5145 1463 5205 Politen-lm,
1477 5144 1528 5205 83),
1547 5146 1707 5190 mortorum
1720 5142 1743 5190 lc
1755 5145 1786 5190 22
1798 5141 1852 5190 dec.

488 5223 557 5268 1313,
576 5221 615 5268 cf.
630 5220 696 5267 111111.
716 5220 768 5267 1111,
782 5219 853 5276 Boin,
869 5220 886 5278 1,
899 5235 924 5267 11,
934 5221 989 5267 21111.
