4650 6059
477 782 518 845 44
578 844 582 851 ,
952 783 1042 863 1312,
1064 783 1155 847 11-22
1177 785 1352 864 septembre.

528 926 639 1007 210.
1434 967 1529 1031 1342,
1546 967 1586 1031 14
1603 950 1796 1035 septembre.

451 1090 454 1095 -
522 1045 623 1129 Supp.
645 1042 793 1109 serviens
807 1064 974 1110 annorum
990 1055 1101 1111 vester
1125 1045 1330 1114 Bertrandus
1355 1048 1398 1114 de
1422 1047 1543 1132 Fonte,
1563 1059 1656 1134 quat.
1684 1051 1841 1135 [consan-

479 1149 601 1234 guineo
610 1168 671 1212 suo
682 1146 869 1214 Bertrando
880 1149 922 1214 de
939 1149 1133 1216 Carceribus
1144 1166 1164 1231 ¹,
1186 1153 1275 1243 cler„
1288 1153 1405 1219 scolari
1414 1154 1537 1239 injure,
1551 1152 1731 1220 Caturcen.
1743 1154 1842 1234 dioc,

479 1253 608 1316 nullum
624 1254 700 1316 ben.
717 1251 799 1317 eccl.
815 1256 992 1337 assecuto],
1008 1254 1051 1319 de
1064 1274 1138 1321 can.
1155 1256 1237 1322 eccl.
1255 1256 1286 1321 S.
1305 1257 1485 1323 Donatiani
1500 1256 1543 1322 de
1567 1255 1696 1341 Brugis,
1713 1256 1844 1324 Toma-

480 1375 553 1419 cen.
569 1354 666 1433 dioc,
682 1373 722 1418 ac
738 1356 830 1438 preb.
847 1354 934 1437 [vac.
950 1356 1004 1421 vel
1021 1359 1147 1440 vacat]
1164 1358 1366 1425 conserenda
1378 1360 1450 1442 sibi,
1460 1359 1642 1444 dignemini
1655 1361 1844 1447 providere.

479 1500 522 1507 -
540 1457 614 1523 Fiat
628 1457 668 1522 R.

525 1563 603 1628 Dat.
619 1562 720 1629 Avin.
741 1564 777 1627 18
794 1562 862 1628 kal.
879 1572 946 1629 oct.
962 1573 995 1629 a⁰
1015 1573 1054 1631 1⁰.
1071 1564 1115 1649 (Ι,
1134 1586 1197 1631 200
1213 1573 1254 1650 ‘'p.

530 1698 630 1778 211.
1439 1736 1534 1801 1542,
1551 1735 1593 1798 15
1609 1718 1802 1805 septembre.

508 1816 624 1901 Supp.
641 1815 677 1880 fr.
693 1814 866 1896 Geraldus,
884 1816 926 1882 Ο.
942 1817 976 1883 ff.
992 1818 1073 1883 min.
1095 1819 1259 1903 generalis
1285 1819 1444 1900 minister,
1461 1827 1553 1903 quat.
1581 1819 1713 1897 Jacobo
1738 1841 1846 1905 quon·

479 1929 558 1992 darn
575 1926 692 2005 Jacobi
709 1926 820 1991 Ailine
834 1924 877 1989 de
894 1922 1052 1988 Marvilla
1062 1933 1082 2002 ²,
1111 1925 1188 1989 cler.
1214 1922 1243 1987 T
1244 1944 1393 1988 reveren.
1418 1924 1515 2006 dioc..
1531 1925 1683 1991 servitori
1715 1945 1788 2007 suo,
1804 1926 1846 1991 de

480 2053 554 2097 can.
571 2040 605 2096 et
621 2034 713 2117 preb.
730 2031 811 2095 eccl.
828 2030 860 2093 S.
878 2027 973 2092 Pauli
991 2026 1151 2093 Leodien.
1167 2028 1349 2112 dignemini
1366 2029 1552 2115 providere.
1569 2028 1706 2095 —Fiat
1723 2029 1765 2096 R.

525 2135 604 2199 Dat.
621 2133 721 2199 Avin.
742 2151 778 2216 17
796 2131 863 2199 kal.
881 2139 947 2197 oct.
965 2141 998 2195 a⁰
1018 2141 1057 2196 1⁰.
1075 2129 1118 2214 (1,
1137 2151 1200 2196 210
1215 2139 1256 2215 vp.

410 2304 416 2315 '
532 2280 636 2361 212.
1441 2312 1535 2375 1342,
1553 2308 1594 2374 r7
1609 2293 1803 2378 septembre.

525 2398 626 2483 Supp.
644 2395 747 2480 Hugo
763 2395 805 2461 de
822 2392 997 2472 Flacheto,
1013 2392 1177 2460 Viennen.
1194 2394 1291 2475 dioc,
1308 2395 1385 2460 cler.
1416 2416 1457 2461 ac
1484 2394 1586 2460 famil.
1613 2394 1716 2479 episc.
1743 2392 1848 2460 Vira-

482 2503 562 2567 rien.
576 2510 595 2581 1,
612 2508 704 2584 quat.
720 2499 780 2565 sibi
799 2498 841 2564 de
861 2518 936 2563 can.
947 2496 1028 2562 eccl.
1047 2495 1266 2563 Carneracen.
1283 2497 1465 2582 dignemini
1489 2497 1676 2584 providere,
1692 2505 1729 2563 et
1752 2500 1846 2583 preb.

481 2625 660 2685 reservare,
676 2624 744 2670 uon
769 2606 855 2668 obst.
882 2600 971 2685 quod
999 2600 1087 2666 idem
1116 2600 1219 2685 Hngo
1246 2602 1365 2687 capell.
1392 2602 1424 2667 S.
1451 2601 1604 2682 Victoris,
1630 2621 1696 2685 que
1723 2609 1776 2667 est
1804 2601 1847 2666 de

483 2729 599 2773 mensa
615 2708 717 2793 episc.
733 2706 901 2772 Vivarien.
919 2714 953 2769 et
969 2704 1171 2769 corariatum
1188 2705 1220 2768 in
1238 2706 1320 2771 eccl.
1336 2704 1516 2771 Valentino
1532 2726 1573 2772 ac
1597 2705 1795 2772 clericatum
1813 2704 1847 2770 in

483 2813 565 2877 eccl.
582 2811 751 2876 Vivarien.
767 2810 915 2876 noscitur
927 2808 1088 2874 obtinere.
1104 2849 1147 2856 —
1164 2808 1239 2873 Fiat
1259 2808 1298 2874 R.

527 2915 607 2982 Dat.
623 2916 723 2982 Avin.
744 2935 780 3001 15
797 2914 864 2980 kal.
886 2921 953 2978 oct.
969 2921 1001 2977 a⁰
1022 2921 1060 2978 1⁰.
1077 2910 1121 2996 (l,
1140 2933 1202 2977 210
1219 2919 1259 2986 v).

535 3061 643 3146 213.
1342 3144 1343 3147 Ἴ
1443 3091 1538 3155 1342,
1555 3090 1596 3154 19
1612 3071 1806 3156 septembre.

528 3179 629 3263 Supp.
646 3178 820 3255 Johannes
837 3174 1048 3253 blauclrionS,
1065 3193 1193 3258 pauper
1208 3174 1285 3239 cler.
1304 3172 1472 3239 Morimen.
1487 3174 1584 3253 dioc„
1600 3173 1656 3257 qui
1683 3172 1742 3239 diu
1770 3171 1849 3239 fide-

486 3282 561 3345 liter
577 3282 609 3345 in
627 3302 727 3365 opere
744 3279 843 3345 vestri
861 3277 975 3363 palatii
994 3276 1151 3342 continue
1168 3277 1343 3356 laboravit,
1360 3285 1451 3361 quat.
1467 3277 1528 3341 sibi
1544 3277 1586 3343 de
1601 3279 1679 3341 ben.
1695 3276 1781 3342 eccl.
1806 3274 1851 3341 ad

487 3384 563 3449 coll.
579 3385 680 3468 episc.
696 3383 885 3448 Tornacen.
901 3381 1082 3464 dignemini
1100 3380 1284 3465 providere.
1300 3422 1344 3430 —
1360 3379 1438 3446 Fiat
1454 3401 1557 3464 usque
1573 3380 1616 3445 ad
1634 3385 1674 3445 60
1690 3379 1747 3445 lib.
1764 3400 1794 3446 c.
1809 3400 1851 3454 c..

490 3486 677 3570 mscK

534 3590 613 3656 Dat.
629 3589 729 3655 Acin.
751 3610 786 3673 13
803 3588 870 3654 kal.
887 3597 954 3654 oct.
971 3597 1004 3653 a⁰
1024 3595 1062 3653 1⁰.
1080 3587 1124 3665 (Ι,
1143 3603 1231 3672 2101.

540 3738 647 3818 214.
1448 3768 1541 3830 1342,
1561 3765 1599 3829 rp
1615 3746 1806 3832 septembre.

532 3858 633 3941 Supp.
649 3854 824 3932 Jolrannes
846 3851 888 3916 de
906 3851 1025 3915 Flasco
1041 3851 1083 3915 de
1108 3850 1389 3935 Canrpignuelles,
1417 3852 1494 3916 cler.
1521 3848 1724 3914 Arrrbianen.
1752 3850 1850 3924 dioc,

488 3961 541 4044 qui
559 3960 616 4025 diu
632 3957 774 4023 fideliter
791 3956 823 4019 in
846 3976 947 4040 opere
963 3955 1062 4018 vestri
1086 3953 1202 4039 palatii
1219 3955 1378 4019 continue
1404 3953 1580 4032 laboravit,
1598 3961 1691 4036 quat.
1718 3952 1781 4018 sibi
1807 3953 1850 4018 de

487 4065 661 4140 eccllren.
678 4061 721 4126 ad
737 4060 813 4125 coll.
829 4059 930 4144 episc.
959 4056 1127 4122 blorinen.
1158 4057 1339 4140 dignemini
1368 4058 1552 4143 providere.
1579 4095 1622 4105 —
1650 4054 1726 4121 Fiat
1746 4076 1851 4139 usque

419 4205 421 4207 ν
488 4167 531 4230 ad
549 4173 588 4230 bo
606 4187 633 4230 c.
651 4187 690 4243 c.,
710 4184 790 4247 pos.
807 4184 835 4227 c.
854 4162 893 4227 R.
1849 4161 1856 4166 '

533 4269 610 4333 Dat.
626 4268 726 4331 Asin.
748 4287 782 4349 13
800 4265 866 4330 kal.
884 4276 950 4330 oct.
967 4275 1000 4329 a⁰
1020 4275 1059 4328 1⁰.
1076 4263 1120 4342 (Ι,
1138 4284 1200 4328 210
1213 4270 1254 4346 l).

540 4412 646 4494 215.
1130 4489 1132 4494 A
1448 4442 1542 4504 1342,
1560 4443 1600 4485 22
1617 4423 1807 4508 septembre.

533 4530 634 4613 Supp.
651 4526 841 4611 Stephanus
856 4526 898 4589 de
915 4523 1107 4589 Nebosiaco
1119 4536 1139 4604 ⁴,
1156 4524 1234 4589 cler.
1251 4525 1387 4589 studens
1404 4526 1435 4589 in
1449 4528 1522 4610 jure
1546 4546 1631 4603 can,
1655 4524 1849 4590 Claromon-

489 4642 557 4697 ten.
568 4632 664 4710 dioc,
677 4629 941 4712 consanguineus
952 4627 1053 4692 famil.
1064 4628 1164 4692 vestri
1177 4626 1309 4692 iraenei
1321 4629 1454 4715 (inepte
1464 4638 1509 4710 ⁵‚...
1524 4654 1584 4718 pro
1597 4654 1664 4718 quo
1676 4633 1760 4699 alias
1773 4632 1848 4701 V.S.

490 4735 676 4800 Paternitas
691 4755 794 4820 penes
807 4733 827 4797 f.
844 4754 867 4797 r.
884 4732 974 4797 dom.
1002 4730 1232 4810 Benedictum,
1250 4732 1518 4816 predecessorem
1536 4747 1693 4817 restnrm,
1709 4737 1848 4803 interce-

488 4840 567 4904 dere
583 4839 718 4923 dignata
734 4845 794 4915 est,
811 4836 891 4901 dum
908 4835 1007 4900 eratis
1023 4836 1055 4899 in
1073 4835 1294 4901 cardinalatus
1311 4836 1422 4902 officio
1439 4841 1650 4923 constitutus,
1675 4851 1767 4926 quat.
1789 4842 1846 4908 sibi

489 4944 530 5009 de
546 4946 623 5007 ben.
640 4942 721 5007 eccl.
738 4941 780 5006 ad
796 4941 871 5006 coll.
888 4943 962 5005 abb.
979 4948 1013 5005 et
1041 4961 1139 5005 conr.
1168 4938 1205 5004 B.
1235 4938 1284 5005 ll.
1312 4941 1353 5004 de
1381 4940 1643 5027 Beccohelluini,
1670 4944 1713 5012 Ο.
1742 4946 1774 5012 S.
1802 4944 1846 5022 B..

522 5152 543 5218 1,.
558 5148 639 5203 babel,
653 5148 805 5196 1131111-
823 5148 844 5194 ².
858 5147 896 5195 (li.
911 5146 1010 5200 liirsclr,
1026 5145 1097 5202 111111,
1114 5149 1184 5194 lint·
1200 5175 1211 5179 -
1229 5147 1250 5194 3.
1264 5146 1393 5194 Adlu'mrar
1404 5147 1437 5196 de
1448 5148 1474 5196 la
1485 5148 1580 5196 l'oulte
1592 5148 1693 5208 (llnbel,
1708 5148 1727 5208 Ι,
1741 5150 1807 5208 565).

490 5226 511 5272 l.
525 5224 635 5271 litienne
644 5220 678 5272 dc
687 5220 825 5278 Noboueat,
835 5220 893 5283 plus
902 5219 960 5267 tarel
968 5218 1086 5268 trisoricr
1095 5236 1100 5278 ς
1110 5220 1156 5280 (ci.
1168 5220 1334 5280 Hernicorum(
1340 5220 1428 5274 tertul..
1440 5222 1530 5280 llere,
1543 5223 1641 5282 778).—
1650 5222 1705 5271 inv.
1714 5236 1740 5272 n.
1749 5226 1787 5280 55,
1797 5223 1846 5270 llb.
