4650 6059
484 756 540 818 618
1026 756 1112 826 1352,
1138 755 1208 817 8-10
1232 754 1299 817 mai.

535 902 683 990 2384.
1572 938 1672 1002 1352,
1690 922 1713 983 8
1730 923 1800 986 moi

525 1024 671 1088 Rotalus
687 1025 960 1108 resrgrrotirmanr.

527 1127 625 1191 Pater
641 1126 705 1191 8⁰¹⁹.
723 1126 946 1209 Dignemini...
963 1126 1169 1211 providere...

525 1230 673 1308 Jolranni
691 1230 858 1308 Jolrannis
873 1232 915 1296 de
940 1230 1070 1313 Berglre
1092 1240 1111 1307 ¹,
1140 1229 1261 1294 clerico
1287 1230 1447 1296 Leodien.
1472 1231 1570 1310 dioc,
1595 1232 1640 1297 de
1666 1234 1765 1299 altari
1788 1254 1830 1299 sen

482 1336 624 1400 rectoria
651 1335 765 1400 altaris
782 1334 819 1399 B.
838 1334 886 1400 M.
903 1336 956 1399 siti
973 1336 1006 1399 in
1023 1334 1164 1400 ecclesia
1179 1334 1221 1399 de
1239 1334 1266 1398 F
1268 1335 1356 1415 reris,
1375 1334 1533 1401 Leodien.
1561 1336 1661 1418 dioc,
1690 1359 1767 1404 vac.
1788 1359 1830 1424 per

480 1438 737 1520 resignationem
765 1437 886 1502 factam
910 1458 969 1523 per
985 1436 1175 1514 Jolrannem
1202 1436 1384 1503 Franconis
1400 1437 1554 1504 Mercerii
1580 1439 1624 1505 de
1651 1440 1830 1527 Trajecto².

527 1542 613 1607 Item
629 1542 811 1625 dignemini
828 1542 1003 1628 providere
1019 1540 1158 1625 Symoni
1174 1543 1287 1606 Aaron
1304 1543 1345 1607 al.
1368 1543 1410 1607 de
1435 1542 1557 1623 Furrm,
1585 1545 1716 1610 clerico
1746 1543 1831 1611 Mori·

481 1666 557 1709 nen.
574 1645 671 1723 dioc,
687 1644 729 1708 de
747 1665 838 1729 perp.
855 1645 1019 1730 capellan.
1035 1644 1148 1708 altaris
1164 1644 1195 1708 S.
1213 1644 1382 1710 Laurentii
1399 1645 1451 1710 siti
1469 1647 1501 1709 in
1519 1641 1665 1711 ecclesia
1683 1647 1718 1713 S.
1736 1648 1831 1713 Audo

481 1748 561 1812 inari
577 1748 619 1812 de
643 1747 674 1812 S.
699 1746 902 1826 Andomaro,
930 1747 1019 1811 dicte
1045 1747 1142 1827 dioc,
1168 1767 1241 1812 vac.
1267 1767 1326 1833 per
1350 1748 1609 1831 resignationem
1639 1748 1766 1816 laetam
1787 1771 1831 1837 per

483 1853 636 1937 Egidinm
653 1853 729 1916 Albi
747 1864 768 1916 ³.
784 1893 825 1899 —
844 1850 919 1916 Fiat
937 1851 977 1916 R.

526 1957 603 2021 Dat.
621 1977 674 2042 ap.
691 1955 937 2021 Villamnoram
955 1958 973 2019 8
990 1956 1033 2021 id.
1051 1954 1130 2020 maii
1147 1963 1179 2020 a⁰
1200 1963 1260 2020 10⁰.
1277 1956 1349 2036 (21,
1368 1954 1403 2021 Ρ.
1422 1954 1466 2035 ΙΙ,
1485 1958 1569 2041 961).

534 2138 680 2222 2385.
1568 2169 1585 2213 r
1587 2153 1798 2231 352‚8mai.

525 2256 669 2319 Rotalus
681 2256 973 2341 perrnrrtatrbnum.

526 2358 623 2423 Pater
638 2358 702 2422 8⁸¹⁰.
721 2356 912 2439 Dignemini
929 2355 1154 2440 infrascriptas
1169 2354 1409 2439 resignationes
1424 2375 1523 2420 causa
1543 2358 1833 2442 permutationis...
1870 2383 1872 2450 r

484 2463 691 2528 confirmare.
1870 2453 1872 2524 1

526 2565 612 2630 Item
629 2586 705 2629 cum
721 2563 740 2641 J
744 2564 894 2628 ohannes
909 2561 951 2626 de
968 2561 1093 2627 Portali
1110 2575 1131 2641 ⁴,
1149 2565 1332 2627 canonicus
1356 2562 1582 2647 prebendatns
1607 2566 1754 2631 ecclesie
1779 2566 1836 2630 col·
1870 2536 1872 2561 Ι

481 2671 603 2754 legiate
620 2669 651 2733 S.
669 2667 783 2733 Crucis
799 2668 840 2732 de
857 2665 1057 2743 Pertiniaco,
1076 2665 1261 2731 Pictavien.
1278 2666 1375 2745 dioc,
1393 2687 1432 2732 ac
1460 2669 1655 2754 capellanus
1680 2681 1835 2756 perpetue

481 2774 664 2860 capellanie
680 2773 816 2838 fundate
833 2772 867 2835 in
884 2771 966 2836 eccl.
983 2769 1014 2835 S.
1032 2768 1185 2835 Niclrasii
1201 2769 1433 2851 Tomacensis,
1450 2772 1540 2857 ipsos
1556 2791 1632 2838 can.
1650 2781 1685 2838 et
1699 2776 1791 2859 preb.
1802 2791 1835 2837 ac

450 2866 455 2876 ¹
481 2879 643 2965 capellan.
660 2898 769 2963 perse
786 2877 895 2962 ipsum
911 2882 946 2939 et
962 2895 1049 2957 mag.
1076 2872 1095 2950 J
1099 2874 1250 2939 ohannes
1266 2874 1308 2939 de
1337 2873 1471 2953 Portali,
1497 2875 1680 2941 canonicus
1707 2880 1837 2963 preben-

482 2982 581 3046 datns
597 2981 736 3046 ecclesie
754 2978 946 3056 Pictavien.,
964 2977 1053 3063 ipsos
1069 2997 1142 3042 can.
1159 2990 1194 3041 et
1209 2981 1300 3063 preb.
1326 2998 1385 3063 per
1410 2987 1664 3063 procuratorem
1691 3000 1788 3045 suum
1809 2979 1837 3042 in

481 3086 634 3149 manibus
650 3083 739 3148 dom.
757 3081 969 3165 Gtuillelmil
987 3081 1133 3167 episcopi
1151 3080 1343 3161 Lexovien,
1361 3103 1460 3146 cansa
1483 3083 1746 3167 permutationis
1769 3083 1836 3148 resi·

481 3189 621 3271 gnarint,
639 3208 733 3271 snpp.
750 3195 839 3269 quat.
856 3185 1001 3261 Jolranni
1018 3185 1060 3249 de
1078 3185 1200 3250 Portali
1227 3185 1269 3249 de
1296 3206 1370 3250 can.
1399 3194 1432 3249 et
1460 3187 1550 3270 preb.
1575 3186 1720 3250 ecclesie
1738 3186 1836 3251 Picta-

480 3293 567 3356 rien.
584 3302 618 3356 et
645 3311 730 3375 mag.
747 3290 891 3367 Jolranni
908 3290 949 3354 de
967 3289 1090 3354 Portali
1107 3289 1149 3353 de
1167 3310 1239 3354 ean.
1257 3299 1290 3354 et
1307 3293 1398 3376 preb.
1424 3292 1454 3355 S.
1472 3289 1587 3354 Crucis
1611 3311 1652 3355 ac
1680 3293 1836 3377 capellan.

481 3396 616 3481 pretatis
635 3394 816 3477 dignemini
833 3394 1017 3478 providere.
1033 3436 1074 3442 —
1094 3393 1170 3459 Fiat
1188 3394 1227 3459 R.

529 3502 607 3565 Dat.
625 3521 677 3584 ap.
694 3498 941 3562 Villamnoram
960 3502 977 3563 8
996 3500 1037 3564 id.
1056 3500 1132 3563 maii
1150 3509 1183 3563 a¹¹
1205 3511 1264 3565 10¹¹.
1282 3501 1353 3582 (21,
1372 3499 1407 3564 P.
1427 3498 1471 3578 ll,
1490 3502 1546 3579 99)

535 3678 841 3765 2386-2387.
1550 3713 1647 3776 1552,
1665 3714 1707 3757 ιο
1726 3696 1799 3759 mni.

525 3798 624 3882 Supp.
642 3796 838 3861 Gnillelrnns
863 3795 1052 3873 Bellit'ortis,
1078 3817 1191 3860 comes
1219 3795 1408 3873 Bellifortis‚
1429 3795 1551 3881 [quat]
1580 3796 1682 3862 Petro
1706 3797 1749 3862 de
1771 3797 1833 3860 l'is·

482 3923 559 3967 saco
576 3914 596 3980 ⁵,
610 3901 809 3985 jurisperito,
826 3900 867 3963 de
884 3908 1063 3984 personatu
1079 3900 1120 3963 de
1136 3901 1257 3963 Alosto
1284 3921 1340 3964 sen
1370 3899 1483 3978 Melle,
1512 3921 1584 3964 rac.
1611 3909 1646 3965 et
1675 3910 1834 3966 reservato

480 4027 537 4091 per
551 4007 603 4069 ob.
615 4004 780 4080 Jolrannis
791 4002 882 4088 Pape
893 4003 914 4081 ⁶,
927 4001 1142 4067 Cameracen.
1154 4002 1251 4081 dioc,
1265 4004 1445 4085 dignemini
1460 4003 1636 4088 providere
1653 4027 1661 4083 ;
1676 4026 1746 4071 non
1759 4009 1831 4070 obst.

479 4109 658 4185 beneficiis,
675 4109 699 4172 si
718 4129 782 4191 que
804 4108 905 4171 babet
934 4108 966 4170 in
995 4109 1194 4172 cancellaria
1222 4108 1444 4193 exprimendis
1458 4132 1466 4187 ;
1493 4129 1569 4173 cum
1597 4112 1754 4175 omnibus
1775 4128 1829 4173 non

480 4216 564 4276 obst.
582 4254 623 4259 —
642 4211 721 4274 Fiat
742 4211 779 4275 R.

525 4398 631 4458 2387.
650 4393 736 4457 Item
753 4393 956 4457 similimodo
971 4392 1117 4470 Jobanni
1147 4394 1249 4458 l'ituli
1268 4412 1287 4471 ⁷,
1306 4394 1480 4478 capellano
1509 4393 1596 4456 Petri
1626 4394 1669 4459 de
1696 4394 1826 4460 Vissaco

481 4500 522 4564 de
539 4499 666 4562 duabus
683 4497 875 4581 capellaniis
891 4519 949 4560 seu
965 4497 1100 4581 capellis
1117 4498 1149 4560 in
1170 4496 1333 4574 Flandria,
1351 4517 1416 4560 una
1441 4498 1648 4581 leprosorum
1677 4499 1741 4563 sita
1760 4494 1826 4560 inira

481 4605 603 4668 limites
615 4602 754 4666 ecclesie
768 4602 918 4686 parroclr.
931 4603 972 4666 de
991 4602 1168 4680 Dixmnda,
1182 4612 1216 4666 et
1229 4603 1293 4665 alia
1306 4603 1338 4664 in
1353 4601 1491 4666 ecclesia
1504 4601 1657 4686 parroch.
1671 4601 1709 4667 B.
1720 4601 1826 4679 Johan·

480 4709 531 4772 nis
548 4707 743 4785 Gandensis,
762 4727 820 4790 per
837 4708 889 4769 ob.
908 4706 1041 4789 Georgii
1059 4706 1192 4771 Oudinc
1219 4715 1252 4769 et
1272 4706 1412 4769 Dionisii
1436 4703 1578 4783 Honrre,
1606 4703 1773 4769 Morinen.
1801 4707 1825 4763 et

479 4814 666 4877 Tomacen.
684 4811 781 4890 dioc,
798 4812 853 4895 qni
872 4811 905 4873 in
924 4810 1039 4873 itinere
1069 4808 1233 4886 Romarm,
1262 4830 1351 4872 anno
1364 4808 1500 4891 jubileo,
1517 4807 1744 4889 decesserunt,
1767 4822 1823 4869 rac.

486 4992 736 5000 ——-—-———

516 5099 534 5142 l.
550 5098 609 5141 l'oir
623 5112 645 5143 n.
659 5099 727 5143 allo.
742 5097 810 5141 23⁰2.
825 5097 895 5140 2318.
910 5122 940 5128 -
951 5098 971 5140 2.
987 5094 1046 5138 Voir
1059 5109 1082 5139 n.
1097 5095 1158 5138 llus»
1173 5109 1177 5138 :
1192 5091 1288 5141 itii-sen.
1305 5090 1377 5139 atat,
1390 5093 1443 5136 ast.
1459 5093 1520 5136 -3,
1532 5090 1625 5137 l'nirn.
1641 5093 1695 5136 7511,
1709 5118 1737 5124 -
1749 5091 1769 5136 l.
1782 5084 1825 5130 l'uit

482 5186 505 5216 n.
522 5173 588 5216 latr.
615 5198 637 5202 —
656 5174 677 5215 Ῑι.
692 5170 751 5213 l'oir
765 5185 788 5213 n.
802 5170 871 5213 23311,
885 5195 913 5199 —·
928 5171 949 5212 ti.
964 5167 1022 5212 t'oir·
1036 5182 1058 5212 n.
1075 5168 1141 5212 rtur.
1157 5168 1225 5212 1519.
1244 5167 1311 5210 latu.
1342 5193 1353 5195 ἡ
1369 5167 1389 5210 .·.
1404 5164 1463 5209 ton·
1477 5178 1500 5211 n.
1516 5164 1586 5209 2311.
