4650 6059
484 793 523 854 20
1008 788 1093 860 1342,
1117 788 1204 850 21-22
1222 786 1332 868 juillet.

536 943 613 1028 93.
1520 975 1615 1039 1342,
1628 978 1667 1021 21
1680 955 1802 1037 juillet.

529 1061 627 1145 Supp.
642 1057 824 1142 Philippus,
834 1075 891 1119 rex
903 1054 930 1117 F
931 1056 1052 1134 rancie,
1063 1065 1152 1139 quat.
1167 1055 1380 1139 [Theobaldo
1395 1056 1438 1121 de
1454 1057 1616 1124 Cadrellis
1628 1078 1648 1139 ¹,
1662 1061 1740 1125 cler.
1748 1061 1842 1128 Paris

486 1164 581 1243 stud,
591 1163 674 1245 filio]
684 1160 703 1239 J
707 1159 847 1226 ohannis
857 1158 898 1224 de
909 1157 1070 1223 Cadrellis
1085 1159 1210 1237 militis,
1219 1159 1396 1224 consiliarii
1407 1161 1466 1240 sui,
1479 1161 1522 1226 de
1532 1182 1605 1227 can.
1617 1164 1698 1228 eccl.
1710 1165 1839 1231 Ambia-

487 1289 562 1332 nen.
579 1276 613 1331 et
628 1268 717 1352 preb.
742 1283 812 1328 mc.
839 1262 893 1325 vel
909 1269 1017 1326 vacat.
1033 1261 1215 1346 dignemini
1231 1262 1418 1347 providere,
1434 1284 1501 1328 non
1529 1267 1613 1330 obst.
1641 1266 1732 1350 quod
1758 1267 1838 1332 idem

486 1372 522 1435 Τ.
534 1390 605 1435 can.
618 1377 653 1434 et
668 1370 757 1454 preb.
771 1366 800 1431 S.
810 1365 986 1450 Gaugerici
999 1365 1041 1430 de
1054 1364 1250 1445 Cameraco,
1264 1386 1329 1449 que
1341 1368 1430 1451 preb.
1440 1366 1565 1433 modici
1577 1369 1701 1434 valoris
1712 1380 1840 1456 propter

485 1494 618 1559 guerras
632 1492 721 1538 nunc
736 1471 849 1536 existit
864 1478 899 1535 et
915 1490 986 1535 can.
1010 1472 1071 1534 sub
1087 1490 1161 1555 exp.
1177 1473 1269 1555 preb.
1286 1469 1307 1532 S
1337 1469 1474 1536 Firmini
1495 1473 1709 1554 Ambianen,
1724 1474 1840 1540 virtute

484 1599 529 1661 gr.
557 1598 615 1662 per
640 1577 690 1640 fel.
716 1596 778 1639 rec.
805 1575 893 1639 dom.
918 1572 1179 1655 B(enedictunr),
1195 1572 1464 1657 predecessorem
1485 1584 1642 1654 vestrum,
1665 1576 1727 1642 sibi
1749 1577 1841 1652 facte,

485 1683 632 1747 noscitur
643 1682 794 1747 obtinere
809 1722 852 1729 -
868 1680 921 1743 rel
933 1679 967 1743 in
983 1680 1063 1744 eccl.
1081 1678 1219 1743 Remen.
1235 1720 1279 1730 -
1296 1678 1371 1744 Fiat
1388 1679 1426 1744 R.

529 1786 605 1851 Dat.
623 1806 675 1870 ap.
692 1784 939 1848 villamnovam
961 1804 996 1846 12
1014 1782 1079 1847 kal.
1096 1804 1170 1866 aug.
1187 1793 1221 1848 a⁰
1241 1792 1277 1849 1⁰.
1294 1783 1336 1866 (Ι,
1355 1786 1417 1868 79).

535 1971 614 2050 94.
1518 2006 1613 2068 1542,
1627 2006 1667 2050 21
1678 1987 1804 2067 juillet.

528 2090 626 2174 Snpp.
645 2089 812 2153 Henricus
826 2088 868 2153 de
886 2087 1118 2167 Estoutevilla,
1134 2088 1169 2152 in
1182 2088 1253 2173 jure
1276 2088 1363 2154 civili
1387 2089 1450 2168 lie,
1466 2096 1557 2172 quat.
1573 2089 1634 2154 sibi
1656 2089 1701 2153 de
1716 2109 1791 2155 ean.
1814 2098 1847 2155 et

483 2195 572 2277 preb.
589 2194 669 2257 eccl.
683 2192 841 2276 Bajocen.
860 2191 1041 2276 dignemini
1057 2190 1242 2277 proiidere,
1259 2212 1328 2257 non
1340 2194 1423 2257 obst
1440 2191 1531 2275 quod
1546 2196 1635 2278 preb.
1653 2191 1847 2269 Lexoin'en,

456 2379 460 2387 Ι
484 2298 515 2360 S.
525 2297 612 2360 Petri
623 2295 825 2361 Casletensis
836 2303 871 2360 et
882 2293 1156 2380 B.Waldeburgis
1168 2295 1356 2373 Fumensis,
1366 2294 1530 2361 Morinen.
1541 2294 1638 2375 dioc,
1648 2304 1848 2381 personatus

483 2399 524 2463 de
550 2398 711 2479 Cairesiis,
739 2398 932 2478 Lexovien,
949 2421 989 2465 ac
1014 2399 1056 2465 de
1081 2399 1281 2479 Osberrilia,
1310 2399 1555 2482 Rothomagen.
1583 2398 1682 2479 dioc,
1699 2400 1849 2465 noscitur

485 2502 643 2567 obtinere.
659 2540 691 2550 -
710 2502 786 2568 Fiat
803 2502 843 2568 R.
1814 2511 1820 2522 '

527 2604 603 2670 bat.
619 2626 670 2690 ap.
686 2604 935 2673 Villamnoram
958 2630 992 2672 12
1009 2607 1073 2672 kal.
1091 2628 1164 2690 aug.
1182 2618 1215 2671 a⁰
1238 2619 1272 2670 1⁰.
1290 2605 1332 2689 (I,
1350 2608 1413 2692 85).

535 2793 615 2876 95.
1518 2829 1613 2893 1342,
1627 2831 1668 2874 22
1676 2808 1804 2891 juillet.

527 2909 627 2976 Motu
657 2911 791 2997 proprio
822 2912 1023 2977 conferimus
1054 2911 1199 2978 Nicolao
1232 2912 1374 2996 Rogerii,
1391 2932 1463 2977 can.
1494 2914 1574 2977 eccl.
1613 2912 1846 2988 Cameracen„

481 3015 664 3099 prioratum
691 3035 750 3079 seu
765 3015 847 3080 eccl.
863 3017 1046 3081 secularem
1062 3038 1087 3080 s.
1104 3038 1131 3080 c..
1148 3016 1176 3077 S.
1195 3015 1283 3078 Petri
1308 3013 1350 3079 de
1377 3015 1576 3096 Rebentino,
1603 3016 1847 3084 Carcassonen.

482 3118 565 3183 dioc.
589 3160 618 3167 -
641 3118 717 3183 Fiat
734 3117 773 3182 R.

525 3222 602 3286 Dat.
619 3243 670 3308 ap.
688 3222 937 3288 Villamnoram
958 3244 992 3288 11
1010 3222 1077 3288 kal.
1094 3244 1168 3304 aug.
1185 3234 1217 3289 a⁰
1239 3233 1274 3287 1⁰.
1291 3221 1333 3305 (I,
1352 3226 1430 3307 79¹).

533 3408 615 3488 96.
1514 3446 1609 3509 1542,
1623 3448 1664 3491 22
1674 3425 1802 3507 juillet.

525 3526 626 3609 Supp.
642 3525 840 3609 Aymericus
862 3527 1015 3608 Galvani,
1037 3550 1142 3615 nepos
1158 3530 1209 3594 fel.
1231 3552 1331 3595 mem.
1347 3530 1435 3596 dom.
1453 3520 1542 3595 Petr'i
1558 3529 1601 3595 de
1618 3528 1843 3596 Mortuomari

482 3635 651 3717 quondam
664 3633 751 3700 card.
761 3631 1042 3697 Antisiodorensis
1051 3643 1071 3712 ²,
1085 3643 1175 3715 quat.
1189 3634 1249 3698 sibi
1261 3634 1304 3698 de
1317 3654 1387 3698 can.
1399 3634 1478 3698 eccl.
1491 3632 1649 3697 Parisien.
1659 3632 1844 3718 dignemini

481 3738 664 3823 providere,
681 3739 769 3824 preb.
783 3757 872 3814 vero,
884 3734 1054 3820 dign...vel
1070 3736 1126 3801 off.
1142 3757 1394 3818 reservare,non
1410 3739 1493 3801 obst.
1501 3735 1592 3819 quod
1608 3756 1691 3817 can,
1705 3741 1843 3823 prebet

481 3842 668 3906 cantoriam
680 3841 713 3904 in
726 3840 805 3905 eccl.
819 3838 1000 3924 Lingonen.
1014 3850 1048 3903 et
1071 3850 1287 3925 personatum
1311 3840 1352 3906 de
1370 3837 1545 3919 Sutkerka,
1564 3836 1731 3906 Morinen.
1748 3840 1842 3920 dioc,

481 3947 627 4010 noscitur
643 3944 801 4010 obtinere.
823 3980 855 3990 —
877 3941 953 4007 Fiat
969 3942 1011 4008 de
1028 3963 1099 4007 can.
1118 3945 1179 4007 sub
1195 3963 1269 4028 exp.
1286 3946 1373 4028 preb.
1392 3942 1430 4006 R.

525 4050 601 4114 Dat.
619 4070 670 4134 ap.
687 4046 936 4112 Villamnovam
957 4067 991 4109 11
1011 4044 1076 4110 kal.
1093 4066 1164 4130 aug.
1184 4054 1217 4110 a⁰
1237 4054 1273 4111 1⁰.
1291 4045 1332 4127 (1,
1351 4050 1428 4131 79⁹).

533 4234 612 4314 97.
1511 4270 1605 4334 1342,
1620 4273 1661 4315 22
1672 4250 1799 4333 juillet.

525 4351 623 4435 Supp.
639 4352 787 4433 Angelus
802 4351 911 4415 dictus
927 4348 1038 4413 Lellus
1054 4350 1141 4415 Petri
1167 4351 1327 4436 Stephani
1344 4353 1386 4416 de
1402 4351 1550 4418 'sosettis
1565 4353 1607 4418 de
1624 4353 1730 4436 Urbe,
1747 4356 1842 4421 fami-

481 4455 609 4518 liarium
628 4463 810 4518 vestrorum
827 4454 991 4533 minimus,
1009 4462 1098 4535 quat.
1116 4455 1245 4539 [nepoti
1262 4476 1321 4520 suo
1337 4455 1424 4520 dom.
1446 4455 1596 4541 Oddoni]
1619 4455 1842 4525 Malabrance

481 4558 523 4622 de
539 4558 745 4622 Tbedallinis
760 4559 802 4622 de
817 4558 909 4623 dicta
924 4557 1025 4637 Urbe,
1043 4578 1115 4623 can.
1140 4567 1175 4623 et
1201 4563 1291 4644 preb.
1319 4560 1398 4624 eccl.
1427 4557 1632 4625 Nicosiensis
1658 4561 1842 4647 dignemini

481 4683 656 4740 reservare,
674 4682 740 4726 non
757 4665 840 4726 obst.
853 4661 942 4745 quod
967 4661 1001 4725 in
1018 4660 1259 4747 Nigroponten.
1284 4672 1318 4728 et
1345 4664 1374 4726 S.
1392 4662 1562 4729 Laurentii
1578 4664 1612 4729 in
1644 4664 1774 4733 Lucina
1799 4668 1843 4734 de

483 4766 574 4832 Urbe
590 4767 669 4830 eccl.
694 4787 766 4830 can.
783 4774 817 4829 et
834 4769 922 4851 preb.
939 4776 974 4830 et
990 4776 1142 4831 curatam
1158 4768 1237 4832 eccl.
1256 4767 1284 4831 S.
1303 4766 1442 4832 Martini
1458 4768 1500 4833 de
1519 4768 1615 4834 Hans
1629 4778 1649 4851 ³,
1678 4768 1845 4837 Leodien.

479 4869 574 4947 dioc,
598 4868 745 4933 noscitur
760 4868 910 4933 obtinere
932 4906 963 4916 -
986 4869 1062 4934 Fiat
1080 4869 1116 4934 R.

524 4972 600 5036 Dat.
618 4991 669 5056 ap.
686 4970 934 5037 villamnovam
956 4994 988 5038 11
1007 4973 1073 5038 kal.
1091 4995 1162 5059 aug.
1181 4984 1214 5040 a⁰
1235 4985 1270 5039 1⁰.
1289 4975 1329 5058 (I,
1348 4979 1426 5061 82‘).

511 5211 532 5255 l.
550 5206 632 5256 videl.
645 5222 669 5254 n.
687 5208 757 5255 5315.
813 5212 835 5256 2.
849 5208 908 5256 vvir
921 5217 947 5256 !r⁰
960 5210 997 5256 87.
1013 5237 1041 5242 ·—
1054 5210 1075 5257 3.
1091 5208 1189 5266 Kirsch,
1205 5208 1277 5266 mir,
1293 5210 1311 5267 1,
1325 5212 1379 5258 280.
