4650 6059
560 804 599 869 aa
794 761 796 763 ’
1090 799 1299 875 isram-28
1317 799 1393 880 jin.

611 950 726 1037 397.
1632 981 1725 1045 1343,
1741 962 1785 1025 26
1794 960 1884 1042 juin.

604 1070 705 1134 Pater
720 1068 785 1132 S¹¹¹‘.
802 1065 889 1131 Cum
904 1065 944 1131 V.
961 1066 992 1132 S.
1008 1086 1114 1151 nuper
1129 1085 1204 1150 cap.
1220 1074 1333 1130 vestro
1349 1063 1495 1131 Guidoni
1521 1065 1692 1152 episcope,
1708 1073 1793 1131 tuuc
1816 1067 1925 1132 electo
1968 1072 1972 1079 '

561 1171 795 1240 Cameracensi
812 1182 830 1252 ¹,
847 1171 1048 1237 concesserit
1065 1169 1155 1254 quod
1171 1169 1242 1255 ipse
1259 1190 1279 1233 a
1295 1170 1448 1255 personis
1460 1169 1706 1250 ecclesiasticis,
1723 1170 1926 1236 secularibus
1966 1180 1972 1262 s

542 1319 544 1324 -
560 1289 595 1344 et
611 1276 822 1361 regularibus,
839 1274 1005 1360 exemptis
1021 1282 1055 1338 et
1079 1294 1148 1338 non
1176 1272 1352 1358 exemptis,
1376 1273 1539 1339 beneficia
1554 1272 1785 1339 ecclesiastica
1809 1274 1844 1338 in
1864 1274 1925 1339 civ.
1964 1277 1972 1332 t

561 1404 601 1448 ac
617 1382 703 1447 dioc.
720 1380 935 1445 Cameracen.
949 1377 1177 1443 obtinentibus
1192 1385 1316 1462 posset,
1329 1377 1425 1461 juxta
1441 1376 1588 1463 ipsorum
1602 1373 1845 1440 beneficiorum
1861 1372 1925 1438 exi·
1963 1395 1966 1400 ·

560 1487 708 1572 gentiam
724 1483 933 1561 facultatum,
949 1489 1065 1566 petere
1081 1489 1115 1545 et
1130 1480 1277 1565 recipere
1293 1488 1380 1545 auct.
1397 1488 1507 1545 vestra
1519 1478 1733 1545 caritativum
1744 1478 1925 1544 subsidium
1962 1500 1972 1540 ·.=

561 1585 781 1664 moderatum,
804 1586 962 1670 idemque
988 1585 1166 1671 episcopus
1192 1585 1342 1669 personis
1366 1584 1525 1670 predictis
1550 1582 1716 1649 beneficia
1739 1590 1860 1648 taxata
1884 1581 1926 1648 ad
1968 1620 1972 1645 ;

482 1700 486 1709 ’
561 1690 729 1755 decimam
764 1690 993 1755 obtinentibus
1016 1709 1119 1754 unam
1145 1688 1324 1768 decimam,
1352 1688 1582 1753 obtinentibus
1607 1708 1688 1752 vero
1714 1706 1784 1752 non
1811 1694 1926 1752 taxata
1966 1711 1972 1750 ·.

562 1803 688 1860 certain
706 1814 882 1873 summam,
895 1794 992 1878 juxta
1009 1792 1212 1876 exigentiam
1225 1791 1424 1857 facultatum
1436 1790 1676 1857 beneficiorum
1690 1790 1852 1877 ipsorum,
1868 1810 1926 1876 pro
1969 1845 1972 1854 .

561 1897 750 1981 hujusmodi
766 1897 945 1962 caritativo
961 1895 1107 1961 subsidio
1122 1894 1254 1960 duxerit
1271 1895 1503 1980 imponendas,
1522 1895 1736 1981 quamplures
1750 1901 1870 1959 tamen
1886 1916 1925 1960 ex
1968 1949 1972 1960 .

562 2000 710 2085 personis
720 2000 877 2085 predictis
893 2010 1078 2065 asserentes
1093 1999 1262 2065 decimam
1274 2009 1309 2064 et
1325 2019 1489 2065 summam
1502 1998 1669 2085 predictas
1676 1998 1808 2076 ‚eisdem
1821 1998 1942 2085 impo-

562 2106 643 2170 sitas
666 2104 828 2170 excedere
854 2125 1019 2169 summam
1044 2124 1103 2189 per
1126 2104 1403 2169 constitutionem
1429 2103 1520 2169 dom.
1548 2102 1723 2170 Benedicti
1742 2123 1832 2189 pape
1860 2100 1926 2168 XII
1970 2144 1972 2148 -

563 2218 712 2274 taxatam
727 2209 761 2272 in
788 2208 935 2273 subsidio
961 2208 1137 2292 exigend0,
1154 2207 1306 2273 nonnulli
1331 2228 1412 2272 vero
1437 2207 1591 2292 religiosi,
1604 2215 1675 2273 tam
1698 2204 1928 2272 Cisterciensis
1970 2210 1972 2214 ’

563 2334 662 2396 quam
678 2313 818 2377 aliorum
835 2312 998 2391 ordinum,
1015 2312 1079 2377 civ.
1095 2319 1130 2376 et
1147 2311 1235 2377 dioc.
1252 2311 1489 2397 predictarum,
1505 2309 1746 2396 pretendentes
1757 2333 1794 2377 se
1805 2312 1928 2377 habere

563 2416 771 2500 privilegium
783 2424 890 2500 apost.
906 2415 997 2499 quod
1012 2414 1054 2479 ad
1070 2414 1267 2480 solvendum
1288 2415 1425 2499 aliquod
1437 2414 1618 2480 subsidium
1634 2415 1774 2480 minime
1790 2423 1929 2480 tenean-

563 2528 625 2598 tur,
653 2538 712 2604 per
736 2504 865 2584 litteras
891 2528 999 2603 apost.
1016 2539 1083 2584 non
1100 2518 1262 2583 facientes
1288 2518 1330 2583 de
1357 2540 1473 2583 eorum
1497 2518 1667 2584 ordinibus
1688 2538 1729 2585 ac
1755 2518 1930 2605 privilegio

563 2622 750 2708 hujusmodi
767 2623 901 2708 plenam
917 2642 957 2687 ac
972 2622 1015 2687 de
1041 2625 1144 2687 verbo
1172 2622 1368 2688 adverbum
1384 2622 1488 2687 etiam
1515 2622 1733 2703 mentionem,
1750 2631 1786 2688 et
1801 2622 1884 2719 quia
1896 2622 1929 2687 in

563 2727 668 2811 gratia
684 2727 793 2793 eidem
817 2727 977 2813 episcopo
993 2726 1035 2791 de
1051 2726 1197 2792 subsidio
1212 2725 1365 2812 predicto
1381 2746 1542 2791 concessa
1556 2726 1599 2792 de
1615 2726 1786 2792 ordinibus
1802 2747 1845 2793 ac
1867 2727 1931 2814 pri·

563 2832 684 2912 vilegio
699 2831 887 2916 hujusmodi
905 2851 1060 2916 expressa
1075 2830 1205 2895 incutio
1221 2851 1289 2895 non
1299 2830 1661 2916 habeatur,predictum
1671 2831 1719 2896 eis
1733 2830 1931 2917 impositum

563 2935 744 3001 subsidium
760 2935 869 3001 eidem
891 2934 1050 3020 episcopo
1066 2935 1195 2999 solvere
1221 2934 1467 3000 contradicunt.
1484 2933 1645 3018 Quinimo
1660 2942 1696 2999 et
1710 2934 1809 3000 multi
1826 2957 1869 3001 ex
1884 2935 1932 3000 eis

563 3040 741 3105 occasione
751 3038 1080 3125 premissaadsedem
1091 3038 1827 3125 apost.appellaruntharesupp.episcopus
1837 3049 1930 3104 ante·

563 3145 681 3223 dictuS,
694 3152 786 3226 quat.
799 3144 1049 3227 impositionem
1065 3142 1195 3207 decime
1208 3150 1243 3206 et
1255 3163 1384 3206 summe
1397 3142 1622 3228 predictarum
1633 3149 1741 3208 ratam
1750 3151 1786 3208 et
1797 3151 1929 3227 gratam

564 3250 726 3313 habentes
735 3247 866 3332 pretato
876 3247 1036 3332 episcopo
1047 3244 1233 3310 concedere
1243 3244 1423 3329 dignemini
1437 3243 1528 3329 quod
1537 3245 1608 3332 ipse
1616 3245 1785 3311 decimam
1795 3255 1832 3311 et
1841 3266 1928 3312 sum·

564 3373 654 3415 mam
670 3349 848 3435 predictas,
864 3357 963 3434 prout
979 3369 1037 3413 eas
1052 3349 1222 3433 imposuit,
1239 3348 1370 3432 exigere
1397 3350 1508 3414 valeat
1524 3358 1558 3414 et
1575 3349 1687 3414 levare
1703 3371 1744 3415 ac
1759 3350 1929 3416 declarare

564 3454 760 3519 intentionis
770 3462 880 3518 vestre
896 3475 915 3517 a
931 3452 1095 3538 principio
1121 3452 1280 3532 extitisse,
1308 3452 1398 3535 quod
1420 3453 1490 3538 ipse
1514 3452 1680 3519 decimam
1701 3474 1741 3520 ac
1759 3447 1929 3520 summam

564 3566 676 3644 posset
703 3566 818 3642 petere
844 3565 879 3621 et
905 3556 1037 3640 exigere
1053 3555 1271 3641 supradictas,
1288 3567 1322 3620 et
1347 3557 1533 3622 concedere
1557 3557 1648 3642 quod
1674 3567 1874 3624 executores
1894 3560 1928 3623 in

563 3662 668 3746 gratia
695 3660 738 3724 de
762 3660 854 3725 dicto
880 3659 1026 3730 subsidio
1053 3659 1163 3724 eidem
1191 3680 1349 3725 concessa
1375 3680 1434 3744 per
1460 3660 1573 3725 sedern
1597 3670 1705 3746 apost.
1721 3662 1877 3748 deputati
1894 3672 1929 3728 et

564 3786 678 3831 eorum
696 3765 835 3849 quilibet
849 3765 882 3828 in
908 3763 1049 3828 solidum
1077 3763 1206 3849 possint
1231 3784 1290 3849 per
1314 3784 1489 3828 censuram
1515 3764 1776 3830 ecclesiasticam
1804 3774 1841 3831 et
1864 3766 1928 3832 alia

561 3871 641 3955 juris
667 3869 815 3935 remedia
840 3867 1049 3953 supradictos
1074 3869 1276 3953 compellere
1292 3867 1335 3933 ad
1359 3868 1503 3953 prefatas
1519 3889 1685 3934 summam
1709 3878 1745 3934 et
1759 3869 1928 3936 decimam

564 3973 830 4058 persolvendum,
842 3992 909 4037 non
921 3972 1131 4036 obstantibus
1147 3973 1301 4037 omnibus
1317 3972 1516 4057 supradictis
1530 3981 1565 4058 et
1581 3993 1658 4038 cum
1674 3972 1749 4038 aliis
1759 3994 1830 4039 nou
1842 3977 1929 4040 obst.

564 4087 598 4140 et
615 4077 770 4146 clausulis
787 4076 971 4160 oportunis.
987 4115 1030 4124 —
1048 4073 1124 4139 Fiat
1141 4076 1188 4140 sic
1204 4076 1294 4159 quod
1309 4076 1413 4161 possit
1424 4076 1565 4160 exigere,
1576 4097 1644 4141 non
1661 4079 1747 4152 obst.
1764 4078 1929 4144 constitu-

565 4180 656 4244 tione
673 4179 847 4245 Benedicti
860 4178 928 4243 XII
946 4189 980 4244 et
1005 4179 1243 4263 appellatione,
1267 4180 1463 4245 dumtamen
1491 4201 1657 4245 summam
1684 4180 1781 4245 unius
1796 4182 1929 4248 decime

565 4304 632 4347 non
650 4284 803 4348 excedat.
822 4283 860 4348 R.

609 4387 687 4452 Dat.
704 4388 802 4451 Arin.
822 4392 839 4449 6
856 4386 920 4451 kal.
935 4387 1006 4473 julii
1024 4398 1057 4452 a⁰
1074 4397 1115 4452 2⁰.
1134 4392 1182 4471 (5,
1201 4395 1281 4473 ool).

616 4563 731 4648 398.
1630 4604 1647 4646 r
1742 4585 1785 4648 28
1812 4583 1883 4650 'uita

606 4681 707 4768 Supp.
724 4683 1068 4769 Sauseitusderlysne
1080 4696 1099 4767 ²,
1116 4687 1365 4751 ambassiator...
1380 4687 1512 4751 comitis
1531 4602 1928 4775 Hauonidfquatdffetro

562 4784 653 4849 dicto
670 4785 848 4867 Lebesant,
866 4788 958 4873 cler]
978 4788 1193 4855 Carneracen.
1210 4791 1307 4871 dioc,
1324 4791 1365 4854 de
1392 4794 1467 4855 ben.
1489 4792 1571 4855 eccl.
1596 4789 1639 4855 ad
1664 4791 1739 4855 coll.
1756 4793 1927 4858 abbatisse

564 4979 805 4987 ———-

597 5094 738 5143 l.Nonnnc'·
751 5097 774 5143 le
785 5100 815 5143 25
829 5102 892 5158 sept.
907 5098 1084 5158 l3l2tlitrlx¹l
1101 5098 1118 5145 1.
1134 5099 1243 5156 bithus.
1267 5099 1371 5156 ltu-ator,
1393 5114 1409 5144 n
1431 5099 1516 5157 2135.)
1538 5127 1544 5131 -
1589 5101 1611 5146 2.
1634 5100 1682 5146 Sur
1708 5098 1876 5147 t'ambaseate
1895 5098 1926 5145 ilc

531 5225 536 5242 ι
562 5168 659 5215 (ἑὸ,ωηί
682 5172 781 5217 mussat
801 5170 896 5217 ‹l'Esnc
913 5178 939 5218 et
959 5172 991 5219 ilc
1011 5171 1107 5218 (tinini
1121 5172 1152 5218 ilc
1174 5173 1358 5229 tlonrmcgnics,
1373 5175 1426 5219 rnir·
1442 5172 1543 5235 l'lcprez,
1556 5188 1581 5221 n.
1594 5175 1659 5232 2763
1680 5172 1812 5233 Deullers,
1829 5170 1926 5222 (unul.

562 5240 604 5288 der
619 5244 711 5291 (buttes
722 5242 753 5291 de
767 5244 894 5304 Iluiaaut,
908 5252 926 5293 t.
940 5244 982 5296 l'l.
996 5245 1073 5293 index
1087 5260 1092 5301 ;
1107 5245 1189 5302 Brum,
1204 5261 1227 5295 n.
1241 5248 1311 5293 ltltli.
