4650 6059
921 774 1008 849 1345.
1031 775 1050 839 6
1072 776 1246 856 septembre.
1704 775 1765 844 22⁶

406 922 524 1009 capell
537 922 571 989 S.
587 922 728 1009 Spiritus
743 922 778 988 in
795 921 877 989 eccl.
895 920 1061 989 Morimen.
1077 947 1086 1004 3
1103 933 1138 991 et
1153 925 1232 991 licet
1247 925 1281 991 in
1294 925 1433 1011 supplic.
1458 944 1517 1011 per
1533 924 1563 991 S.
1581 923 1620 989 V.
1637 924 1767 1009 signata

406 1035 575 1113 peteretur
590 1027 681 1111 quod
697 1026 823 1093 dietam
838 1028 979 1113 gratiam
994 1039 1090 1097 motu
1115 1031 1251 1117 proprio
1275 1030 1437 1111 faceretis,
1454 1050 1497 1095 ne
1513 1029 1578 1096 alia
1593 1029 1766 1110 beneficia,

406 1149 468 1212 que
484 1128 595 1195 dictus
610 1128 798 1196 Bernardus
814 1131 954 1212 obtinet,
981 1132 1015 1197 in
1042 1131 1132 1200 dicta
1156 1134 1400 1219 supplicatione
1423 1133 1563 1220 exprimi
1586 1140 1766 1220 oporteret,

408 1242 517 1298 tamen
535 1233 575 1299 E.
593 1233 633 1300 V.
650 1234 681 1300 S.
698 1234 740 1301 de
767 1244 863 1302 motu
877 1236 1013 1322 proprio
1029 1237 1130 1302 nichil
1146 1237 1241 1304 dixit.
1257 1238 1368 1322 Quare
1386 1239 1518 1324 placeat
1543 1238 1582 1303 E.
1599 1238 1630 1303 S.
1647 1257 1767 1303 conce-

409 1336 492 1418 dere,
507 1336 600 1423 quod
618 1337 710 1405 dicta
724 1340 897 1422 beneficia,
914 1361 979 1426 que
994 1341 1104 1407 dictus
1119 1341 1307 1408 Bernardus
1322 1343 1462 1422 obtinet,
1480 1343 1513 1408 in
1529 1341 1648 1408 litteris
1664 1342 1767 1407 confi-

411 1441 530 1509 ciendis
543 1461 644 1532 super
658 1442 749 1511 dicta
764 1465 810 1530 gr.
835 1444 868 1510 in
890 1446 1167 1514 vicecancellaria
1194 1447 1430 1533 exprimantur,
1454 1454 1489 1511 et
1513 1445 1603 1531 quod
1630 1445 1767 1532 perinde

410 1548 514 1615 valeat
530 1549 612 1615 acsi
630 1550 665 1614 in
681 1550 928 1637 supplicatione
944 1548 1095 1637 predicta
1111 1550 1249 1618 fuissent
1265 1570 1430 1638 expressa.
1444 1591 1485 1599 -
1502 1548 1578 1616 Fiat
1595 1548 1635 1615 R.

450 1702 531 1765 905.
548 1695 648 1780 Item,
665 1698 768 1765 etiam
780 1698 872 1766 dicta
883 1698 914 1765 S.
931 1698 982 1781 V,
993 1698 1037 1766 ad
1052 1698 1250 1765 instantiam
1262 1697 1344 1765 dicti
1360 1695 1520 1785 episcopi,
1531 1695 1610 1763 fecit
1624 1716 1671 1782 gr.
1688 1693 1768 1762 Gui-

415 1797 482 1866 doni
497 1800 541 1867 de
557 1800 654 1868 Bova
671 1812 691 1885 ¹,
708 1803 785 1870 cler.
801 1812 836 1869 et
859 1803 1014 1871 familiari
1029 1802 1111 1870 dicti
1136 1803 1295 1889 episcopi,
1311 1802 1354 1869 de
1370 1801 1488 1889 capell.
1505 1799 1543 1867 B.
1559 1799 1607 1867 M.
1625 1801 1659 1866 in
1685 1800 1768 1867 ecel.

418 1900 585 1988 blorinen,
601 1915 701 1994 prout
717 1906 751 1972 in
767 1907 1012 1996 supplicatione
1028 1928 1087 1996 per
1107 1908 1138 1973 S.
1156 1907 1196 1974 V.
1212 1907 1416 1995 superdicta
1431 1928 1477 1994 gr.
1494 1907 1624 1993 signata
1640 1906 1770 1993 plenius

365 2043 373 2150 -Ι
420 2011 620 2104 continetur;
647 2012 681 2075 in
709 2032 774 2096 qua
798 2011 934 2096 quidem
959 2012 1203 2099 supplicatione
1228 2021 1306 2078 sunt
1330 2011 1439 2099 posita
1461 2011 1524 2077 ista
1546 2014 1657 2091 verba,
1679 2009 1769 2094 quod

421 2114 548 2181 eandem
579 2116 711 2202 capell,
737 2125 875 2203 propter
905 2117 953 2182 sui
978 2117 1101 2183 valoris
1130 2116 1338 2203 paucitatem
1369 2125 1403 2183 et
1434 2116 1535 2203 ipsius
1565 2113 1770 2180 fundationis

421 2219 611 2302 servitutem,
637 2219 858 2306 impetrantes
879 2222 1057 2288 noluerunt
1085 2230 1272 2308 acceptare,
1297 2228 1362 2287 etc.
1386 2220 1497 2305 Quare
1520 2220 1654 2307 placeat
1681 2217 1720 2283 E.
1738 2218 1769 2283 S.

420 2322 495 2406 qued
519 2321 612 2401 dicta
638 2326 740 2390 verba
768 2324 810 2391 de
834 2324 924 2391 dicta
951 2326 1197 2415 supplicatione
1212 2326 1383 2406 tollantur,
1411 2331 1446 2390 et
1472 2323 1563 2409 quod
1589 2323 1623 2389 in
1653 2322 1771 2389 litteris

421 2426 500 2514 sepe'r
514 2427 579 2493 hiis
595 2428 813 2495 conficiendis
827 2429 966 2495 minime
989 2439 1213 2517 apponantur.
1234 2467 1265 2477 -
1287 2428 1363 2496 Fiat
1380 2428 1421 2495 R.

454 2531 525 2599 ba.
541 2533 643 2600 Avin.
660 2558 679 2619 4
695 2533 761 2601 kal.
777 2542 864 2621 sept.
879 2544 913 2601 a⁰
928 2544 972 2621 4⁰.
989 2537 1037 2620 (9,
1058 2540 1095 2601 16
1099 2536 1160 2620 3').

378 2653 384 2750 Ι
457 2679 572 2766 906.
1392 2713 1487 2781 1345,
1504 2696 1524 2758 6
1540 2694 1729 2783 septembre.

454 2798 551 2886 Supp.
568 2796 799 2884 (Bernardus),
815 2800 868 2867 tit.
896 2800 928 2868 S.
956 2800 1076 2867 Ciriaci
1102 2799 1135 2866 in
1160 2800 1290 2866 Termis
1316 2801 1425 2887 presb.
1450 2798 1551 2881 card,
1577 2806 1669 2884 quat.
1697 2817 1774 2864 cum

421 2899 477 2987 ipse
493 2925 610 2991 nuper,
626 2904 669 2972 de
684 2905 848 2972 mandato
863 2926 923 2994 per
938 2906 969 2973 S.
1001 2905 1107 2992 ipsam
1131 2926 1229 2992 super
1254 2904 1320 2971 hoc
1344 2904 1420 2970 vive
1436 2903 1529 2970 vocis
1555 2902 1690 2970 oraculo
1714 2902 1774 2967 sibi

419 3005 508 3091 beto,
526 3008 579 3089 aJ
582 3010 716 3076 ohanne
731 3010 774 3077 de
789 3010 821 3078 S.
836 3010 1029 3093 Eustochio,
1041 3009 1220 3091 Morimen,
1233 3017 1269 3076 et
1281 3007 1521 3076 Bemholomeo
1530 3007 1572 3075 de
1585 3005 1743 3072 Certaldo
1755 3014 1775 3086 ²,

418 3111 442 3178 S.
472 3114 659 3181 Donatiani
690 3113 877 3200 Brugensis,
894 3115 1194 3197 Tornacendioc,
1226 3135 1266 3180 ac
1296 3111 1452 3192 Johanne
1482 3113 1524 3179 de
1557 3109 1712 3191 Banchis,
1744 3109 1775 3176 S.

370 3245 373 3250 ·
418 3214 575 3284 blederici
593 3218 762 3301 Parisien,
773 3220 988 3287 ecclesiarum
1010 3221 1090 3286 olim
1108 3219 1278 3285 canonicis
1305 3218 1530 3305 prebendatiS,
1548 3238 1605 3282 seu
1622 3235 1776 3303 procura·

413 3325 536 3389 toribus
550 3324 756 3405 eorumdem,
767 3325 978 3411 cupientibus
987 3347 1028 3391 ex
1041 3325 1140 3391 certis
1151 3324 1403 3390 rationabilibus
1416 3322 1522 3389 causis
1533 3342 1606 3388 can.
1624 3329 1658 3387 et
1674 3323 1776 3408 preb,

412 3449 491 3512 quos
501 3437 585 3494 tune
602 3428 634 3493 in
651 3428 750 3494 dictis
766 3430 964 3496 obtinebant
974 3430 1132 3510 ecclesiis,
1146 3430 1289 3493 invicem
1303 3438 1502 3514 permutare,
1516 3426 1776 3492 canonicatuum

410 3541 442 3597 et
458 3533 706 3618 prebendarum
724 3535 870 3620 ipsorum
887 3557 928 3600 ex
941 3534 1128 3620 hujusmodi
1143 3554 1243 3599 causa
1259 3533 1424 3599 duntaxat
1437 3533 1526 3619 apud
1539 3532 1654 3597 sedem
1669 3538 1777 3615 apost.

410 3647 617 3722 spontaneas
633 3659 673 3704 ac
689 3638 811 3704 liberas
823 3639 995 3704 admiserit
1006 3639 1171 3705 cessiones
1188 3661 1195 3717 ;
1209 3638 1391 3723 dignemini
1406 3637 1437 3702 S.
1450 3635 1613 3701 blederici
1631 3635 1649 3712 J
1653 3634 1777 3701 olranni

410 3741 450 3806 de
467 3741 500 3806 S.
519 3741 712 3823 Eustachio,
730 3752 763 3808 et
781 3742 948 3809 Morinerr.
973 3742 1213 3808 Bertlrolonreo
1240 3743 1282 3807 de
1299 3741 1469 3820 Certaldo,
1488 3761 1527 3806 ac
1545 3740 1576 3804 S.
1595 3738 1776 3804 Donatiani

409 3846 627 3911 ecclesiarum
640 3846 864 3932 predictarum
878 3869 952 3914 can.
964 3858 999 3914 et
1014 3851 1105 3934 preb.
1117 3847 1305 3933 hujusmodi
1322 3847 1369 3911 sic
1386 3867 1459 3911 vac.
1477 3844 1625 3921 Jolranni
1637 3844 1679 3910 de
1693 3842 1778 3907 Ban-

410 3950 481 4015 chis
497 3949 645 4036 prefatis,
663 3960 772 4037 apost.
789 3960 878 4018 auct.
895 3953 1054 4033 eonsene,
1071 3954 1185 4037 eisque
1200 3952 1345 4038 gratiose
1362 3949 1536 4036 providere
1553 3949 1594 4014 de
1611 3949 1674 4012 illis
1689 3970 1697 4027 ;
1711 3967 1779 4012 non

410 4056 499 4121 obst.
517 4056 691 4122 beneficiis
707 4058 789 4124 ecel.
805 4058 887 4140 aliis,
904 4079 968 4143 que
985 4057 1159 4136 Johannes
1184 4056 1225 4122 de
1242 4055 1273 4121 S.
1301 4054 1484 4120 Eustacbio
1500 4060 1535 4119 et
1550 4051 1569 4132 J
1573 4052 1722 4118 ohannes
1738 4050 1779 4115 de

412 4157 562 4225 Banchis
578 4160 697 4246 prefati
715 4162 869 4228 obtinent
893 4165 946 4227 vel
963 4173 1153 4249 expectant,
1171 4163 1204 4226 in
1215 4160 1412 4227 cancellaria
1435 4167 1546 4224 vestra
1564 4158 1780 4244 imposterum

412 4264 683 4351 exprimendis...
708 4286 766 4330 seu
791 4267 881 4351 quod
909 4268 998 4333 idem
1024 4268 1281 4334 Bertholomeus
1305 4264 1369 4330 des.
1398 4264 1561 4330 natalium
1588 4262 1715 4349 patitur
1738 4261 1780 4327 de

413 4371 524 4435 soluto
540 4370 674 4454 genitus
698 4382 733 4437 et
758 4372 867 4437 soluta
883 4394 891 4452 ;
909 4393 1006 4459 super
1033 4393 1099 4456 quo
1127 4392 1204 4437 cum
1230 4370 1360 4450 eodem,
1377 4378 1414 4433 ut
1439 4369 1514 4434 ben.
1542 4368 1624 4433 eccl.
1650 4365 1780 4431 etiamsi

414 4484 566 4540 curatum
583 4474 741 4541 existeret
758 4477 876 4562 primm,
894 4485 928 4541 et
955 4476 1076 4542 deinde
1101 4484 1139 4541 ut
1163 4485 1288 4542 canet
1315 4477 1406 4562 preb.
1430 4495 1496 4540 una
1520 4494 1595 4539 cum
1611 4472 1711 4557 dign,
1727 4471 1781 4535 vel

413 4597 498 4663 pers.
513 4598 573 4644 seu
590 4577 647 4643 off.
671 4599 700 4644 c.
717 4600 746 4644 c.
763 4581 815 4644 vel
842 4601 867 4646 s.
895 4601 934 4658 c.,
961 4580 1091 4646 etiamsi
1118 4581 1149 4645 in
1176 4579 1310 4646 cathed.
1335 4580 1388 4644 vel
1415 4578 1676 4664 metropolitana
1700 4575 1781 4640 eccl.

415 4683 567 4748 obtinere
584 4684 705 4763 valeat,
722 4684 835 4751 extitit
866 4694 955 4751 auct.
981 4694 1088 4771 apost.
1110 4686 1350 4770 dispensatum.
1365 4683 1505 4749 Statutis
1520 4691 1555 4747 et
1571 4678 1782 4748 consuetudi-

415 4787 513 4854 nibus
525 4787 668 4854 ecclesie
680 4787 846 4855 Morinen.
863 4791 1012 4876 predicte
1036 4791 1222 4871 contrariis,
1245 4790 1346 4855 etiam
1363 4789 1389 4853 si
1407 4808 1560 4875 expresse
1577 4794 1734 4853 caveatur
1750 4784 1783 4847 in

416 4894 464 4959 eis
476 4905 513 4959 ut
527 4893 639 4958 nullus
653 4893 826 4961 defectum
843 4895 1032 4981 hujusmodi
1060 4897 1202 4982 patiens,
1218 4896 1272 4960 rel
1301 4895 1361 4959 nisi
1385 4893 1538 4980 primitus
1551 4894 1639 4979 juret
1656 4912 1690 4956 se
1715 4890 1784 4954 sore

414 4996 457 5063 de
475 4996 631 5084 legitimo
646 4998 746 5067 thoro
762 5009 889 5082 natum,
909 5001 942 5066 in
959 5001 1060 5088 ipsius
1076 5002 1216 5067 ecclesie
1244 4999 1445 5066 canonicum
1473 4998 1679 5075 admittatur,
1697 4995 1786 5080 jura·

454 5244 476 5290 l.
490 5241 554 5290 t'btr
566 5255 590 5290 n.
604 5244 659 5291 670.
670 5270 701 5277 -
713 5245 735 5292 2.
752 5243 832 5309 (irrep).
846 5245 936 5306 cler-on..
952 5248 1064 5297 lob-lta.

466 5334 535 5376 Amul.
549 5334 596 5376 b'at.
614 5336 675 5386 Belg.
