4650 6059
990 796 1076 869 1342,
1099 795 1189 860 12-13
1211 798 1386 875 septembre.
1702 802 1705 809 '
1781 862 1783 866 ,
1831 804 1872 866 43

549 946 670 1027 204.
1467 983 1561 1046 1342,
1578 982 1618 1026 12
1635 965 1828 1048 septembre.

543 1065 647 1149 Supp.
665 1062 850 1129 Balduinus
865 1063 909 1128 de
926 1062 1085 1129 Bailliaco
1098 1074 1117 1143 ¹,
1134 1064 1333 1130 Ambianen.
1349 1065 1446 1145 dioc.,
1463 1086 1549 1148 mag.
1567 1066 1599 1129 in
1615 1061 1686 1146 art,
1703 1067 1766 1151 leg.
1782 1068 1872 1133 doct.

502 1178 536 1232 et
563 1168 618 1233 lic.
644 1168 681 1232 in
705 1167 795 1233 decr.
820 1187 861 1231 ac
886 1167 964 1234 cler.
991 1167 1077 1251 regis
1103 1166 1253 1259 Francis,
1271 1168 1322 1233 cui
1339 1167 1394 1233 fel.
1407 1190 1472 1234 rec.
1486 1168 1689 1235 Benedictus
1700 1192 1787 1256 papa
1803 1170 1871 1235 XII

501 1273 542 1337 de
556 1293 632 1338 mn.
650 1274 711 1337 sub
728 1291 803 1355 exp.
827 1273 921 1355 preb.
948 1271 1030 1335 eccl.
1057 1271 1257 1336 Ambianen.
1285 1273 1424 1355 gratiam
1452 1274 1626 1351 concessit,
1654 1293 1719 1355 que
1745 1275 1871 1338 nullum

500 1376 617 1440 sortita
634 1375 698 1439 fuit
713 1374 884 1453 effectum,
902 1382 992 1457 quat.
1021 1374 1130 1439 eidem
1146 1374 1188 1438 de
1205 1395 1276 1439 can.
1300 1375 1448 1458 ejusdem
1470 1377 1552 1441 eccl.
1577 1377 1762 1461 providere,
1779 1381 1872 1463 preb.

500 1500 590 1558 rero,
607 1478 723 1562 dign...
739 1477 924 1561 dignemini
949 1497 1126 1557 reservare,
1142 1498 1211 1542 non
1240 1480 1325 1543 obst.
1342 1478 1431 1562 quod
1448 1479 1480 1543 in
1494 1480 1525 1545 S.
1543 1479 1696 1566 Dyonisii
1713 1480 1872 1547 Leodien.

499 1584 705 1649 decanatum
721 1601 760 1646 ac
776 1601 850 1645 can.
866 1589 901 1645 et
916 1585 1008 1665 preb.
1025 1602 1084 1667 per
1100 1601 1179 1647 eum
1193 1589 1403 1667 acceptatam
1419 1582 1561 1666 litigiose
1577 1592 1690 1647 tamen
1707 1593 1742 1648 et
1755 1586 1872 1669 capell.

498 1688 539 1751 de
556 1686 715 1770 Luquete
730 1685 764 1766 in
781 1683 949 1749 Morinen.
966 1685 1047 1750 eccl.
1064 1686 1214 1750 noscitur
1229 1685 1390 1750 obtinere.
1406 1727 1448 1734 —
1466 1684 1541 1750 Fiat
1559 1686 1598 1750 R.

544 1790 624 1854 Dat.
641 1809 696 1873 ap.
711 1787 960 1853 villamnovam
978 1809 995 1853 2
1013 1788 1058 1853 id.
1076 1797 1160 1873 sept.
1178 1799 1211 1854 a⁰
1231 1798 1270 1853 1⁰.
1289 1788 1332 1870 (l,
1354 1796 1455 1871 199*').

552 1916 808 1999 205-208.
1471 1950 1564 2014 1342,
1583 1951 1622 2013 υ
1640 1934 1828 2017 septembre.

546 2036 651 2121 Supp.
668 2033 853 2119 Philippus,
870 2044 927 2098 rex
944 2032 1159 2113 Francorum,
1176 2043 1266 2118 quat.
1292 2036 1369 2100 cler.
1386 2055 1446 2100 suo
1461 2055 1547 2119 mag.
1573 2035 1724 2101 Henrico
1740 2035 1835 2101 cole
1853 2047 1872 2112 ²,

505 2141 722 2204 Cameracen.
750 2137 848 2215 dioc.,
875 2136 917 2202 de
941 2158 1013 2202 can.
1041 2138 1122 2203 eccl.
1147 2137 1343 2203 Laudunen.
1367 2138 1549 2223 dignemini
1567 2140 1753 2223 providere,
1780 2143 1872 2225 preb.

505 2264 593 2321 vero,
610 2244 700 2326 [vac.
717 2242 771 2305 vel
788 2242 923 2324 vacat.],
936 2240 1045 2305 eidem
1062 2240 1301 2306 conferendam
1317 2241 1498 2326 dignemini
1515 2263 1693 2324 reservare,
1706 2265 1774 2308 non
1787 2247 1871 2308 obst.
1948 2319 1954 2329 ‚

506 2345 593 2430 quod
618 2366 694 2410 can.
719 2352 755 2408 et
777 2346 870 2429 preb·
903 2345 984 2409 eccl.
1013 2343 1051 2409 B.
1077 2343 1209 2410 Gudule
1233 2344 1457 2411 Bruxellensis
1480 2355 1500 2426 ³,
1529 2347 1743 2413 Cameracen.
1774 2347 1871 2426 dioc.,

507 2450 717 2527 demnatum,
745 2468 818 2513 can.
845 2456 880 2513 et
907 2450 998 2533 preb.
1025 2449 1107 2513 eccl.
1132 2448 1170 2513 B.
1196 2448 1245 2513 M.
1269 2448 1593 2515 Teneremomdensis
1607 2463 1628 2530 ⁴,
1656 2450 1872 2517 Carneracen.

507 2554 600 2633 dioc.,
611 2573 687 2618 can.
697 2559 733 2616 et
742 2554 834 2636 preb.
851 2550 932 2615 eccl.
949 2548 987 2615 B.
1006 2549 1158 2633 Quintini
1177 2551 1208 2614 in
1226 2550 1453 2632 Viromandia,
1468 2551 1672 2617 Noviomen.
1685 2552 1782 2633 dioc.,
1799 2575 1872 2619 can.

509 2667 540 2721 et
553 2659 645 2742 preb.
662 2654 748 2720 eccl.
765 2654 803 2720 B.
821 2653 993 2718 Gummari
1022 2652 1189 2739 LyrensiS,
1218 2676 1318 2720 unam
1335 2657 1452 2741 capell.
1470 2656 1502 2719 in
1519 2657 1602 2721 eccl.
1618 2655 1660 2720 de
1685 2656 1811 2737 Haren,
1838 2667 1873 2721 et

510 2760 676 2844 quandam
702 2759 800 2824 aliam
828 2759 946 2843 capell.
963 2759 997 2821 in
1013 2759 1095 2823 eccl.
1112 2758 1154 2823 de
1180 2758 1330 2838 Forest0,
1359 2758 1573 2825 Carneracen.
1601 2759 1698 2840 dioc.,
1725 2761 1873 2826 noscitur

511 2866 670 2929 obtinere.
687 2903 730 2912 —
748 2862 823 2927 Fiat
841 2861 880 2926 R.

549 2991 637 3052 206.
655 2983 743 3049 Item
759 3004 855 3068 supp.
878 2982 1024 3067 prefatus
1047 3002 1114 3061 rex,
1139 2990 1229 3066 quat.
1258 2984 1358 3066 [imag.
1387 2983 1536 3058 Roberto
1565 2983 1684 3067 ligoly,
1708 2984 1815 3066 dicto]
1831 2983 1873 3047 de

514 3091 630 3167 Ascha,
646 3089 689 3153 de
706 3110 780 3153 can.
796 3098 831 3151 et
843 3090 935 3172 preb.
948 3088 1029 3151 cccl.
1042 3086 1240 3165 Tornacen,
1255 3109 1326 3151 rae.
1348 3088 1401 3150 rel
1425 3098 1543 3165 vacat,
1557 3087 1739 3168 dignemini
1763 3087 1873 3172 prori-

515 3193 595 3271 dere,
623 3213 694 3257 non
711 3195 796 3256 obst.
814 3192 902 3274 quod
919 3192 1113 3268 cantoriam,
1131 3212 1204 3255 can.
1222 3204 1255 3255 et
1272 3195 1362 3275 preb.
1380 3194 1460 3256 eccl.
1479 3191 1515 3254 Β.
1534 3190 1664 3255 Gudule
1681 3190 1873 3254 Bruxellen-

516 3299 561 3372 sis,
578 3307 612 3361 et
640 3318 715 3361 can.
736 3306 770 3359 et
798 3298 889 3380 preb.
917 3297 999 3359 eccl.
1025 3294 1063 3359 B.
1093 3294 1141 3358 M.
1168 3294 1503 3373 'leneremomlensis,
1533 3295 1747 3359 Cameracen.
1775 3295 1872 3366 dioc,

517 3401 659 3464 noscitur
677 3400 839 3463 obtinere.
855 3439 897 3446 -
916 3397 990 3462 Fiat
1009 3398 1048 3462 R.

552 3527 636 3585 207.
655 3519 742 3583 Item
759 3539 854 3603 supp.
871 3519 1016 3603 prefatus
1033 3540 1099 3596 rex,
1126 3527 1216 3601 quat.
1234 3521 1334 3601 [irrarg.
1361 3518 1525 3601 Hernico]
1543 3520 1692 3583 Slabbart
1704 3527 1723 3596 ³,
1741 3520 1872 3584 decan.

519 3636 543 3686 et
573 3628 666 3709 preb.
698 3624 780 3688 eccl.
806 3625 1027 3700 Attrebaten,
1053 3644 1125 3686 aare
1157 3624 1209 3684 vel
1238 3633 1354 3701 vacat,
1382 3623 1563 3706 dignemini
1596 3624 1780 3706 providere,
1805 3644 1871 3686 non

521 3731 595 3791 obst.
612 3728 703 3811 quod
720 3728 930 3806 decanatum,
948 3747 1020 3791 can.
1038 3738 1071 3789 et
1088 3729 1179 3810 preb.
1197 3728 1278 3789 eccl.
1297 3725 1333 3789 b.
1351 3726 1481 3789 (iudule
1499 3726 1731 3807 Br·rrxellerrsiS,
1757 3729 1874 3790 Carne-

463 3825 465 3956 .
520 3850 617 3895 racem.
634 3831 733 3909 dioc.,
751 3831 899 3894 noscitur
915 3832 1077 3894 obtinere.
1094 3870 1137 3876 —
1154 3828 1229 3893 Fiat
1249 3829 1287 3892 R.

463 3961 465 3985 ²
554 3959 638 4019 208.
659 3952 745 4016 Item
763 3973 856 4037 supp.
875 3952 962 4015 idem
978 3971 1045 4028 rex,
1072 3960 1161 4033 quat.
1188 3949 1348 4031 [Jolranni
1373 3951 1414 4013 ‹le
1440 3949 1522 4013 Lare
1539 3951 1579 4013 de
1606 3949 1768 4029 lovanio,
1790 3947 1873 4012 Leo-

463 4059 464 4065 ’
521 4055 595 4120 dien.
614 4057 713 4134 dioc.,
740 4056 866 4119 mullum
891 4058 967 4119 ben.
984 4055 1065 4118 eccl.
1082 4055 1260 4136 assecutol,
1277 4053 1318 4116 de
1335 4075 1408 4117 can
1425 4064 1459 4116 et
1476 4057 1566 4137 preb.
1578 4054 1658 4116 eccl.
1684 4051 1873 4128 Belracen,

463 4153 468 4294 Ι
522 4178 581 4223 tac.
597 4160 652 4223 vel
670 4169 788 4236 vacat,
805 4158 987 4241 dignemini
1004 4158 1190 4241 providere.
1207 4198 1249 4204 —
1268 4156 1341 4220 Fiat
1360 4156 1398 4220 R.

557 4262 631 4328 Dat.
649 4284 703 4347 ap.
720 4261 967 4326 l'illamnorarn
985 4261 1027 4325 id.
1044 4272 1128 4345 sept.
1146 4271 1178 4324 a‘’
1200 4270 1237 4324 1⁰.
1256 4259 1298 4338 (l,
1318 4268 1421 4343 204‘).

563 4390 677 4471 209.
1475 4422 1567 4483 lii-’r
1587 4423 1624 4483 Ι]
1643 4404 1831 4488 septembre.

557 4509 655 4594 Supp.
673 4507 859 4572 Bonifatius
875 4507 916 4571 de
935 4506 1018 4570 Fara
1035 4517 1125 4589 quat.
1152 4526 1318 4569 reservare
1346 4504 1528 4587 dignemini
1547 4526 1619 4569 carn.
1637 4515 1670 4569 et
1687 4509 1776 4589 preb.
1794 4506 1875 4568 eccl.

526 4607 680 4691 leodien„
699 4632 771 4675 vac.
791 4631 850 4695 per
865 4614 918 4674 ob.
945 4609 1099 4674 Catelloli
1123 4610 1165 4672 de
1183 4608 1325 4672 Medicis
1341 4608 1383 4671 de
1401 4607 1605 4687 Mediolano,
1624 4630 1695 4693 cap.
1719 4607 1757 4673 V.
1775 4608 1816 4687 S,
1841 4618 1875 4670 ct

524 4712 690 4781 Guabrielli
710 4715 778 4778 filio
795 4735 854 4778 suo
871 4714 1030 4792 conferre,
1048 4734 1115 4777 nom
1143 4715 1227 4776 obst.
1254 4713 1343 4794 qarod
1359 4712 1467 4776 dictus
1484 4711 1618 4776 Garbriel
1635 4713 1785 4775 obtineat
1802 4732 1874 4775 cau.

465 4740 470 4872 i
524 4829 549 4881 et
562 4825 650 4905 preb.
669 4821 703 4884 in
720 4819 802 4883 eccl.
821 4819 1021 4883 Ebredunen
1039 4816 1361 4893 etS.J011annisde
1379 4814 1546 4881 Modecia.
1565 4857 1604 4863 -
1624 4814 1649 4876 F
1653 4816 1697 4879 iat
1716 4814 1754 4879 R.

463 4987 467 5022 Ι
558 4923 630 4989 Dat,
647 4944 701 5008 ap.
720 4920 968 4986 Villarnnoram
986 4922 1025 4986 id.
1043 4930 1127 5006 sept.
1144 4932 1177 4984 a‘'
1197 4929 1235 4985 1⁰.
1254 4920 1296 5003 (⁸1,
1316 4922 1409 5003 2075)

551 5088 565 5132 Ι.
578 5088 672 5135 l’arent
684 5086 717 5134 do
731 5086 839 5132 Thomas
849 5086 882 5135 (le
897 5086 1186 5146 bailly.el1ancelier‹le
1200 5086 1269 5132 Paris
1282 5084 1399 5145 (Denille,
1417 5088 1427 5129 (
1434 5084 1538 5131 litteral..
1556 5084 1587 5132 ll.
1602 5086 1655 5140 271,
1670 5085 1715 5129 rte
1730 5098 1734 5130 :
1747 5084 1779 5130 el.
1794 5081 1875 5126 l'nlal.

526 5162 629 5220 nzbrut).
643 5190 672 5194 ·-
694 5163 717 5208 2.
730 5159 794 5205 Voir
814 5159 918 5221 Deprez,
940 5175 964 5207 n.
977 5162 1032 5207 589.
1044 5187 1074 5192 -
1095 5162 1116 5206 3.
1137 5160 1159 5205 ll
1178 5160 1267 5206 desint
1286 5160 1344 5221 plus¹
1365 5158 1421 5205 tarel
1441 5158 1523 5219 (loyen
1538 5158 1607 5217 (l'an
1626 5157 1718 5203 (lestel.
1736 5156 1766 5201 ll.
1783 5155 1832 5213 llll.

527 5234 543 5275 l.
554 5233 569 5277 ll
583 5236 661 5290 ligure
674 5247 776 5280 comme
789 5232 822 5278 tel
834 5247 864 5280 en
881 5235 940 5279 1345
954 5233 1125 5293 (lauressam,
1138 5233 1287 5295 ,latrerpiaa
1302 5234 1335 5290 ll,
1350 5232 1401 5292 el).
1413 5260 1445 5266 —
1457 5235 1480 5279 ι’).
1494 5231 1548 5278 l'an
1562 5231 1654 5278 (lumel.
1672 5230 1703 5285 ll,
1720 5231 1755 5276 13.
