4650 6059
1018 755 1106 828 1349,
1129 754 1170 820 25
1191 758 1273 821 aott.
1763 763 1829 829 los

499 908 624 974 Petrus
639 910 899 995 Dauquengues,
921 910 1032 975 dictus
1046 908 1069 973 li
1086 907 1164 984 Bos,
1181 908 1320 974 clericus
1340 908 1528 975 Tomacen.
1553 909 1652 991 dioc„
1676 913 1762 999 petit
1785 914 1830 980 ad

462 1014 536 1079 :oll.
554 1013 688 1078 abbatis
703 1021 738 1078 et
753 1013 948 1079 monasterii
964 1012 997 1078 S.
1014 1010 1153 1077 Martini
1171 1010 1370 1092 Tomacen.,
1387 1011 1430 1078 O.
1446 1012 1478 1078 S.
1495 1010 1535 1078 B.

504 1114 655 1194 Jacobus
671 1115 876 1197 Moletieste,
902 1116 1041 1183 clericus
1064 1113 1253 1181 Tomacen.
1277 1114 1377 1196 dioc,
1391 1116 1479 1201 petit
1492 1116 1537 1183 ad
1553 1119 1631 1185 coll.
1647 1120 1766 1187 decani
1792 1129 1827 1187 et

462 1221 600 1307 :apitnli
615 1223 813 1287 Atrebaten.

506 1385 607 1446 1779.
625 1377 793 1443 Henricus
808 1377 962 1459 Sworter,
979 1377 1118 1443 clericus
1134 1375 1295 1442 Leodien.
1310 1376 1409 1456 dioc,
1437 1377 1523 1462 petit
1539 1376 1583 1443 ad
1600 1379 1676 1444 coll.
1694 1378 1826 1445 abbatis

462 1481 492 1545 S.
509 1480 678 1547 Trudonis
692 1487 715 1561 ⁸,
732 1480 775 1547 Ο.
791 1480 824 1546 S.
841 1479 892 1561 Β,
908 1480 1000 1547 dicte
1015 1479 1104 1546 dioc.

505 1583 677 1650 Henricus
691 1584 801 1650 dictus
818 1584 1035 1663 Rodinetere,
1051 1583 1191 1649 clericus
1205 1581 1369 1649 Leodien.
1381 1584 1479 1665 dioc,
1490 1586 1576 1671 petit
1591 1584 1635 1651 ad
1644 1586 1827 1652 collabba-

462 1689 504 1754 tis
518 1697 555 1754 et
570 1688 765 1753 monasterii
782 1686 821 1754 B.
839 1686 889 1753 M.
905 1687 948 1752 de
964 1686 1133 1772 Tongerlo
1148 1685 1170 1767 b,
1187 1686 1230 1751 O.
1241 1686 1362 1768 Prem„
1373 1687 1592 1755 Cameracen.
1608 1688 1696 1755 dioc.

504 1790 670 1857 Nicolaus
685 1791 795 1857 dietus
811 1789 936 1870 Locrit,
953 1789 1093 1856 clericus
1109 1788 1273 1856 Leodien.
1288 1790 1387 1872 dioc,
1399 1790 1487 1877 petit
1508 1790 1552 1857 ad
1564 1793 1640 1858 coll.
1657 1793 1826 1859 abbatisse

462 1904 494 1960 et
509 1894 706 1959 monasterii
720 1894 763 1961 de
779 1893 893 1974 Blisia‚
909 1893 952 1959 O.
969 1894 1000 1959 S.
1017 1891 1068 1972 Β,
1083 1892 1177 1960 dicte
1192 1893 1280 1959 dioc.
1298 1894 1368 1979 (19,
1389 1899 1474 1979 133).

506 2055 610 2116 1780.
626 2048 796 2115 Gonterus
811 2049 993 2131 Godeiridi,
1010 2050 1150 2116 clericus
1177 2049 1338 2117 Leodien.
1354 2050 1452 2132 dioc,
1477 2052 1565 2137 petit
1580 2072 1656 2119 can.
1672 2055 1732 2118 sub
1748 2074 1824 2139 exp.

465 2155 554 2237 preb.
570 2152 714 2219 ecclesie
729 2153 762 2219 S.
779 2153 921 2221 Dionisii
938 2152 1100 2219 Leodien.

506 2254 669 2322 Nicolaus
683 2256 793 2323 dictus
808 2256 937 2338 Lacrie,
953 2256 1093 2323 clericus
1108 2256 1269 2324 Leodien.
1284 2258 1383 2339 dioc,
1400 2258 1486 2344 petit
1501 2257 1544 2324 ad
1559 2259 1635 2327 coll.
1656 2260 1828 2325 abbatisse

471 2368 499 2425 et
512 2361 706 2426 monasterii
722 2361 765 2428 de
780 2361 906 2441 Thorn,
923 2360 965 2427 Ο.
981 2361 1013 2427 S.
1030 2359 1069 2427 B.
1087 2362 1157 2445 (19,
1178 2364 1281 2447 133¹).

505 2463 525 2542 J
530 2466 681 2531 ohannes
694 2466 738 2531 de
764 2465 897 2546 Haussi,
920 2465 1060 2532 clericus
1083 2464 1273 2532 Tomacen.
1288 2464 1386 2545 dioc,
1411 2464 1497 2550 petit
1523 2464 1566 2530 ad
1582 2465 1658 2531 coll.
1674 2464 1822 2551 episcopi

474 2568 678 2635 cameracen.
696 2570 766 2654 (19,
787 2570 890 2653 134').

510 2728 605 2787 1781.
619 2719 803 2787 Balduinus
819 2721 952 2788 Buillon
968 2722 1079 2788 dictus
1099 2721 1142 2787 de
1157 2720 1318 2799 Wissant,
1334 2719 1473 2785 clericus
1486 2718 1663 2801 Morinen.,
1680 2721 1765 2807 petit
1781 2721 1825 2786 ad

476 2824 537 2889 coll.
552 2824 703 2911 episcopi
719 2833 754 2891 et
777 2825 912 2911 capituli
939 2824 1110 2891 Morinen.

509 2925 675 2993 Martinus
691 2927 739 2993 Le
758 2929 852 3010 Ride,
869 2929 1009 2995 clericus
1026 2927 1207 3009 Morinen.,
1223 2928 1310 3013 petit
1326 2926 1369 2993 ad
1393 2927 1469 2993 coll.
1494 2928 1625 2993 abbatis
1649 2934 1683 2992 et
1707 2946 1826 2993 mona-

476 3033 552 3098 sterii
568 3033 601 3099 S.
617 3031 783 3111 Johannis
795 3035 892 3119 juxta
909 3032 1092 3100 Morinum.
1108 3032 1151 3100 O.
1167 3032 1200 3098 S.
1216 3032 1255 3099 B.
1271 3074 1314 3083 —
1331 3031 1406 3097 Fiat
1422 3032 1455 3097 in
1472 3031 1578 3097 forma
1593 3052 1656 3118 pro
1671 3022 1825 3096 omnibns

476 3136 681 3222 suprapositis
696 3158 840 3221 usque...
861 3138 900 3203 R.
925 3137 984 3201 sed
1007 3137 1167 3202 recedant
1192 3136 1234 3201 de
1259 3137 1359 3216 curia,
1375 3156 1438 3200 nec
1462 3134 1588 3200 faciant
1612 3134 1695 3200 alios
1710 3134 1824 3198 venire

476 3241 540 3321 quia
555 3261 618 3327 pro
634 3240 759 3306 nichilo
775 3241 966 3307 laborarent
982 3241 1052 3305 sine
1068 3241 1214 3306 lectione
1231 3240 1271 3305 R.

510 3343 586 3410 Dat.
603 3344 702 3408 Avin.
724 3365 759 3429 15
776 3343 843 3411 kal.
860 3354 946 3430 sept.
963 3353 997 3409 a⁰
1014 3347 1056 3410 8⁰.
1072 3346 1142 3428 (19,
1163 3347 1246 3428 135).

520 3498 658 3580 1782.
1184 3523 1187 3532 ’
1523 3529 1618 3593 1349,
1636 3528 1677 3589 ²5
1693 3514 1781 3573 aodl.

508 3615 608 3702 Supp.
626 3614 757 3699 Helyas
779 3614 821 3678 de
838 3612 997 3694 Corsone,
1024 3636 1110 3699 mag.
1127 3615 1161 3679 in
1188 3614 1302 3692 theol,
1328 3613 1507 3678 canonicus
1529 3613 1686 3679 Parisien.
1704 3623 1722 3693 ¹,
1733 3622 1825 3696 quat.

476 3712 631 3800 [Iohanni
660 3716 821 3783 Blankart
847 3733 868 3796 ²,
894 3718 1079 3802 presbitero
1105 3718 1292 3784 Tornacen.
1317 3706 1414 3796 dioc,
1441 3737 1530 3800 mag.
1557 3717 1591 3781 in
1619 3724 1691 3795 art„
1714 3715 1823 3801 socio]

473 3820 582 3889 domus
597 3823 640 3888 de
664 3822 813 3887 Sorbona
829 3821 997 3902 Parisien.,
1014 3823 1069 3907 qui
1087 3822 1171 3887 duos
1196 3841 1310 3887 cursus
1337 3822 1370 3885 in
1387 3841 1481 3886 sacra
1497 3821 1668 3904 theologia
1685 3820 1825 3904 perlegit

473 3921 499 3988 in
513 3925 645 4004 eadem,
661 3924 703 3989 de
718 3925 872 4011 parroch.
894 3926 1036 3990 ecclesia
1063 3925 1095 3990 S.
1112 3923 1292 3990 Michaelis
1318 3922 1517 4000 Gandensis,
1533 3922 1623 3987 dicte
1638 3921 1825 3988 Tomacen.

472 4027 559 4111 dioc,
576 4048 652 4094 vac.
668 4029 710 4093 ad
725 4049 861 4113 presens
887 4050 947 4114 per
972 4032 1026 4094 ob.
1052 4028 1212 4114 Symonis
1239 4027 1418 4112 rnlgariter
1443 4025 1525 4091 dicti
1541 4025 1583 4090 de
1599 4025 1701 4111 Pape,
1718 4026 1826 4090 ultimi

472 4133 601 4199 rectoris
613 4132 772 4216 ejusdem,
785 4132 840 4216 qui
857 4139 951 4196 extra
967 4132 1092 4197 curiam
1114 4130 1213 4197 Rom.
1229 4130 1382 4211 decessit,
1398 4138 1478 4195 ante
1494 4132 1564 4215 ejus
1580 4130 1709 4196 obitum
1724 4129 1827 4196 dona·

472 4235 545 4301 tioni
563 4244 674 4322 apost.
690 4245 872 4317 reservata,
889 4258 947 4301 seu
964 4237 1030 4301 alio
1047 4236 1166 4320 quovis
1181 4235 1283 4300 modo
1299 4243 1410 4314 vacet,
1426 4234 1535 4299 eidem
1551 4233 1570 4312 J
1574 4234 1697 4301 ohanni
1713 4234 1826 4320 digne-

472 4340 543 4404 rnini
560 4338 737 4426 providere
753 4362 760 4419 ;
778 4360 845 4405 non
863 4343 948 4405 obst.
965 4340 1055 4424 quod
1070 4338 1224 4424 parroch.
1241 4339 1322 4404 eccl.
1339 4337 1370 4403 S.
1388 4337 1496 4423 Egidii
1513 4338 1547 4402 in
1562 4337 1685 4418 Wasia,
1702 4346 1736 4403 et
1752 4360 1825 4404 can.

473 4458 539 4507 curn
551 4442 690 4508 dimidia
712 4447 804 4529 preb.
829 4444 861 4507 in
878 4445 960 4509 eccl.
977 4444 1008 4509 S.
1026 4443 1114 4508 Petri
1142 4444 1176 4507 in
1193 4442 1323 4522 Duaco,
1340 4462 1380 4507 ac
1404 4442 1573 4525 quandam
1599 4444 1764 4529 capellan.
1791 4444 1823 4508 in

473 4548 617 4626 parroch.
642 4546 782 4611 ecclesia
798 4546 840 4611 de
853 4544 1035 4627 Lembeke,
1051 4545 1241 4612 Tomacen.
1258 4555 1293 4612 et
1315 4547 1529 4611 Attrebaten.
1545 4546 1642 4627 dioc,
1659 4568 1824 4612 summam

477 4664 509 4727 50
522 4648 594 4714 libr.
611 4647 769 4714 Parisien.
794 4658 1002 4735 portatorum
1030 4652 1180 4716 valorem
1197 4671 1345 4716 annuum
1370 4670 1438 4715 non
1465 4650 1677 4730 excedentes,
1701 4659 1735 4715 et
1751 4670 1824 4715 can.

477 4753 525 4815 sub
541 4772 617 4838 exp.
633 4754 725 4838 preb.
742 4752 773 4817 S.
790 4751 955 4830 Jolrannis
971 4755 1003 4818 in
1017 4754 1155 4835 Leodio,
1173 4754 1321 4820 noscitur
1343 4753 1493 4819 obtinere
1507 4777 1516 4834 ;
1533 4775 1633 4838 quarn
1649 4752 1824 4819 ecclesiam

507 4956 530 5014 a)
545 4955 600 5005 (de.
614 4956 739 5006 Cridonis.
753 4983 784 4992 —
802 4958 832 5018 b)
849 4956 906 5007 (bd.
919 4959 1032 5020 Trogelo.

513 5182 530 5231 l.
540 5183 598 5234 Voir
610 5200 635 5234 n.
647 5186 686 5235 83.
699 5213 730 5220 -
743 5188 765 5234 2.
781 5186 840 5234 Voir
853 5202 877 5236 n.
890 5191 943 5245 526,
964 5190 1032 5235 1686,
