4650 6059
485 770 548 835 490
1016 771 1103 845 1850,
1127 771 1169 836 80
1187 772 1314 853 janvier.

486 920 634 1006 partibus
649 920 827 1006 legationis
838 920 951 987 officio
966 921 1166 1006 fungeretur,
1183 923 1296 989 extitit
1310 923 1452 1009 pacifice
1468 934 1651 1006 assecutus
1667 926 1841 1010 dignemini

486 1024 683 1109 providere;
711 1044 779 1090 non
807 1027 964 1090 obstante
988 1024 1079 1109 quod
1101 1029 1177 1091 ben.
1195 1028 1285 1091 eccl.
1301 1047 1330 1092 c.
1346 1048 1375 1093 c.
1391 1028 1446 1091 vel
1469 1048 1495 1093 s.
1511 1048 1542 1093 c.
1563 1029 1606 1095 ad
1632 1031 1838 1097 collationem

487 1128 645 1214 episcopi,
668 1128 786 1194 decani
803 1137 837 1194 et
853 1129 990 1215 capituli
1014 1129 1285 1214 singulorumque
1310 1131 1549 1197 canonicorum
1571 1141 1607 1198 et
1630 1154 1836 1219 personarum

486 1232 627 1297 ecclesie
642 1231 841 1312 Tomacen.‚
857 1232 959 1297 etiam
976 1234 1001 1297 si
1018 1232 1052 1296 in
1068 1232 1150 1298 eccl.
1167 1232 1350 1298 cathedrali
1367 1234 1499 1316 existat,
1512 1244 1547 1300 et
1562 1236 1667 1302 etiam
1683 1238 1711 1303 si
1729 1237 1835 1303 vicaria

486 1334 593 1416 fuerit,
609 1335 811 1401 auctoritate
830 1335 870 1401 E.
886 1335 1083 1402 §.noscitur
1105 1347 1294 1422 expectare.
1309 1377 1353 1387 -
1369 1335 1447 1403 Fiat
1464 1338 1505 1405 R.

486 1439 489 1446 ’
528 1437 607 1504 Dat.
623 1439 723 1505 Avin.
741 1459 759 1523 3
776 1438 842 1505 kal.
861 1437 942 1505 febr.
959 1446 993 1503 a⁰
1009 1440 1051 1505 8⁰.
1069 1441 1140 1523 (18,
1162 1442 1251 1524 142).

537 1577 677 1658 1881.
811 1645 814 1652 .
1493 1613 1588 1678 1350,
1601 1613 1649 1677 ‚3⁰
1658 1592 1800 1674 jonvier.

527 1697 615 1782 Sign.
633 1697 793 1781 P(etrus),
816 1696 869 1760 tit.
885 1693 917 1759 S.
945 1694 1094 1759 Susanne
1118 1695 1281 1780 presbiter
1306 1695 1492 1776 cardinalis,
1518 1697 1608 1781 quod
1624 1718 1736 1783 nuper
1760 1697 1795 1763 E.
1807 1696 1831 1761 S.

484 1799 586 1864 nobili
603 1800 675 1864 viro
691 1799 870 1885 Radulpho
885 1799 927 1865 de
945 1798 1115 1864 Couciaco
1132 1814 1140 1838 ¹
1169 1798 1301 1866 decan.
1318 1808 1352 1866 et
1367 1800 1538 1867 decanatu
1561 1802 1706 1867 ecclesie
1734 1802 1765 1867 S.
1777 1803 1831 1866 Au·

483 1901 622 1982 domari,
640 1900 806 1968 Morinen.
822 1903 920 1983 dioc..
936 1911 1017 1968 tunc
1043 1922 1104 1988 per
1119 1905 1175 1968 ob.
1190 1904 1361 1988 quondam
1390 1902 1529 1971 Milonis
1555 1905 1599 1971 de
1616 1903 1832 1991 Frigincuria¹

484 2014 578 2071 extra
594 2006 692 2072 Rom.
708 2006 833 2072 curiam
848 2006 1043 2073 decedentis
1059 2012 1094 2069 et
1114 2003 1184 2069 sedi
1201 2013 1310 2090 apost.
1322 2007 1498 2072 reservatis
1509 2007 1647 2092 proprio
1662 2015 1759 2073 motu
1772 2026 1832 2093 pro

483 2109 567 2174 vidit
583 2109 719 2195 ipseque
737 2110 932 2196 Radulphus
948 2106 1282 2196 postmodum,nullis
1298 2109 1502 2195 superdicta
1518 2109 1715 2195 provisione
1730 2108 1833 2174 litteris

486 2212 658 2293 confectis,
675 2234 748 2280 can.
760 2223 795 2279 et
810 2214 1035 2280 decanatuum
1050 2211 1240 2297 hujusmodi
1257 2220 1291 2277 et
1301 2211 1608 2300 eorumprovisioni
1624 2211 1775 2298 predicte
1787 2231 1834 2297 per

483 2315 620 2381 Petrum
637 2316 775 2382 Roberti
788 2316 830 2382 de
842 2317 975 2401 Aquila,
986 2316 1143 2381 clericum
1156 2315 1353 2382 Laudunen.
1369 2315 1467 2397 dioc„
1482 2323 1738 2402 procuratorem
1753 2335 1833 2381 suum

483 2421 606 2487 adhoc
629 2421 818 2507 specialiter
841 2420 1073 2502 constitutum,
1092 2420 1298 2507 simpliciter,
1321 2440 1403 2506 pure
1426 2428 1461 2485 et
1483 2420 1586 2485 libere
1606 2420 1787 2505 resignavit
1805 2426 1833 2482 et

483 2525 692 2590 renunciavit
706 2525 741 2589 in
755 2524 910 2590 manibus
925 2523 1006 2590 dicti
1023 2523 1199 2590 cardinalis
1212 2546 1220 2604 ;
1238 2543 1339 2608 quare
1356 2543 1451 2609 supp.
1463 2522 1552 2587 idem
1566 2522 1746 2589 cardinalis
1757 2528 1832 2607 quat.

484 2628 658 2713 capellano
679 2636 713 2693 et
735 2628 887 2693 familiari
903 2648 964 2694 suo
980 2627 1142 2693 continuo
1154 2626 1373 2693 commensali
1385 2625 1488 2692 nobili
1499 2626 1572 2691 viro
1587 2647 1677 2712 mag.
1692 2626 1832 2713 Philippo

482 2729 525 2796 de
548 2731 696 2816 Tivemy
716 2731 759 2798 de
774 2752 850 2797 can.
867 2739 901 2797 et
917 2731 1084 2797 decanatu
1099 2728 1259 2816 predictis
1274 2729 1321 2795 sic
1337 2729 1511 2814 resignatis
1534 2729 1723 2815 dignemini
1737 2728 1831 2817 provi-

483 2833 562 2899 dere
578 2857 586 2914 ;
604 2855 671 2901 non
688 2838 773 2901 obst.
790 2835 881 2920 quod
897 2855 970 2900 can.
987 2842 1022 2899 et
1037 2836 1129 2920 preb.
1143 2832 1340 2898 Laudunen.
1356 2841 1392 2897 et
1408 2831 1613 2899 Noviomen.
1630 2834 1831 2899 ecclesiarum

483 2958 524 3004 ac
539 2959 631 3025 perp.
655 2941 821 3024 capellan.
849 2947 883 3003 et
900 2937 1127 3023 episcopalem
1154 2935 1386 3001 Laudunensis
1412 2956 1545 3002 necnon
1568 2945 1784 3022 personatum
1797 2934 1830 3000 de

484 3038 707 3122 Mauxicourt,
723 3044 936 3107 Attrebaten.
954 3040 1050 3122 dioc,
1066 3040 1216 3104 noscitur
1231 3040 1393 3105 obtinere.
1409 3080 1452 3089 —
1476 3038 1554 3105 Fiat
1571 3038 1613 3106 R.
1659 3095 1662 3102 .

527 3145 606 3213 Dat.
622 3145 721 3210 Avin.
739 3166 756 3229 3
774 3143 840 3209 kal.
858 3144 937 3209 febr.
954 3151 986 3209 a⁰
1003 3146 1046 3210 8⁰.
1063 3144 1135 3226 (18,
1156 3143 1259 3226 143').

538 3281 841 3363 1882-1884.
1491 3314 1587 3378 1550,
1601 3315 1647 3378 30
1657 3294 1798 3375 santur.

527 3399 691 3482 Dignetur
706 3400 737 3463 S.
754 3398 794 3464 V.
822 3398 1040 3463 collationem
1066 3406 1100 3461 et
1124 3397 1351 3481 provisionem
1378 3397 1503 3462 factam
1528 3396 1677 3464 Gnidoni
1707 3398 1834 3476 Alberti,

483 3502 605 3566 clerico
631 3501 846 3567 Lemovicen.
867 3502 964 3581 diue..
992 3500 1033 3565 de
1061 3521 1133 3565 can.
1160 3509 1195 3565 et
1219 3505 1311 3587 preb.
1339 3503 1479 3567 ecclesie
1507 3502 1538 3566 S.
1567 3501 1657 3568 Petri
1689 3502 1836 3579 Ariensis,

487 3605 642 3682 Morinen
658 3606 756 3687 dioc,
772 3626 846 3671 vac.
863 3626 923 3691 per
938 3608 992 3670 ob.
1010 3603 1029 3681 J
1033 3605 1178 3669 ohannis
1195 3604 1352 3690 Pipelart,
1370 3605 1538 3690 quondam
1555 3604 1676 3672 decani
1693 3617 1729 3673 et
1745 3628 1836 3675 cano

484 3710 549 3775 nici
565 3710 772 3795 prebendati
799 3709 900 3795 ipsius
925 3709 1065 3774 ecclesie
1082 3722 1103 3788 ³,
1130 3708 1185 3791 qui
1211 3718 1306 3773 extra
1335 3708 1433 3775 Rom.
1458 3709 1583 3774 curiam
1608 3710 1702 3776 diem
1731 3711 1838 3778 clausit

480 3823 678 3896 extremum,
694 3835 754 3901 per
768 3812 956 3878 Arnaldum
971 3812 1101 3876 Alberti
1112 3827 1133 3893 ⁴,
1150 3812 1358 3898 prepositum
1369 3813 1509 3878 ecclesie
1525 3813 1667 3899 prefate,
1686 3815 1732 3880 ad
1747 3835 1838 3900 quem

481 3920 718 3985 canonicorum
744 3918 910 3983 institutio
937 3925 971 3981 et
996 3916 1244 4003 prebendarum
1269 3917 1406 3982 collatio
1430 3917 1532 4003 pleno
1556 3918 1630 4002 jure
1661 3919 1839 3986 dinoscitur

481 4025 657 4109 pertinere,
673 4033 708 4089 et
735 4043 932 4107 quecunque
950 4020 1026 4086 inde
1043 4028 1168 4101 secuta,
1196 4021 1325 4086 etiamsi
1351 4021 1540 4107 specialiter
1566 4024 1621 4088 vel
1644 4026 1839 4110 generaliter

482 4127 603 4193 fuerint
618 4137 798 4207 reservata,
814 4134 943 4210 gratam
960 4135 994 4189 et
1010 4134 1118 4190 ratam
1141 4125 1274 4205 habere,
1292 4133 1326 4189 et
1342 4125 1522 4191 decernere
1545 4126 1636 4210 quod
1659 4130 1794 4194 valeant
1809 4138 1839 4192 et

482 4231 630 4296 habeant
645 4233 781 4317 plenam
797 4231 924 4295 roboris
942 4230 1133 4294 firmitatem
1149 4230 1288 4316 perinde
1314 4250 1352 4293 ac
1369 4229 1395 4293 si
1411 4229 1453 4294 de
1469 4229 1517 4294 eis
1541 4230 1634 4295 nulla
1661 4231 1839 4298 reservatio

483 4338 572 4401 facta
603 4335 697 4414 soret,
730 4355 806 4399 cum
832 4334 985 4398 omnibus
1007 4354 1076 4397 nnn
1102 4338 1188 4399 obst.
1216 4342 1251 4398 et
1271 4333 1425 4398 clausulis
1449 4333 1649 4419 oportunis;
1672 4356 1734 4401 seu
1758 4334 1838 4421 quod

482 4440 574 4506 dicto
591 4437 735 4502 Gnidoni
752 4437 879 4502 decan.
896 4445 930 4500 et
946 4439 1038 4521 preb.
1054 4437 1195 4502 ecclesie
1220 4434 1438 4503 Lemovicen.
1464 4456 1524 4521 per
1542 4436 1582 4501 ιδ.
1598 4436 1639 4503 V.
1657 4438 1757 4505 fuerit
1772 4458 1837 4525 pro

484 4543 601 4622 visum,
618 4541 659 4606 de
686 4540 805 4625 quibus
821 4541 1065 4625 possessionem
1082 4540 1232 4605 nondum
1249 4549 1299 4604 est
1315 4548 1495 4604 assecutus.
1518 4577 1549 4587 -
1567 4540 1788 4608 Providemus
1803 4541 1835 4606 R.

528 4686 628 4747 1883.
647 4679 733 4744 ltem
750 4679 892 4743 similem
907 4679 1047 4762 gratiam
1064 4678 1172 4743 facere
1182 4678 1364 4762 dignemini
1378 4678 1582 4763 Raymundo
1591 4678 1634 4744 de
1647 4679 1834 4751 Rofinlraco,

481 4784 603 4849 clerico
615 4784 704 4848 dicte
717 4782 933 4848 Lemovicen.
951 4783 1048 4862 dioc,
1076 4782 1117 4846 de
1144 4781 1349 4847 thesauraria
1371 4789 1405 4847 et
1432 4802 1506 4847 can.
1523 4789 1558 4846 et
1585 4786 1679 4867 preb.
1697 4784 1833 4870 predicte

477 4889 620 4953 ecclesie
635 4888 793 4966 Ariensis,
810 4886 899 4951 dicte
927 4886 1013 4951 dioc.
1043 4885 1220 4966 Morinen.,
1249 4907 1319 4951 vac.
1337 4907 1394 4972 per
1411 4889 1465 4952 ob.
1491 4884 1665 4950 Guillelmi
1685 4887 1831 4971 Quantle,

516 5138 535 5182 l.
548 5136 609 5182 l'oir
621 5151 646 5182 n.
661 5136 727 5189 1700,
743 5140 812 5184 llll.
826 5164 856 5170 -
869 5139 890 5183 2.
906 5136 966 5183 l'oir
978 5152 1002 5185 n.
1015 5138 1052 5195 31,
1066 5140 1119 5197 r'rll,
1135 5140 1204 5185 1700.
1217 5167 1245 5174 -
1258 5139 1280 5185 3.
1293 5137 1376 5195 l'idal,
1390 5152 1415 5184 n.
1428 5139 1499 5185 8501.
1509 5166 1540 5175 -
1552 5137 1575 5187 4.
1589 5135 1651 5186 Voir
1662 5153 1687 5188 n.
1702 5142 1754 5186 713.
1769 5136 1788 5184 ll
1799 5135 1831 5182 cst

478 5207 531 5254 cite
543 5224 573 5255 cu
586 5215 654 5255 cettc
671 5210 769 5269 qualite
781 5211 804 5259 lc
823 5213 836 5258 1
850 5225 917 5259 mars
930 5213 991 5258 1319
1004 5211 1136 5272 (Berlicrc,
1149 5212 1247 5259 Iacent.
1260 5210 1337 5271 arent,
1352 5225 1375 5259 n.
1390 5211 1458 5271 178).
