4650 6059
891 1181 1264 1304 Qunrartme
1296 1189 1508 1287 Annae

758 1445 818 1531 19
855 1447 956 1529 mai
995 1447 1125 1536 1345
1162 1493 1202 1506 -
1247 1447 1304 1532 18
1340 1449 1442 1532 mai
1480 1451 1612 1536 1346

559 1813 661 1899 826.
1517 1896 1521 1904 .
1568 1837 1818 1920 1346191111.

552 1931 642 2020 Supp.
660 1932 831 2002 Henricus
850 1933 926 2022 [de]
939 1935 972 2002 le
983 1933 1056 2000 Wis
1065 1943 1085 2016 ⁸,
1095 1942 1208 2002 rector
1222 1934 1306 2003 eccl.
1317 1934 1361 2003 de
1375 1933 1573 2024 Nederpelt,
1588 1936 1750 2006 Leodien.
1762 1939 1861 2022 dioc„

522 2054 587 2122 mg.
601 2037 635 2103 iu
660 2045 734 2120 art,
752 2041 827 2106 bac.
843 2039 878 2105 in
893 2039 1009 2120 theol,
1024 2045 1116 2124 quat.
1131 2038 1193 2106 sibi
1218 2047 1254 2106 et
1269 2037 1465 2124 Katherine,
1481 2040 1553 2126 eius
1566 2041 1678 2120 matri,
1701 2041 1861 2128 fratrique

521 2136 599 2223 usius
613 2140 766 2210 Waltero
779 2162 821 2209 ac
836 2141 957 2209 Gheile
970 2142 1133 2225 militisse,
1155 2142 1307 2229 ejusdem
1320 2143 1454 2226 amicte,
1478 2143 1664 2212 concedere
1678 2145 1863 2232 dignemini

522 2239 585 2327 [ind.
601 2245 635 2310 in
650 2252 714 2312 art.
725 2244 857 2334 mort.].
872 2287 917 2297 -
933 2244 1012 2313 Fiat
1029 2244 1071 2313 R.

548 2347 619 2415 lut.
634 2369 690 2436 ap.
704 2347 957 2417 Villamnovam
976 2371 1013 2435 14
1029 2348 1097 2417 kal.
1109 2351 1181 2437 jun.
1198 2357 1232 2417 a⁰
1247 2357 1292 2435 4⁰.
1308 2351 1358 2436 (9,
1378 2351 1442 2437 1').

553 2501 662 2585 827.
1098 2523 1102 2533 “
1567 2538 1663 2604 1345,
1682 2539 1724 2605 19
1740 2522 1818 2587 mai.

546 2619 833 2707 SuppJacobinus
844 2620 893 2688 Le
905 2620 1023 2704 Fabre,
1036 2622 1125 2705 cler,
1142 2641 1249 2710 nepos
1259 2621 1498 2702 iratrisJacobi.
1511 2621 1582 2689 ord.
1595 2620 1862 2706 carmelitarum,

515 2724 667 2806 quondam
679 2719 753 2811 cap.
768 2726 882 2807 vestri,
899 2724 1115 2792 cameracen.
1130 2723 1237 2807 dioc.,'
1245 2734 1337 2811 quat.
1352 2726 1431 2794 dare
1445 2726 1630 2812 dignemini
1646 2727 1680 2792 in
1693 2727 1861 2794 mandatis

514 2836 541 2890 ut
550 2826 656 2914 ipsum
670 2827 774 2915 recipi
791 2827 916 2895 saciant
940 2828 974 2894 in
995 2849 1069 2895 can.
1085 2837 1119 2894 et
1135 2828 1169 2894 iu
1185 2828 1322 2895 fratrem
1337 2829 1371 2895 in
1386 2827 1593 2897 monasterio
1607 2830 1639 2897 S.
1655 2830 1862 2918 Aldegondis

514 2925 752 3014 llalbodiensis,
767 2929 985 2999 cameracen.
1000 2931 1098 3013 dioc„
1115 2929 1158 2998 O.
1174 2930 1206 2999 S.
1232 2931 1410 3019 Augustini
1426 2947 1449 3000 ².
1470 2971 1502 2982 -
1532 2931 1610 3000 Fiat
1633 2933 1673 3002 R.
1691 2933 1737 3001 Et
1758 2935 1861 3022 gratis

511 3052 560 3116 pro
576 3034 659 3101 Deo.
677 3034 719 3102 R.
878 3035 880 3042 '
1043 3035 1049 3044 '
1619 3033 1622 3039 ’

545 3139 616 3204 Dat
634 3160 689 3225 ap.
705 3138 954 3205 villamnovam
975 3160 1012 3224 14
1027 3139 1096 3205 kal.
1108 3140 1179 3225 jun.
1197 3146 1231 3205 a⁰
1246 3147 1287 3224 4⁰.
1301 3141 1350 3224 (9,
1367 3143 1429 3225 4‘).

550 3294 657 3376 828.
1567 3330 1661 3395 1315,
1679 3332 1720 3395 19
1738 3315 1815 3378 mai.

542 3412 641 3498 Supp.
657 3411 834 3476 Barascius
845 3411 888 3476 de
900 3410 1126 3491 Tomamiraa,
1142 3432 1215 3477 can.
1232 3413 1314 3477 eccl.
1330 3411 1361 3478 S.
1373 3412 1557 3479 Donatiani
1574 3413 1763 3500 Brugensis,
1776 3416 1858 3482 Tor-

508 3533 612 3580 naceu.
630 3516 728 3595 dioc,
745 3523 837 3599 quat.
853 3514 955 3580 Petro
977 3515 1019 3580 de
1035 3515 1173 3580 Stirlant
1189 3517 1308 3600 presb„
1330 3514 1420 3582 dicte
1436 3517 1534 3600 dioc,
1550 3518 1732 3603 dignemini
1748 3521 1858 3606 provi-

506 3617 574 3683 dere
589 3620 724 3684 deben.
751 3620 833 3684 eccl.
861 3619 904 3684 ad
919 3619 995 3684 coll.
1021 3618 1152 3684 decet
1178 3637 1251 3703 cap.
1269 3618 1300 3684 S.
1326 3618 1536 3701 Donatiani;
1561 3643 1629 3687 non
1658 3626 1744 3688 obst.
1770 3624 1860 3708 quod

505 3723 677 3804 quamdam
694 3743 787 3808 perp.
805 3723 923 3807 capell.
941 3722 974 3785 in
990 3723 1072 3788 eccl.
1089 3721 1120 3786 S.
1137 3721 1250 3786 Basilii
1276 3720 1455 3807 Brugensis
1471 3726 1620 3790 noscitur
1636 3727 1799 3792 obtinere.
1822 3765 1853 3775 -

506 3821 572 3889 Fiat
597 3824 760 3909 usquead
777 3829 817 3890 60
833 3826 888 3889 lib.
906 3847 934 3890 c.
952 3847 990 3905 c.‚
1007 3847 1049 3910 40
1065 3847 1090 3891 s,
1107 3847 1136 3890 c.
1154 3825 1192 3890 R.

540 3928 619 3993 Dat.
636 3950 690 4013 ap.
707 3927 957 3994 Villamnovam
978 3950 1014 4013 14
1030 3929 1097 3994 kal.
1111 3930 1183 4014 jun.
1199 3936 1230 3994 a‘¹
1247 3939 1290 4014 4⁰.
1308 3932 1357 4011 (9,
1375 3935 1416 4015 5).

546 4082 788 4168 829-831.
1568 4119 1662 4183 1315,
1680 4119 1721 4182 19
1738 4103 1815 4166 mai.

538 4201 639 4287 Supp.
657 4200 768 4265 nuncii
786 4208 937 4285 exparte
953 4200 1076 4265 devote
1092 4199 1158 4264 filie
1175 4209 1285 4265 vestre
1301 4202 1526 4269 universitatis
1550 4204 1743 4270 Parisiensis
1766 4206 1810 4272 ad
1825 4206 1857 4273 S.

501 4301 534 4367 l‘.
550 4304 741 4389 specialiter
755 4304 923 4382 destinati,
941 4312 1032 4387 quat.
1049 4303 1175 4368 eisdem
1188 4305 1369 4389 specialem
1383 4307 1526 4390 gratiam
1541 4307 1703 4374 facientes
1719 4309 1762 4374 de
1778 4312 1855 4376 ben.

500 4409 576 4472 eccl.
592 4428 652 4471 seu
668 4406 787 4472 officiis
803 4407 1017 4492 infrascriptis
1033 4409 1087 4471 vel
1104 4408 1187 4488 aliis,
1211 4416 1310 4493 prout
1326 4408 1365 4474 V.
1381 4411 1545 4495 placuerit
1561 4412 1603 4492 S.,
1620 4412 1645 4477 si
1663 4422 1786 4478 vacant
1802 4415 1858 4478 vel

500 4530 571 4574 cum
588 4511 794 4588 vacaverint,
811 4511 1020 4576 conferendis
1035 4510 1171 4588 eisdem,
1188 4511 1371 4595 dignemini
1387 4514 1565 4599 providere
1586 4536 1593 4582 :

540 4612 583 4678 Et
596 4614 707 4694 primo
722 4611 871 4690 Johanni
898 4612 1073 4694 Bloudelli,
1089 4613 1180 4679 doct.
1208 4614 1241 4678 in
1265 4615 1369 4680 theol.
1385 4627 1405 4696 ⁴,
1419 4618 1548 4682 nullum
1569 4621 1645 4683 ben.
1673 4621 1755 4685 eccl.
1773 4620 1857 4685 obti-

500 4718 587 4781 nenti
612 4725 646 4782 et
663 4717 845 4781 intantum
871 4717 968 4782 bonis
993 4718 1233 4802 temporalibus
1259 4718 1431 4800 destituto,
1448 4720 1538 4805 quod
1561 4723 1633 4787 solo
1650 4722 1713 4786 Dei
1732 4743 1857 4804 amore,

501 4819 630 4903 pietatis
646 4820 779 4901 intuitu,
807 4830 842 4884 et
857 4819 901 4885 ad
928 4820 977 4885 sui
998 4828 1104 4885 status
1119 4821 1387 4890 necessitatem...
1410 4825 1587 4911 episcopus
1603 4824 1797 4892 Laudunen.
1813 4849 1855 4893 ex

534 5054 552 5100 l.
563 5053 625 5100 l'uir
636 5068 661 5101 n.
673 5053 771 5101 1111.-
783 5056 805 5102 2.
819 5054 940 5103 L'autcur
950 5056 982 5105 de
994 5055 1019 5103 ln
1030 5056 1166 5118 supplique
1177 5056 1225 5103 tait
1236 5070 1323 5105 crreur
1335 5072 1340 5115 ;
1359 5057 1563 5118 Sic-Alilcgoudc
1579 5060 1612 5108 dc
1632 5060 1776 5119 Munbeuge
1793 5059 1857 5108 etnit

506 5136 535 5169 un
545 5125 659 5188 cliupitre
669 5126 702 5174 dc
713 5126 893 5188 chanoiucssun
912 5130 998 5177 tandiu
1016 5143 1067 5190 quc
1088 5129 1241 5186 St·Quentin
1259 5128 1324 5178 cruit
1343 5144 1379 5178 un
1391 5130 1486 5193 college
1497 5132 1529 5181 dc
1540 5134 1677 5183 chanoinus
1688 5132 1813 5181 seculicrs.
1825 5161 1857 5169 -

509 5196 526 5242 ³.
539 5198 617 5263 (lamp.
629 5198 746 5259 clrruwl„
760 5202 814 5250 177.
826 5230 857 5237 -
870 5205 892 5251 4.
909 5202 1010 5261 Deuiflc,
1027 5202 1150 5262 (lircrtul.¹
1164 5203 1199 5262 ΙΙ,
1213 5205 1267 5263 alu,
1280 5207 1334 5264 666,
1347 5207 1401 5253 562.
