4650 6059
479 774 540 837 aaa
992 769 1083 840 1350,
1105 767 1201 831 15-26
1220 767 1332 848 janu

522 927 635 989 2022.
652 919 741 984 Item
763 939 858 1005 supp.
880 929 973 1004 quat.
988 920 1148 1004 magistro
1174 917 1194 996 J
1197 920 1324 984 ohanni
1341 920 1585 1001 Bellihominis‚
1600 924 1679 986 bac.
1696 921 1732 985 in
1747 921 1827 997 decr.

478 1028 566 1091 dioc.
582 1024 810 1103 Lemovicen,
836 1024 1055 1109 scriptorique
1079 1033 1204 1101 vestro,
1228 1043 1301 1088 can.
1317 1032 1353 1088 et
1368 1028 1461 1110 preb.
1473 1024 1568 1089 dicte
1584 1026 1669 1090 eccl.
1687 1024 1721 1089 S.
1737 1025 1829 1089 Audo

479 1130 572 1206 mari,
588 1148 662 1193 rac.
677 1147 737 1212 per
752 1130 806 1191 ob.
818 1125 982 1204 Johannis
992 1126 1146 1210 Remigii,
1158 1127 1216 1210 qui
1228 1136 1324 1192 extra
1337 1129 1463 1192 curiam
1476 1128 1571 1206 obiit,
1583 1136 1619 1193 et
1631 1149 1694 1214 per
1703 1149 1830 1193 resena·

480 1234 609 1297 tionem
625 1241 726 1296 antea
741 1229 876 1309 factam,
903 1229 1052 1295 conferre
1079 1230 1183 1294 etiam
1207 1230 1390 1314 dignemini
1406 1233 1564 1316 gratiose,
1579 1253 1659 1297 cum
1674 1253 1747 1297 non
1760 1235 1830 1297 obst

482 1337 514 1400 in
530 1335 622 1401 dicta
637 1333 838 1399 cancellaria
852 1333 1087 1418 exprimendis,
1111 1343 1240 1398 etcum
1255 1335 1411 1400 clausulis
1425 1335 1548 1400 debitis
1562 1345 1597 1399 et
1613 1336 1831 1400 executonbts

483 1450 519 1504 ut
534 1440 568 1504 in
585 1439 704 1503 forma.

535 1636 682 1721 2023·
1513 1671 1610 1734 1550,
1628 1671 1671 1732 15
1680 1650 1799 1731 juillet.

526 1755 628 1839 Supp.
654 1751 867 1837 Reginaldus,
894 1748 1050 1814 dominus
1064 1748 1107 1813 de
1124 1748 1233 1814 Ponte
1248 1757 1284 1814 et
1305 1750 1347 1815 de
1373 1750 1501 1829 Blavia,
1526 1763 1619 1836 quat.
1651 1753 1830 1839 [Gbenardo

484 1859 526 1923 de
554 1856 800 1932 Westerrenen,
827 1853 949 1919 clerico
964 1850 1154 1937 Trajecten.
1178 1853 1277 1933 dioc,
1301 1854 1441 1919 decan.
1472 1867 1507 1919 et
1530 1859 1622 1941 preb.
1650 1858 1735 1923 eccl.
1750 1856 1780 1922 S.
1793 1852 1829 1919 li.

485 1961 661 2045 Aquensis,
674 1959 836 2023 Leodien.
846 1957 944 2034 dioc„
958 1976 1031 2020 iac.
1047 1954 1091 2020 ad
1106 1976 1244 2041 presens
1254 1977 1315 2042 per
1328 1968 1473 2022 mortem
1485 1957 1634 2025 Bertoldi
1649 1960 1694 2025 de
1707 1960 1830 2045 Peme,

486 2067 542 2149 qui
558 2074 653 2129 extra
668 2064 793 2129 curiam
808 2062 898 2127 diem
914 2079 1011 2125 suum
1027 2060 1145 2125 clausit
1160 2069 1360 2141 extremum,
1372 2062 1466 2145 cujus
1480 2063 1647 2128 beneficia
1660 2063 1751 2150 apud
1764 2060 1832 2128 Μ’.

487 2167 686 2252 generaliter
700 2167 755 2230 rel
780 2164 968 2251 specialiter
993 2162 1149 2228 dicuntur
1173 2184 1245 2229 esse
1270 2173 1451 2245 resen-ata,
1466 2166 1649 2251 dignemini
1665 2167 1830 2252 protidere,

488 2293 565 2337 cum
582 2271 737 2336 omnious
750 2291 819 2334 non
834 2272 952 2334 obst...
969 2307 1013 2317 -
1028 2266 1105 2333 Fiat
1121 2266 1162 2333 R.

534 2374 611 2439 Fiat
634 2373 675 2440 R

533 2478 614 2543 Dat
629 2478 730 2543 Avin.
745 2477 789 2543 id
800 2477 873 2562 julii
889 2485 924 2542 a⁰
940 2485 983 2558 9⁰.
999 2479 1077 2561 (20,
1093 2477 1179 2559 96').

541 2681 693 2761 2024.
1512 2710 1608 2773 1350,
1625 2692 1668 2754 τό
1684 2689 1802 2770 juillet.

533 2800 635 2885 Supp.
651 2797 763 2863 Guido
777 2797 821 2863 de
836 2796 1051 2875 Podiovallis,
1068 2805 1161 2880 quat.
1180 2796 1398 2882 [consobrino
1413 2816 1475 2861 suo
1490 2794 1637 2860 Geraldo
1651 2795 1694 2860 de
1711 2792 1835 2864 Ruelha,

490 2901 691 2989 presbitero]
715 2900 882 2966 Tutellen.
905 2900 1003 2980 dioc„
1019 2900 1062 2966 de
1077 2922 1153 2966 can.
1168 2911 1205 2965 et
1220 2904 1312 2986 preb.
1328 2902 1411 2966 eccl.
1428 2899 1467 2964 B.
1484 2898 1534 2964 M.
1549 2899 1592 2965 de
1610 2898 1837 2964 Remorentino

490 3015 525 3072 et
541 3006 579 3072 B.
596 3005 749 3090 Quintini
765 3004 808 3069 de
825 3002 1235 3083 Melbodio,.ture1ianen.
1251 3012 1287 3069 et
1303 3003 1521 3068 Cameracen.
1533 3002 1631 3081 dioc„
1641 3023 1719 3068 vac.
1731 3022 1788 3088 per
1795 3002 1837 3065 ob.

491 3112 652 3197 Stephani
678 3108 852 3175 Bertrandi
868 3108 910 3173 de
928 3108 1173 3174 Remorentino
1194 3119 1230 3173 et
1246 3109 1406 3174 Biliconis
1433 3107 1556 3178 Becco,
1580 3107 1749 3171 dictarum
1770 3102 1837 3169 eccl.

491 3218 738 3292 canonicorum,
755 3213 936 3296 dignemini
953 3213 1128 3297 providere
1148 3236 1156 3292 ;
1173 3233 1242 3278 non
1270 3216 1355 3278 obst.
1383 3211 1473 3296 quod
1495 3210 1585 3274 idem
1602 3209 1765 3275 Geraldus
1779 3227 1838 3273 can.

491 3332 527 3384 et
544 3314 635 3403 preb.
648 3318 730 3382 eccl.
741 3315 779 3382 B.
793 3315 843 3381 M.
853 3321 895 3381 de
908 3316 1096 3394 villanova,
1113 3317 1316 3380 Arinionen.
1328 3316 1427 3390 dioc,
1440 3328 1474 3379 et
1490 3314 1674 3398 quamdam
1691 3314 1839 3399 capellan.

492 3444 551 3487 seu
566 3425 671 3485 altare
687 3421 719 3485 S.
737 3419 871 3485 Nicolai
889 3420 921 3483 in
938 3421 1020 3485 eccl.
1037 3419 1075 3485 B.
1094 3419 1143 3486 M.
1161 3422 1195 3484 in
1220 3420 1314 3485 l'alle
1330 3419 1372 3485 de
1389 3420 1534 3493 Privino,
1563 3419 1731 3483 Senonen.
1755 3418 1839 3486 dioc..

491 3526 640 3590 noscitur
653 3525 814 3590 obtinere.
830 3565 873 3573 —
889 3523 964 3589 Fiat
988 3524 1028 3589 R.

535 3630 615 3693 Dat.
630 3630 732 3693 Asin.
753 3649 789 3711 17
806 3628 872 3693 kal.
889 3650 963 3712 aug.
980 3639 1013 3692 a''
1030 3637 1073 3707 9⁰.
1090 3631 1167 3708 (20,
1186 3632 1252 3711 97)

545 3816 692 3898 2025.
1526 3849 1621 3911 1350,
1638 3830 1680 3891 26
1690 3827 1808 3909 juillet.

537 3936 637 4020 Supp.
662 3934 834 4011 Johannes
857 3932 899 3998 de
923 3932 1054 4003 l'emia,
1080 3934 1264 3997 canonicus
1289 3934 1320 3997 S.
1345 3932 1538 4010 Audomari,
1566 3930 1733 3998 llorinen.
1760 3932 1842 3997 dioc..

494 4038 676 4119 quodcum
693 4038 726 4100 in
742 4038 884 4101 ecclesia
897 4037 928 4101 S.
938 4038 1121 4101 Andomari
1138 4037 1290 4123 predicta
1306 4037 1474 4120 quoddam
1491 4036 1649 4110 officium,
1678 4040 1842 4122 subprepu·

494 4141 596 4203 situra
612 4148 855 4223 nuncupatum,
865 4152 1063 4204 consuetum
1079 4162 1139 4225 per
1154 4141 1360 4225 prepositum
1376 4141 1478 4225 ipsius
1493 4140 1644 4208 ecclesie,
1662 4140 1718 4223 qui
1734 4149 1784 4204 est
1795 4156 1843 4223 pro

494 4256 658 4325 tempore,
674 4242 715 4305 de
731 4262 822 4305 anno
838 4242 871 4305 in
888 4263 1024 4316 annum,
1041 4242 1176 4325 ydonee
1192 4244 1331 4308 concedi
1348 4265 1501 4328 persone,
1517 4244 1685 4308 canonico
1700 4242 1842 4308 tidelicet

495 4346 636 4409 ecclesie
663 4345 800 4429 pretate,
825 4346 958 4417 existat,
981 4360 1016 4410 et
1039 4347 1094 4410 ille
1120 4350 1172 4412 cui
1200 4348 1347 4414 officium
1376 4349 1482 4433 ipsum
1508 4347 1713 4421 conceditur,
1738 4356 1842 4433 postea

494 4450 625 4513 decano
640 4463 674 4511 et
690 4449 838 4532 capitulo
854 4450 955 4534 ipsius
970 4451 1110 4514 ecclesie
1120 4450 1242 4516 debeat
1253 4452 1435 4536 presentari
1451 4464 1485 4515 et
1498 4459 1711 4536 presentatus
1726 4472 1785 4536 per
1798 4466 1843 4513 eos

496 4553 538 4616 ad
555 4553 635 4615 illud
662 4551 805 4623 admitti,
829 4552 1058 4636 admissusque
1085 4565 1241 4619 teneatur
1264 4576 1323 4641 per
1335 4557 1561 4637 ,juramentum
1578 4554 1610 4617 in
1627 4555 1771 4619 ecclesia
1786 4555 1842 4638 ipsi

496 4656 713 4741 personaliter
730 4657 1038 4743 residereetipsius
1053 4659 1273 4742 negotiaque
1290 4680 1349 4744 per
1363 4660 1464 4722 alium
1475 4679 1577 4741 qnam
1588 4678 1649 4742 per
1657 4658 1843 4722 canonicum

497 4761 645 4844 ejusdem
661 4761 801 4825 ecclesie
826 4762 972 4825 exerceri
989 4777 1173 4844 nequeunt.
1190 4763 1331 4828 tideliter
1343 4784 1464 4846 genere
1480 4776 1514 4825 et
1531 4762 1656 4825 utiliter
1671 4777 1842 4847 procurare.

497 4877 596 4929 iacet
624 4864 668 4929 ad
694 4886 857 4949 presens;
886 4876 976 4948 quat.
1005 4866 1113 4929 eidem
1140 4865 1289 4942 Johanni
1316 4868 1358 4931 de
1386 4868 1456 4951 ipsa
1483 4865 1755 4951 subprepositura
1782 4879 1841 4929 cunt

499 4969 654 5033 omnibus
665 4970 792 5052 juribus
807 4978 842 5032 et
857 4970 924 5033 suis
939 4970 1149 5055 pertinentiis
1164 4971 1347 5055 dignemini
1363 4970 1536 5056 protidere
1552 4993 1560 5048 ;
1578 4990 1654 5034 cum
1666 4990 1735 5033 non
1753 4971 1842 5033 obst..-

499 5111 541 5118 —
560 5071 634 5135 Fiat
651 5073 677 5135 si
694 5093 763 5136 non
780 5073 822 5136 sit
838 5073 933 5136 alteri
950 5074 982 5136 in
999 5094 1034 5137 re
1047 5075 1100 5158 jus
1117 5075 1293 5157 quesitum.
1313 5075 1352 5139 R.

545 5175 622 5238 Dat.
646 5176 746 5239 ltin.
771 5196 789 5259 7
813 5175 878 5240 kal.
901 5197 975 5259 ang.
998 5186 1030 5240 a*
1056 5188 1097 5241 ιγ’.
1122 5180 1198 5253 ι20,
1225 5181 1306 5261 [S‘t
