4650 6059
940 805 1029 885 1345,
1052 802 1141 870 21-25
1162 803 1336 883 septembre.
1756 808 1819 875 ma

504 960 616 1043 914.
1415 988 1510 1054 1335,
1527 991 1567 1035 21
1584 975 1773 1059 septembre.

497 1079 597 1165 Supp.
625 1075 775 1144 Mathias
799 1076 842 1143 de
866 1074 1017 1156 Colonia,
1040 1075 1141 1161 episc.
1158 1073 1480 1160 Trapensundinen,
1499 1093 1508 1119 ¹
1524 1085 1615 1161 quat.
1635 1077 1729 1164 [nob.
1745 1079 1818 1145 viro

463 1181 600 1261 Iohanni
617 1181 661 1248 de
683 1181 831 1263 Coslaer,
852 1179 943 1247 dom.
958 1180 1001 1248 de
1020 1179 1181 1260 Witham,
1205 1179 1314 1260 militi,
1333 1187 1368 1245 et
1388 1178 1581 1260 Katherine,
1607 1183 1677 1268 ejus
1692 1183 1817 1271 uxori],

465 1284 671 1352 cameracen.
686 1285 785 1366 dioc,
801 1293 893 1371 quat.
909 1306 985 1352 cum
1001 1284 1064 1371 ipsi
1079 1285 1146 1350 sint
1161 1291 1322 1370 provecte
1338 1284 1437 1350 etatis
1453 1292 1488 1350 et
1503 1286 1626 1370 pluries
1641 1288 1762 1353 infirmi
1779 1309 1819 1355 ac

465 1388 589 1470 debiles,
601 1388 645 1455 de
668 1387 786 1456 futuris
801 1390 956 1476 periculis
971 1390 1140 1468 timentes,
1156 1389 1316 1473 quoniam
1331 1388 1401 1454 vita
1417 1396 1452 1453 et
1468 1409 1557 1455 mors
1572 1391 1606 1455 in
1623 1412 1726 1458 manu
1743 1393 1818 1475 Dei,

467 1503 496 1560 ut
517 1495 577 1581 ipsi
600 1503 637 1561 et
662 1495 802 1580 quilibet
825 1496 972 1582 ipsorum
988 1495 1021 1560 in
1037 1502 1192 1580 tempore
1214 1492 1425 1559 necessitatis
1440 1495 1576 1560 valeant
1591 1497 1818 1564 ecclesiastica

467 1607 663 1665 usamenta
679 1599 830 1685 recipere
852 1619 1095 1685 aquoeumque
1111 1599 1294 1680 sacerdote,
1311 1598 1414 1664 etiam
1430 1599 1585 1685 religioso
1601 1602 1654 1666 vel
1668 1602 1818 1683 seculari,

469 1704 619 1770 incorum
634 1703 773 1790 proprio
789 1703 946 1790 hospitio,
960 1704 1032 1789 jure
1048 1712 1162 1770 tamen
1179 1724 1237 1770 sue
1252 1703 1404 1790 parroch.
1421 1704 1503 1770 ec'cl.
1520 1706 1623 1787 salve,
1635 1705 1818 1790 dignemini

470 1807 506 1873 eis
518 1807 690 1873 licentiam
707 1806 880 1894 impertiri.
896 1848 939 1858 —
956 1806 1032 1874 Fiat
1049 1807 1089 1874 R.

504 1910 585 1977 Item
610 1933 708 1998 supp.
734 1910 824 1977 idem
847 1912 949 1998 episc.
974 1912 1074 1997 quod,
1091 1933 1168 1978 cum
1195 1913 1409 1999 episcopatus
1437 1933 1514 1978 suus
1541 1914 1583 1979 sit
1611 1913 1644 1979 in
1671 1915 1821 2001 partibus

473 2014 691 2096 ultramarinis,
703 2024 803 2102 prout
813 2015 852 2081 V.
863 2016 996 2082 noverit
1009 2017 1050 2097 S,
1064 2016 1220 2101 idemque
1233 2018 1334 2103 episc.
1350 2018 1436 2085 adeo
1450 2038 1578 2105 pauper
1594 2019 1715 2086 existat
1731 2021 1820 2105 quod

474 2118 581 2186 litteras
606 2119 809 2207 provisionis
835 2140 893 2186 sue
921 2120 989 2185 lieri
1015 2120 1124 2186 facere
1149 2129 1185 2187 et
1210 2119 1372 2188 redimere
1395 2130 1551 2207 nequeat,
1568 2131 1658 2207 quat.
1685 2125 1820 2210 pietatis

475 2222 577 2290 iutuitu
591 2224 722 2291 litteras
737 2242 835 2310 super
846 2223 944 2310 hujus
959 2224 1152 2311 provisione
1165 2224 1393 2291 conficiendas
1408 2226 1510 2311 gratis
1526 2227 1647 2313 ubique
1663 2228 1820 2315 expedire

476 2327 583 2414 ubique
597 2329 728 2394 restitui
745 2327 905 2394 mandare
920 2328 1102 2413 dignemini
1120 2336 1154 2394 et
1170 2329 1291 2395 velitis.
1309 2371 1351 2379 -
1368 2327 1443 2395 Fiat
1461 2329 1501 2396 R.

507 2431 577 2499 Dat.
593 2452 649 2520 ap.
661 2431 909 2500 villamnovam
930 2453 964 2497 11
984 2432 1050 2500 kal.
1067 2441 1134 2499 oct.
1150 2441 1183 2499 a⁰
1199 2441 1242 2518 4⁰.
1261 2436 1311 2519 (8,
1333 2435 1413 2518 rol).

511 2571 613 2674 915.
1417 2606 1478 2671 134
1480 2604 1511 2668 5,
1528 2606 1569 2652 21
1586 2588 1776 2674 septembre.

503 2690 598 2778 Supp.
624 2698 737 2756 vester
762 2692 899 2757 nuntius
924 2689 1129 2758 Bertrandus
1156 2690 1271 2773 Cariti,
1297 2691 1552 2758 archidiaconus
1575 2692 1661 2776 Augi
1681 2691 1716 2756 in
1737 2694 1819 2758 eccl.

472 2791 705 2880 Rothomagen.
721 2806 743 2876 ²,
764 2794 947 2882 quodcum
964 2794 1162 2861 Guillelmus
1175 2794 1288 2876 Cariti,
1299 2797 1370 2881 ejus
1381 2816 1498 2882 nepos,
1509 2794 1598 2881 prior
1609 2816 1667 2862 seu
1678 2795 1820 2861 vicarius

469 2901 582 2987 capelle
607 2900 640 2969 S.
666 2898 852 2966 Katherine
878 2899 921 2965 de
945 2899 1241 2986 Septemfontibus,
1267 2898 1444 2967 Catureen.
1460 2899 1558 2980 dioc,
1577 2898 1820 2985 permutaverit

467 3024 530 3069 cum
543 3012 660 3071 canet
672 3006 774 3089 preb,
785 3024 870 3087 quos
880 3003 990 3069 dictus
1002 3003 1257 3070 archidiaconus
1268 3004 1462 3091 possidebat
1477 3004 1511 3069 in
1527 3004 1609 3069 eccl.
1620 3002 1819 3084 Tornaeen,

465 3107 630 3192 dictusque
670 3106 878 3186 Guillelmus,
903 3127 993 3172 nunc
1028 3128 1101 3173 can.
1128 3107 1326 3189 Tornacen.,
1353 3107 1472 3173 timeat
1498 3106 1559 3173 sibi
1587 3107 1726 3173 forsitan
1758 3127 1820 3192 pro

465 3224 608 3298 tempore
626 3211 800 3296 inquietari
819 3219 853 3275 et
870 3211 1020 3296 impediri
1038 3212 1071 3275 in
1087 3212 1186 3276 dictis
1202 3233 1274 3279 can.
1286 3222 1320 3277 et
1332 3216 1497 3298 preb.,pr0
1509 3233 1550 3277 eo
1563 3211 1640 3295 quia
1657 3211 1819 3276 beneficia

463 3317 650 3380 nuntiorum
679 3314 765 3379 sedis
789 3324 896 3399 apost.
922 3325 1089 3380 reservata
1105 3315 1270 3391 dicuntur,
1288 3325 1379 3399 quat.
1397 3316 1521 3381 dictam
1537 3316 1820 3402 permutationem

465 3419 676 3504 [confirmare
692 3418 907 3505 dignernini].
925 3456 957 3466 -
977 3418 1053 3483 Fiat
1070 3418 1110 3485 R.

500 3524 578 3588 Dat.
595 3544 648 3608 ap.
663 3522 910 3587 Villamnovam
930 3543 962 3586 11
984 3522 1048 3588 kal.
1066 3533 1132 3589 oct.
1149 3533 1181 3587 a⁰
1198 3531 1240 3608 4⁰.
1258 3529 1308 3608 (8,
1331 3526 1394 3608 13).

505 3660 619 3743 916.
1415 3701 1475 3763 134
1478 3701 1509 3761 5,
1527 3703 1565 3745 21
1585 3683 1774 3767 septembre.

495 3781 598 3866 Supp.
615 3780 788 3857 Jolrannes
812 3780 853 3845 de
876 3778 1021 3860 Biterris,
1039 3790 1234 3867 procurator
1250 3784 1351 3868 episc.
1369 3781 1547 3863 Morimen,
1565 3796 1575 3831 ³
1592 3787 1663 3849 bac.
1682 3785 1713 3847 in
1731 3783 1814 3861 dec,

462 3906 530 3951 tan.
549 3887 640 3971 preb.
658 3883 740 3949 eccl.
757 3882 994 3964 Conseranen,
1008 3896 1097 3969 quat.
1109 3885 1217 3971 ipsum
1231 3887 1263 3950 in
1276 3887 1366 3952 dicta
1381 3887 1463 3951 eccl.
1474 3887 1655 3970 dignemini
1677 3887 1818 3971 amplius

462 3995 622 4056 bonorare
637 4012 646 4069 ;
675 3988 740 4068 off,
766 4009 852 4074 pers,
874 3990 927 4053 vel
956 3989 1281 4055 administrationem
1297 4012 1322 4056 s
1339 4012 1368 4058 c.
1385 3999 1544 4056 consueta
1565 4012 1624 4076 per
1640 3990 1820 4055 canonicos

462 4095 546 4160 dicte
571 4094 713 4159 ecclesie
735 4093 911 4177 gubernari
934 4094 1021 4176 [vac.
1046 4096 1099 4158 vel
1122 4097 1248 4179 vacat]
1271 4094 1411 4161 eidem...
1428 4094 1610 4177 dignemini
1627 4114 1818 4174 reservare;

462 4220 523 4264 non
542 4200 629 4262 obst.
646 4196 736 4282 quod
752 4217 826 4261 can.
844 4204 878 4263 et
894 4200 985 4283 preb.
996 4198 1086 4264 dicte
1099 4200 1180 4263 eccl.
1193 4199 1419 4265 Conseranen.
1433 4220 1472 4264 ac
1484 4218 1556 4262 can.
1570 4201 1629 4262 sub
1643 4218 1717 4283 exp.
1728 4200 1819 4283 preb.

462 4304 539 4367 eccl.
556 4301 734 4384 collegiate
751 4300 940 4365 Castrinovi
957 4301 999 4365 de
1015 4301 1112 4366 Arrio
1124 4311 1158 4366 et
1175 4304 1326 4388 parrocb.
1350 4304 1431 4369 eccl.
1452 4303 1493 4367 de
1511 4301 1636 4382 Carcia,
1654 4302 1685 4367 S.
1703 4301 1818 4387 Papuli

462 4418 489 4471 et
504 4407 682 4471 Dertusen.
699 4404 796 4484 dioc,
813 4405 961 4469 noscitur
977 4406 1138 4471 obtinere.
1155 4447 1197 4454 —
1216 4407 1242 4470 F
1244 4408 1291 4472 iat
1310 4407 1348 4472 R.

501 4512 580 4575 Dat.
597 4531 650 4595 ap.
664 4508 911 4573 Villamnovam
933 4528 965 4573 11
987 4508 1052 4575 kal.
1071 4519 1136 4577 oct.
1153 4518 1186 4576 a⁰
1203 4520 1244 4598 4⁰.
1263 4513 1312 4599 (8,
1335 4513 1414 4599 18*).

507 4650 616 4732 917.
1418 4683 1478 4746 134
1481 4682 1512 4743 5,
1530 4680 1570 4743 25
1587 4663 1775 4748 septmubre.

500 4771 601 4855 Supp.
618 4767 801 4847 Johannes,
819 4766 919 4854 episc.
940 4766 1107 4847 Portuen,
1125 4778 1214 4854 quat.
1235 4768 1353 4857 [Petro
1370 4768 1533 4847 Raolceti,
1547 4789 1619 4852 cap.
1636 4767 1726 4851 suo],
1744 4786 1818 4831 can.

493 4972 513 5018 l.
527 4973 574 5016 Sur
585 4976 623 5016 cet
638 4967 741 5026 esuque,
755 4968 799 5026 qui
812 4967 852 5014 fut
870 4968 1012 5025 suffragunt
1031 4969 1062 5016 de
1081 4970 1207 5029 cambrai,
1225 4971 1280 5016 voir
1299 4970 1383 5017 Revera
1396 4968 1552 5022 laduddr'r'tiira,
1568 4972 1636 5020 1903,
1650 4984 1692 5031 pp.
1705 4968 1819 5015 ale-263.

462 5067 491 5077 -
503 5047 524 5090 2.
537 5046 585 5089 ὃυι
598 5043 622 5089 la
634 5040 733 5088 ianrillo
744 5039 776 5087 ‹le
788 5054 816 5088 ee
828 5054 916 5098 morice,
930 5041 1061 5103 pre‘sumee
1072 5043 1196 5103 ‹l'orlgiuo
1208 5045 1336 5102 italienne,
1350 5047 1405 5091 soit
1416 5045 1447 5091 ‹le
1468 5045 1552 5105 Burep
1570 5042 1690 5105 (Reeueil
1708 5042 1750 5088 des
1766 5044 1819 5086 tam·

464 5131 528 5164 run:
546 5115 576 5161 de
597 5115 624 5162 Iu
647 5112 741 5160 Socldte'
761 5113 849 5162 libre...
869 5114 900 5161 de
919 5114 1015 5173 l'ls'ure,
1029 5120 1053 5164 5‘
1067 5115 1126 5174 ser,
1140 5124 1158 5164 t.
1171 5118 1197 5164 X
1210 5120 1306 5179 (19112),
1320 5119 1362 5180 pn.
1377 5119 1446 5177 1-13)
1462 5134 1467 5168 :
1485 5118 1518 5165 cl.
1537 5115 1684 5168 Sauerlaml,
1698 5130 1723 5162 n.
1737 5116 1800 5161 2209
1814 5129 1820 5171 ;

464 5189 589 5249 louguou,
613 5185 728 5235 Jnuaua
739 5186 770 5235 de
782 5186 808 5235 lu
817 5203 888 5249 pror.
900 5187 931 5235 Aa
943 5188 1036 5249 Rauen,
1051 5204 1076 5251 p.
1088 5193 1119 5238 61
1135 5206 1141 5247 ;
1161 5191 1340 5250 Baumgartom
1359 5191 1512 5248 [biternum.
1532 5204 1574 5252 pp.
1587 5188 1674 5244 uult,
1687 5190 1725 5246 32,
1739 5188 1777 5235 37.
1789 5212 1821 5228 ·-

466 5263 486 5308 d
498 5262 518 5308 ll
529 5263 609 5322 ligure
620 5274 722 5309 comme
734 5260 769 5307 tol
781 5260 803 5308 le
816 5264 845 5308 21
858 5261 951 5309 fe‘vrier
966 5265 1026 5309 1312
1039 5262 1170 5324 (Berlibre,
1184 5266 1281 5314 lateat.
1293 5265 1399 5328 anama,
1413 5280 1437 5313 n.
1451 5266 1509 5324 121)
1523 5280 1528 5316 ;
1541 5265 1596 5318 voit
1608 5278 1633 5319 ιι,
1646 5264 1700 5316 658,
