4650 6059
410 768 472 833 338
834 771 921 843 1347,
945 769 1202 848 absentemur
1224 771 1351 835 octobre.

461 924 561 985 1275.
581 917 668 983 Item
685 939 780 1006 supp.
796 918 885 985 idem
901 919 1174 1004 archiepiscopus
1198 929 1288 1005 quat.
1312 921 1427 1006 nepoti
1455 942 1516 988 suo
1540 922 1721 990 Guillelmo

417 1022 564 1089 Masuier
578 1023 621 1088 de
636 1025 788 1108 parroch.
805 1026 886 1091 eccl.
902 1025 945 1090 de
964 1023 1198 1105 Hastainvilla,
1224 1025 1470 1109 Rothomagen.
1492 1025 1593 1107 dioc„
1620 1049 1693 1096 vac.
1717 1051 1739 1115 p

415 1130 469 1192 ob.
486 1127 665 1211 supradicti
684 1126 832 1209 Roberti,
849 1127 1031 1212 dignemini
1047 1128 1232 1213 providere,
1245 1150 1314 1194 non
1331 1130 1417 1194 obst.
1433 1127 1525 1212 quod
1539 1150 1646 1195 unum
1666 1142 1739 1218 pato

415 1229 560 1315 nagium‚
575 1227 741 1295 Morinen.
757 1231 854 1311 dioc„
870 1231 952 1296 duas
968 1231 1193 1315 cappellanias
1208 1253 1233 1297 s.
1249 1253 1278 1297 c.
1295 1230 1453 1316 Bajocen.
1469 1252 1603 1300 accan.
1626 1244 1661 1299 et
1684 1239 1739 1321 prel

415 1334 497 1400 eccl.
523 1331 802 1415 Montisfalconis,
831 1334 969 1400 Remen.
985 1334 1082 1415 dioc„
1098 1342 1133 1400 et
1149 1356 1220 1401 can.
1238 1336 1319 1402 eccl.
1337 1334 1494 1420 Bajocen.
1510 1338 1571 1403 sub
1592 1358 1667 1423 exp.
1682 1342 1739 1424 prel

416 1437 547 1503 obtinet
568 1457 608 1502 ac
622 1439 700 1503 ben.
715 1439 798 1503 eccl.
814 1437 857 1502 ad
872 1438 948 1503 coll.
964 1437 1157 1502 monasterii
1174 1437 1206 1503 S.
1214 1437 1344 1523 Vigoris
1359 1437 1401 1504 de
1417 1437 1599 1525 Ceraseyo,
1616 1438 1739 1525 Bajocer

416 1541 513 1620 dioc„
524 1540 672 1605 noscitur
687 1549 877 1626 expectare,
890 1562 947 1607 seu
960 1540 1051 1626 quod
1062 1540 1184 1606 existat
1194 1541 1227 1606 in
1240 1561 1278 1607 22
1289 1562 1380 1607 anno
1389 1540 1491 1607 etatis
1499 1562 1636 1609 sue...-
1649 1542 1739 1609 Fiatl

460 1644 539 1707 Dat.
557 1644 656 1708 rivin.
675 1663 692 1727 7
709 1643 776 1709 kal.
792 1653 858 1709 oct.
875 1652 909 1709 a⁰
926 1648 967 1710 6⁰.
985 1643 1058 1727 (14,
1079 1646 1165 1728 115).

470 1780 603 1864 1276.
1377 1810 1471 1875 1347,
1488 1812 1531 1877 ao
1543 1795 1721 1881 septembre.

458 1900 560 1986 Supp.
577 1899 751 1977 Jolrannes
766 1897 903 1977 Galteri,
920 1898 1063 1963 famulus
1078 1898 1247 1982 quondam
1265 1900 1344 1962 bon.
1360 1917 1461 1961 mem.
1484 1894 1577 1962 dom.
1601 1895 1739 1962 cardinali

413 2002 818 2085 Antissiodorensis,quat.
834 2000 1098 2087 [consanguineo
1107 2022 1167 2066 suo
1176 1999 1196 2079 J
1199 2000 1323 2065 ohanni
1337 1997 1490 2080 Beraudi,
1500 1999 1639 2086 clerico]
1654 1998 1739 2064 Leno

413 2106 522 2172 vicen.
538 2107 657 2187 dioc.‚..
673 2106 716 2171 de
732 2126 806 2172 can.
830 2114 865 2170 et
888 2108 979 2190 preb.
1000 2107 1082 2171 eccl.
1106 2105 1137 2171 S.
1154 2104 1244 2169 Petri
1260 2102 1473 2183 Casletensis,
1491 2102 1660 2169 Morinen.
1674 2103 1739 2169 dioc.

419 2233 492 2276 vac.
508 2232 569 2297 per
583 2218 727 2276 mortem
742 2208 762 2287 J
766 2210 907 2276 ohannis
924 2210 1086 2295 Roussey,
1102 2208 1284 2293 dignemini
1299 2207 1476 2294 providere
1482 2229 1491 2287 ;
1505 2228 1575 2273 non
1585 2210 1670 2274 obst.
1680 2226 1739 2291 quor

413 2335 514 2380 unam
538 2315 796 2381 matriculariam
812 2314 998 2380 clericalem
1015 2314 1048 2378 in
1065 2315 1147 2379 eccl.
1172 2313 1385 2378 Aurelianen.
1409 2316 1543 2376 necno'u
1568 2311 1738 2397 capellania

413 2421 454 2484 de
472 2417 606 2503 Nigella
621 2422 736 2485 subtus
753 2417 910 2500 Lensum,
922 2420 1118 2501 Atrebatem
1128 2418 1226 2498 dioc,
1243 2416 1390 2483 noscitur
1406 2415 1568 2481 obtinere.
1581 2456 1625 2464 —
1640 2412 1739 2479 FiatR

457 2523 537 2588 Dat.
554 2522 652 2587 rivin.
671 2543 688 2605 3
705 2521 771 2587 kal.
789 2530 856 2587 oct.
873 2529 907 2587 a⁰
925 2526 966 2588 6⁰.
984 2522 1056 2606 (14,
1077 2523 1164 2605 122).

470 2659 602 2741 1277.
1441 2686 1537 2753 1547,
1554 2690 1574 2733 a
1591 2671 1718 2735 octobre.

456 2778 579 2864 Supp...
595 2776 614 2855 J
618 2777 753 2843 ohanna
769 2776 812 2841 de
827 2774 1056 2854 Claromonte,
1072 2774 1209 2840 domina
1227 2772 1551 2857 Montisgasconis..‚
1568 2781 1660 2856 quat.
1679 2771 1739 2837 dom

412 2882 655 2947 Bartlrolomeo
670 2880 712 2947 de
730 2879 889 2964 Foylhos,
899 2878 1094 2964 presbitero,
1107 2876 1260 2942 familiari
1276 2886 1311 2941 et
1326 2875 1470 2962 emptori
1487 2875 1647 2941 carissimi
1662 2883 1694 2939 et
1705 2872 1739 2937 do

411 2985 492 3051 mini
509 2986 618 3051 fratris
641 2983 700 3064 sui,
724 2983 814 3048 dom.
825 2982 1002 3049 cardinalis
1014 2979 1234 3061 Boloniensis,
1246 2978 1288 3046 de
1301 3000 1374 3045 can.
1388 2988 1422 3043 et
1432 2981 1524 3065 preb.
1534 2978 1567 3044 S.
1584 2974 1739 3063 Gaugorici

410 3088 629 3155 Cameracen.
645 3086 742 3166 dioc,
759 3106 832 3152 vac.
849 3105 908 3170 per
924 3085 1053 3150 obitum
1069 3083 1299 3150 domTlrome
1313 3083 1356 3148 de
1373 3081 1471 3162 Foro,
1488 3081 1544 3165 qui
1560 3091 1656 3147 extra
1672 3080 1739 3145 Rom

410 3194 535 3257 curiam
559 3193 648 3257 diem
673 3191 793 3256 clausit
816 3198 1036 3256 extremum...
1059 3188 1242 3272 dignemini
1268 3187 1443 3276 providere
1459 3209 1467 3266 ;
1484 3206 1553 3251 non
1578 3190 1664 3252 obst.
1679 3202 1739 3269 quo

408 3296 560 3378 parroclr.
587 3295 669 3360 eccl.
696 3296 737 3359 de
763 3294 955 3377 Gleyzoliis,
983 3293 1223 3358 Claromonten
1249 3292 1346 3371 dioc,
1374 3290 1523 3356 noscitur
1550 3291 1739 3357 obtinere.-

411 3398 437 3461 F
440 3400 486 3463 iat
504 3398 544 3463 R.

453 3502 531 3565 Dat.
548 3502 647 3566 rivin.
666 3521 682 3584 5
699 3522 777 3567 non.
795 3509 861 3566 oct.
878 3510 910 3565 a⁰
928 3507 969 3566 6⁰.
986 3505 1059 3584 (14,
1081 3501 1156 3582 128)

465 3638 600 3719 1278.
1437 3668 1532 3736 1347,
1550 3652 1717 3733 ooctooo.

453 3756 551 3822 Motu
565 3756 700 3842 proprio
713 3755 928 3840 providemus
938 3756 1136 3840 Aymonoto
1148 3756 1191 3820 de
1203 3755 1383 3821 Cololento
1395 3766 1414 3836 ¹,
1438 3776 1512 3821 can.
1524 3755 1567 3820 de
1580 3754 1739 3820 Osseriacc

409 3859 557 3926 Melden.
574 3860 671 3939 dioc„
690 3859 732 3924 de
748 3879 822 3924 can.
839 3867 875 3923 et
888 3858 1025 3924 dimidia
1040 3859 1210 3944 prebenda
1222 3859 1253 3924 S.
1265 3858 1354 3923 Petri
1372 3856 1563 3938 Insulensis,
1579 3856 1739 3923 Tomacer

406 3964 503 4042 dioc„
521 3983 594 4028 vac.
611 3970 830 4047 per'mortem
857 3960 1005 4024 Allelmii
1031 3961 1073 4026 de
1098 3959 1303 4042 Belloloco²,
1329 3961 1384 4045 qui
1401 3980 1507 4045 nuper
1522 3968 1617 4026 extra
1642 3960 1739 4027 curiar

406 4067 495 4131 diem
512 4067 629 4133 clausit
646 4074 845 4130 extremum.
861 4105 904 4114 -
921 4063 998 4130 Fiat
1013 4073 1109 4130 motu
1124 4066 1269 4152 proprio.
1287 4066 1326 4130 R.

451 4171 528 4235 Dat.
545 4170 640 4233 Asin.
660 4190 676 4232 2
693 4189 773 4233 non.
790 4177 856 4234 oct.
874 4178 908 4233 a⁰
926 4174 967 4235 6⁰.
985 4170 1057 4252 (14,
1077 4171 1180 4253 127').

462 4304 599 4387 1279.
1428 4334 1522 4401 1547,
1540 4335 1560 4400 7
1584 4319 1720 4382 octobre.

449 4422 537 4506 Sign.
562 4420 709 4498 Jacobus
734 4419 855 4484 Catine
877 4429 912 4485 et
937 4420 1055 4503 Maria,
1079 4422 1147 4486 lilia
1174 4420 1291 4499 Jacobi
1320 4421 1510 4502 Ricouardi,
1525 4420 1739 4488 Tomacenci

404 4526 537 4611 nepotis
562 4524 672 4589 clerici
689 4523 789 4589 vestri
806 4521 825 4600 J
829 4545 859 4589 0.
876 4524 918 4589 de
932 4524 1097 4605 TomacO,
1114 4525 1204 4609 quod
1228 4527 1308 4590 olim
1332 4525 1392 4611 ipsi
1414 4524 1605 4609 ignorantes
1629 4525 1739 4608 aliquo

404 4629 684 4714 impedimentum
700 4628 843 4694 existere
860 4628 950 4712 quod
974 4628 1110 4693 deberet
1126 4629 1212 4694 inter
1228 4651 1286 4695 eos
1301 4628 1554 4693 matrimonium
1570 4628 1738 4714 impedire.

406 4732 456 4819 [in
475 4731 582 4798 tercio
592 4731 893 4815 consanguinitatis
902 4731 1058 4817 gradu]...
1069 4732 1320 4798 matrimonium
1331 4739 1572 4797 contraxerunt
1584 4740 1619 4797 et
1633 4732 1739 4796 insimt

402 4837 597 4902 habitantes
621 4835 750 4919 prolem
775 4835 878 4900 etiam
904 4844 1130 4920 procrearunt.
1151 4874 1184 4884 -
1205 4838 1327 4922 Supp...
1352 4843 1465 4919 quat...
1481 4834 1516 4900 iu
1543 4834 1638 4901 dicto
1652 4834 1739 4899 matri

402 4941 518 5006 monio
533 4938 624 5003 licite
640 4958 814 5003 remanere
834 4941 980 5005 valeant.
996 4980 1036 4988 —
1056 4939 1133 5004 Fiat
1149 4962 1209 5026 per
1232 4941 1447 5006 diocesannm
1463 4939 1489 5004 si
1506 4938 1549 5004 sit
1564 4938 1622 5020 ita,
1634 4939 1739 5023 injunc

433 5141 453 5185 l.
467 5138 523 5186 Cito
535 5154 567 5186 en
579 5139 641 5185 aaut
655 5139 717 5185 1319
729 5152 828 5185 comme
840 5138 913 5185 chan.
926 5138 1025 5199 ‹l'rlgon
1034 5144 1057 5186 ot
1078 5138 1110 5186 ‹le
1123 5140 1293 5188 Salat-Pione
1304 5140 1337 5188 de
1347 5139 1411 5187 Lille
1424 5139 1591 5199 (Hautcoeur,
1607 5135 1708 5193 &aaa
1721 5134 1739 5182 Il

398 5213 504 5272 726).-
517 5214 539 5259 2.
552 5211 609 5260 Cilo
621 5226 652 5259 ou
666 5212 727 5258 1325
740 5210 772 5271 (I
773 5210 801 5269 b,
816 5211 850 5269 ΙΙ,
864 5212 910 5258 639
922 5228 927 5270 ;
939 5212 973 5260 cl.
986 5213 1136 5272 Hautcoem,
1148 5214 1305 5273 Druruncnta,
1317 5215 1383 5275 245).
