4650 6059
958 711 969 733 ὓ
989 774 1078 857 1343,
1101 773 1254 856 lb'juin.
1753 786 1793 849 83

363 960 367 964 -
445 923 526 1008 ipsius
541 926 636 1004 eccl,
653 946 719 1010 que
735 935 833 991 erant
848 934 967 992 tenues
982 935 1017 992 et
1033 927 1145 1009 exiles,
1163 929 1335 1014 preposito
1362 928 1535 997 antedicto
1566 940 1601 997 et
1628 934 1792 1000 archidia-

446 1048 514 1091 cono
536 1028 602 1093 loci
629 1029 739 1094 eciam
765 1031 1063 1112 consentientibus,
1081 1033 1236 1097 univit
1260 1041 1294 1097 et
1322 1033 1354 1096 in
1382 1044 1580 1119 perpetuum
1596 1036 1790 1122 applicavit,

446 1140 524 1215 prout
539 1132 572 1194 in
589 1132 711 1197 litteris
737 1132 814 1198 inde
837 1132 1033 1199 confectis...
1050 1135 1181 1219 plenius
1208 1136 1409 1201 continetur.
1426 1136 1570 1220 Quare...
1586 1159 1681 1225 supp.
1698 1149 1789 1225 quat.
1820 1162 1828 1185 ¹

447 1237 583 1300 unionem
600 1236 792 1321 hujusmodi
809 1237 1024 1321 dignemini...
1041 1239 1271 1303 confinnare...
1295 1277 1326 1286 -
1348 1238 1425 1304 Fiat
1445 1239 1485 1304 R.

478 1338 548 1404 Dat.
563 1340 667 1404 Asin.
686 1360 702 1423 5
722 1340 764 1405 id.
777 1341 865 1424 junii.
877 1349 911 1406 a⁰
927 1350 969 1407 2⁰.
981 1343 1031 1426 (5,
1049 1345 1132 1426 35¹).
1272 1345 1275 1351 ’

384 1531 387 1540 ·
479 1486 589 1571 388.
1494 1522 1588 1587 1343,
1606 1524 1648 1585 15
1657 1504 1744 1585 juin.

366 1596 371 1673 J
390 1636 392 1639 ⁴
472 1605 552 1690 Sign.
578 1606 611 1671 S.
628 1604 669 1671 V.
686 1604 907 1685 Btemardus)
925 1613 944 1684 ¹,
962 1604 1050 1669 tituli
1067 1605 1098 1668 S.
1117 1604 1237 1670 Ciriaci
1254 1605 1287 1669 in
1314 1605 1443 1670 Termis
1459 1608 1567 1692 presb.
1584 1606 1683 1687 card,
1705 1608 1786 1672 olim

376 1723 394 1760 ³-
440 1710 502 1774 eccl.
529 1709 561 1775 S.
590 1708 782 1775 Donaciani
809 1707 987 1791 Brugensis
1014 1720 1033 1787 ²,
1059 1707 1249 1774 Tornacen.
1277 1709 1374 1789 dioc,
1399 1709 1557 1790 decanus,
1585 1710 1676 1794 quod
1705 1711 1809 1777 licet

363 1818 395 1859 ’λ’
429 1810 567 1878 'decanus
582 1812 735 1898 ejusdem
751 1813 845 1892 eccl,
860 1812 916 1897 qui
933 1821 984 1877 est
1000 1833 1062 1898 pro
1077 1822 1242 1898 tempore,
1259 1813 1302 1879 sit
1318 1815 1421 1899 caput
1437 1814 1574 1900 capituli
1592 1816 1674 1880 eccl.
1690 1823 1784 1879 ante·
1835 1859 1839 1876 ,

378 1935 387 1962 2
432 1915 507 1981 dicte
523 1937 564 1982 ac
581 1937 698 1982 curam
714 1924 749 1981 et
760 1916 909 2000 regimen
925 1915 1141 1980 ecclesiarum
1151 1936 1367 2001 personarum
1380 1916 1515 2002 capituli
1526 1937 1640 2001 gerere
1651 1917 1785 1998 habeat,

430 2028 533 2084 tamen
552 2021 632 2105 quia
650 2020 837 2085 decanatus
851 2018 1021 2105 predictus
1047 2018 1111 2084 fuit
1126 2027 1161 2083 et
1185 2027 1237 2084 est
1264 2020 1359 2085 alteri
1376 2040 1477 2104 quam
1501 2021 1667 2085 canonico
1682 2021 1785 2107 ipsius

426 2124 560 2188 ecclesie
577 2124 777 2208 assignatus,
799 2123 872 2206 jura
889 2122 991 2208 ipsius
1014 2123 1156 2188 ecclesie
1181 2144 1250 2187 non
1267 2107 1409 2204 fuerunt,
1435 2123 1610 2210 presertim
1630 2132 1783 2208 tempore

421 2248 623 2310 guerrarum,
640 2247 706 2312 que
723 2228 756 2290 in
773 2227 837 2290 illis
852 2226 1003 2312 partibus
1018 2226 1121 2310 longo
1137 2235 1290 2312 tempore
1312 2226 1516 2311 ingruerunt,
1533 2235 1569 2292 et
1592 2227 1675 2292 alias
1697 2228 1783 2293 sicut

420 2331 566 2417 expedit,
583 2330 785 2395 deffensata.
808 2329 919 2414 Quare
935 2338 1072 2415 propter
1094 2330 1287 2395 evidentem
1308 2331 1411 2417 ipsius
1438 2333 1520 2397 eccl.
1544 2332 1725 2397 utilitatem
1749 2340 1783 2397 et

416 2435 627 2499 eminentem
643 2434 889 2514 necessitatem,
906 2442 941 2498 et
967 2442 1004 2498 ut
1032 2434 1118 2498 inter
1132 2433 1308 2514 decanum,
1326 2435 1382 2519 qui
1408 2436 1470 2500 erit
1493 2456 1555 2521 pro
1570 2444 1732 2522 tempore,
1749 2446 1783 2501 et

414 2539 606 2624 capitulum
622 2547 846 2603 memoratum
863 2536 1010 2602 fraterna
1027 2538 1107 2603 unio
1131 2538 1237 2624 possit
1253 2547 1417 2624 perpetuo
1439 2536 1591 2618 radicari,
1614 2538 1784 2603 humiliter

411 2663 511 2729 supp.
530 2650 625 2726 quat.
641 2642 767 2727 primos
783 2662 858 2708 can.
874 2651 909 2707 et
924 2646 1016 2728 preb.
1033 2642 1066 2706 in
1083 2642 1175 2707 dicta
1203 2643 1285 2708 eccl.
1301 2652 1423 2724 vacat,
1440 2664 1524 2728 quos
1539 2644 1610 2729 ipse
1625 2642 1781 2725 decanus,

410 2748 468 2831 qui
485 2767 582 2811 nunc
598 2754 650 2810 est
665 2747 719 2810 vel
736 2746 799 2810 erit
815 2767 876 2831 pro
892 2756 1055 2831 tempore,
1071 2745 1204 2811 duxerit
1230 2746 1466 2833 acceptandus,
1483 2767 1616 2812 necnon
1641 2746 1779 2811 domum
1826 2760 1829 2766 ’

409 2850 553 2916 claustri
570 2849 774 2935 capitularis
790 2870 889 2934 quam
905 2858 974 2915 tres
989 2850 1108 2915 decani
1126 2871 1203 2914 cum
1219 2870 1309 2915 nunc
1325 2860 1480 2935 presente
1493 2851 1656 2915 hactenus
1666 2859 1781 2915 tenue-

408 2963 502 3034 runt,
520 2954 650 3019 dictam
665 2953 804 3019 domum
830 2954 864 3018 in
889 2953 1127 3019 refectionibus
1153 2954 1267 3019 debite
1294 2953 1497 3033 sustinendo,
1525 2952 1655 3039 prelato
1685 2952 1782 3039 deca-

409 3059 511 3124 natui
528 3080 571 3121 ex
588 3078 678 3123 nunc
694 3078 771 3123 cum
787 3058 997 3142 plenitudine
1009 3059 1091 3142 juris
1106 3057 1260 3124 canonici
1287 3078 1327 3124 ac
1351 3050 1505 3123 omnibus
1517 3056 1643 3140 juribus
1658 3066 1693 3121 et
1708 3076 1772 3141 per·

409 3162 575 3227 tinenciis
591 3171 679 3226 auct.
696 3170 840 3245 apost.et
856 3171 951 3226 motu
967 3164 1102 3247 proprio
1119 3162 1300 3245 dignemini
1319 3162 1563 3247 imperpetuum
1581 3168 1779 3225 connectere

412 3275 446 3330 et
479 3267 587 3344 unire,
604 3266 867 3349 quibuscumque
883 3267 1018 3330 statutis
1046 3276 1080 3330 et
1109 3265 1405 3330 consuetudinibus
1431 3264 1605 3330 contrariis
1632 3264 1779 3348 ejusdem

413 3371 559 3435 ecclesie
572 3371 762 3453 juramento
778 3378 812 3433 et
829 3370 947 3433 ceteris
964 3390 1176 3452 nequaquam
1194 3370 1412 3454 obstantibus,
1426 3379 1460 3432 et
1473 3369 1515 3434 de
1531 3369 1590 3431 illo
1605 3368 1779 3453 presertim

414 3474 505 3557 quod
523 3474 634 3537 careri
651 3474 772 3537 dicitur
788 3475 820 3536 in
843 3474 959 3537 eadem
988 3474 1078 3556 quod
1102 3476 1212 3538 nullus
1241 3475 1360 3538 domos
1386 3473 1573 3556 hujusmodi
1602 3473 1780 3556 impetrare

416 3580 539 3651 ualeat,
557 3578 619 3640 nisi
636 3577 669 3640 in
688 3578 929 3662 impetracione
941 3578 1128 3660 hujusmodi
1147 3578 1189 3641 de
1205 3577 1297 3642 dicto
1313 3587 1441 3641 statuto
1458 3577 1557 3661 plena
1575 3585 1609 3639 et
1626 3596 1780 3659 expressa

363 3749 364 3781 1
418 3682 550 3744 mencio
575 3681 748 3759 habeatur,
766 3702 842 3745 cum
855 3681 926 3744 aliis
942 3702 1009 3745 uon
1025 3682 1235 3744 obstantibus
1247 3692 1281 3745 et
1295 3681 1449 3745 clausulis
1465 3680 1638 3764 oportunis
1654 3690 1688 3743 et
1705 3701 1780 3742 exe-

363 3809 364 3818 *
419 3785 654 3848 cutoribus—
674 3783 748 3848 Fiat
766 3785 804 3849 R.

460 3887 538 3952 Dat.
555 3888 655 3951 Aiin.
677 3908 712 3970 17
729 3887 796 3952 kal.
809 3888 881 3973 julii
895 3896 928 3951 a⁰
946 3896 986 3951 2⁰.
1004 3891 1052 3970 (5,
1070 3900 1151 3971 4o*').

465 4032 708 4118 389·.39O
1478 4066 1517 4118 13
1549 4066 1608 4125 ³,r
1664 4043 1732 4108 'uim

459 4151 561 4236 Supp.
579 4150 624 4234 B(
627 4150 812 4231 emardus),
830 4151 880 4214 tit.
898 4151 929 4214 S.
946 4150 1066 4215 Ciriaci
1084 4152 1115 4213 in
1130 4151 1259 4215 Tenuis
1276 4153 1383 4236 presb.
1401 4118 1508 4225 card,
1518 4064 1776 4235 diauliaeobo

366 4278 375 4402 Ι
421 4255 456 4316 de
471 4255 734 4339 Grundicampo,
753 4258 860 4339 presb.
877 4254 1129 4339 Tomacen.,]...
1143 4255 1185 4318 de
1198 4256 1316 4339 capell.
1329 4254 1504 4337 hospitalis
1517 4255 1547 4318 S.
1561 4252 1580 4329 J
1584 4254 1726 4318 ohannis
1743 4254 1774 4317 in

421 4358 617 4437 (lestburclr,
633 4358 820 4423 Tornacen.
836 4359 933 4436 dioc,
951 4380 1024 4423 vac.
1038 4380 1097 4443 pro
1114 4380 1155 4422 eo
1168 4359 1258 4442 quod
1270 4358 1359 4422 dom.
1373 4357 1575 4422 Benedictus
1591 4379 1646 4443 pp.
1662 4356 1774 4422 xli...

421 4575 449 4629 et
463 4571 555 4652 preb.
573 4567 657 4631 eccl.
674 4567 705 4630 S.
722 4566 806 4630 Piati
825 4566 1049 4644 Siclinnensis,
1061 4565 1150 4629 dicte
1163 4565 1350 4629 Tornacen.
1362 4564 1501 4642 dioc.,....
1518 4562 1650 4648 [quam]
1665 4562 1774 4625 dimit-

421 4681 482 4734 tere
494 4673 718 4748 tenebatur...,
732 4669 913 4752 dignemini
928 4669 1112 4753 prouidere,
1124 4689 1190 4732 non
1203 4672 1288 4732 obst.
1300 4669 1389 4750 quod
1400 4669 1487 4732 idem
1501 4665 1645 4742 Jacobus
1656 4666 1774 4749 capell.

368 4427 386 4804 1
421 4464 560 4544 providit
577 4461 724 4539 Johanni
741 4462 947 4526 Trotemenu
963 4470 983 4539 ³,
997 4463 1073 4525 cler.
1091 4461 1307 4525 Cameraceu.
1324 4461 1420 4536 dioc,
1438 4460 1539 4524 t'amil.
1556 4482 1625 4540 suo,
1642 4461 1684 4524 de
1701 4481 1774 4524 can.

423 4774 449 4837 in
464 4777 547 4841 eccl.
565 4777 597 4839 S.
616 4774 799 4839 Donatiani
817 4773 994 4857 Brugensis
1011 4772 1152 4835 obtinet.
1175 4770 1305 4860 ‘Fiat
1323 4771 1362 4835 R.

375 4961 377 4966 -
458 4919 540 4979 390.
560 4911 648 4975 ltem
661 4932 757 4996 supp.
768 4912 856 4976 idem
870 4912 959 4977 card.
970 4910 1222 4995 qrrat.[Hugorii
1236 4909 1277 4974 de
1289 4909 1548 4994 Gramlicarnpo,
1560 4910 1636 4973 cler.
1649 4909 1774 4972 Toma-

454 5155 471 5201 1'
490 5154 605 5203 Reman!
624 5155 712 5201 (pAlbi
734 5156 836 5216 ([ζῃὺρ]ν
860 5156 877 5205 p
901 5158 936 5205 17¹
959 5157 1009 5210 40).
1083 5153 1289 5210 2.l'l1lrtl,11.iS,
1307 5149 1402 5206 lofrul;
1426 5149 1505 5211 (luitpr.
1520 5146 1634 5205 clornml,
1649 5147 1729 5191 Sti-81.
1746 5172 1776 5178 *-

431 5228 447 5271 3,
457 5227 533 5281 l'idal.
546 5246 571 5277 n.
584 5231 649 5276 ³033
661 5245 667 5286 3
680 5243 703 5275 v.
716 5230 775 5290 plus
787 5229 848 5277 baut
863 5245 887 5277 u.
900 5232 954 5277 316,
