4650 6059
844 777 1132 853 1350,10-'12mai.
1307 865 1310 870 Ι
1425 841 1428 848 ,
1604 775 1673 847 507'

465 935 596 999 eodien.
623 934 721 1013 dioc,
745 933 787 998 de
813 953 885 998 can.
901 940 936 997 et
953 935 1043 1017 preb.
1069 931 1209 998 ecclesie
1236 930 1274 996 Β.
1303 930 1352 998 Μ.
1378 922 1553 1018 Aquensis,
1577 934 1667 1000 dicte

466 1059 495 1103 c.
513 1059 573 1123 per
588 1048 733 1103 mortem
751 1036 900 1101 Bertoldi
916 1035 1034 1101 Ulrici.

462 1143 725 1226 receptationem
742 1141 866 1204 factam
878 1158 938 1224 per
951 1138 1139 1205 Henricum
1152 1139 1285 1204 Gruteri
1298 1139 1340 1204 de
1353 1139 1459 1204 Venle
1471 1140 1513 1205 de
1529 1143 1665 1226 paroch.

462 1244 566 1307 Wilre
579 1245 674 1325 juxta
689 1243 721 1307 S.
737 1241 940 1323 liudonem,
963 1242 1122 1308 Leodien.
1145 1243 1243 1323 dioc,
1267 1263 1339 1309 vac.
1355 1264 1415 1329 per
1431 1247 1484 1309 ob.
1503 1243 1666 1329 Hugolini

461 1474 499 1537 .p.
516 1348 765 1516 Vllaiimlriivam
782 1454 803 1515 8
820 1451 863 1515 id.
879 1450 957 1515 maii
974 1459 1008 1515 a⁰
1025 1454 1066 1515 8⁰.
1084 1451 1156 1532 (18,
1174 1449 1211 1515 P.
1229 1449 1274 1530 ll,
1292 1452 1375 1534 87').

461 1590 504 1670 Ο.
1377 1622 1394 1665 r
1394 1622 1415 1685 3
1415 1622 1471 1684 50,
1488 1623 1529 1666 ro
1545 1606 1623 1668 φησί.

468 1707 642 1784 Johannes
658 1706 871 1790 Canisterper
883 1716 902 1785 ²,
926 1714 1036 1770 rector
1058 1703 1195 1791 paroch.
1223 1706 1305 1770 eccl.
1330 1704 1372 1769 de
1397 1705 1571 1787 Drimilen,
1588 1727 1668 1771 con-

464 1811 585 1889 kensis,
602 1809 762 1874 Leodien.
779 1808 876 1889 dioc,
892 1817 982 1893 quat.
999 1809 1059 1873 sibi
1075 1808 1118 1873 de
1133 1809 1301 1874 decanatu
1315 1808 1413 1874 rurali
1426 1809 1496 1874 sive
1516 1808 1668 1874 christia·

462 1914 517 1978 icti
535 1911 691 1978 conciliib
708 1911 879 1991 Bekensis,
897 1912 989 1996 cujus
1004 1911 1169 1976 fructus...
1187 1912 1288 1977 annui
1315 1911 1499 1978 secundum
1521 1912 1667 1978 taxatio·

462 2019 531 2082 ime
548 2038 587 2101 24
605 2018 675 2081 libr.
691 2037 870 2102 parvorum
894 2016 1063 2081 Toronen.
1088 2036 1155 2081 non
1183 2015 1360 2096 excedunt,
1384 2037 1457 2082 vac.
1474 2015 1518 2081 ad
1531 2036 1669 2102 presens

461 2120 590 2186 Berardi
607 2122 649 2184 de
667 2119 765 2199 Rivo,
782 2120 883 2204 ipsius
898 2118 1080 2184 decanatus
1095 2118 1205 2183 ultimi
1220 2118 1350 2199 decani,
1377 2120 1434 2204 qui
1450 2127 1544 2184 extra
1569 2118 1668 2184 Rom.

461 2225 549 2289 diem
576 2225 695 2289 clausit
719 2232 916 2303 extremum,
940 2222 982 2288 ad
1006 2244 1107 2307 quern
1131 2224 1307 2289 consuevit
1332 2223 1405 2306 quis
1428 2223 1470 2288 de
1485 2224 1669 2289 rectoribus

461 2329 549 2393 dium
577 2328 791 2393 ecclesiarum
814 2327 895 2392 dicti
912 2326 1043 2392 concilii
1060 2338 1070 2361 ⁰
1093 2346 1153 2412 per
1173 2327 1375 2391 electionem
1390 2327 1467 2412 eligi
1483 2337 1518 2392 et
1533 2328 1667 2409 assumi,

461 2434 485 2497 it
499 2434 697 2517 generaliter
721 2433 775 2496 vel
798 2432 988 2516 specialiter
1008 2439 1235 2511 reservatum,
1259 2430 1441 2515 dignemini
1468 2431 1666 2516 providere;

461 2547 482 2601 t.
495 2537 585 2620 quod
600 2536 726 2601 dictam
751 2535 927 2600 ecclesiam
942 2532 1078 2619 paroch.
1095 2543 1130 2599 et
1145 2537 1249 2599 altare
1265 2534 1319 2599 SS.
1337 2534 1481 2619 Philippi
1498 2542 1532 2599 et
1547 2533 1667 2611 Jacobi

461 2640 615 2719 Distensi,
639 2639 728 2704 dicte
744 2638 842 2717 dioc,
858 2647 1015 2703 noscatur
1031 2639 1193 2704 obtinere.
1216 2680 1259 2688 -
1283 2637 1360 2703 Fiat
1385 2638 1425 2704 R.

461 2764 501 2827 rp.
519 2742 768 2806 l'illamnovarn
787 2746 804 2804 6
821 2741 864 2806 id.
880 2741 958 2806 maii
976 2750 1009 2806 a⁰
1026 2743 1067 2806 8⁰.
1086 2743 1157 2825 (18,
1175 2741 1212 2808 P.
1229 2741 1274 2822 II,
1294 2742 1376 2826 65l).

462 2882 479 2957 1
1372 2911 1467 2975 1350,
1487 2913 1528 2956 12
1546 2892 1623 2956 anai.

468 2996 668 3081 Stephanus,
686 2995 864 3060 cardinalis
881 2995 1243 3079 Claromonten.,quat.
1260 2994 1411 3061 Martino
1427 2995 1543 3060 Bencii
1559 2994 1669 3080 provi-

461 3100 590 3163 'nemini
619 3100 660 3163 de
684 3100 823 3184 paroch.
848 3100 929 3163 eccl.
953 3098 994 3163 de
1012 3098 1125 3179 Wilre,
1151 3098 1311 3163 Leodien.
1336 3099 1433 3178 dioc,
1450 3119 1523 3163 rac.
1539 3119 1599 3184 per
1614 3101 1667 3163 ob.

462 3205 469 3266 i
486 3204 597 3267 Tinoli
613 3203 655 3267 de
673 3203 807 3268 Perusio
819 3214 839 3283 ³,
853 3224 916 3286 quc
932 3224 1097 3268 summam
1115 3223 1154 3285 50
1171 3202 1243 3266 libr.
1259 3201 1427 3266 Turonen.
1443 3222 1533 3286 parv,
1550 3221 1668 3265 secun-

461 3307 614 3371 ationem
631 3308 760 3371 decime
784 3307 962 3372 ascendere
978 3306 1204 3390 dignoscitur;
1230 3326 1298 3371 non
1322 3308 1407 3371 obst.
1424 3307 1513 3389 quod
1537 3327 1609 3371 can.
1632 3312 1667 3370 et

465 3411 547 3475 eccl.
565 3409 723 3475 Leodien.
747 3421 903 3476 noscatur
927 3412 1087 3476 obtinere.
1111 3451 1154 3460 —
1178 3410 1254 3474 Fiat
1279 3410 1319 3476 R.

461 3534 501 3598 rp.
518 3513 767 3580 Villanrnovanr
784 3540 803 3599 4
820 3515 864 3579 id.
881 3515 957 3579 maii
975 3524 1008 3578 a⁰
1024 3518 1066 3580 8⁰.
1084 3517 1155 3597 (18,
1173 3513 1209 3580 P.
1227 3512 1272 3593 ll,
1291 3514 1358 3597 71).

461 3651 498 3729 2.
1376 3685 1414 3747 13
1418 3684 1470 3744 50,
1489 3686 1528 3727 12
1545 3663 1622 3728 anai.

472 3768 639 3832 Robertus
656 3768 809 3832 Punefier
824 3769 865 3833 de
883 3768 1053 3833 Liernoir⁴
1069 3777 1160 3851 quat.
1185 3789 1262 3833 cum
1290 3767 1349 3832 sibi
1377 3766 1502 3832 dudum
1525 3766 1567 3831 de
1591 3787 1667 3832 can.

467 3872 606 3937 ecclesie
631 3870 843 3951 Nivellensis,
862 3871 1018 3937 Leodien.
1034 3871 1132 3951 dioc,
1158 3871 1248 3957 apud
1271 3870 1384 3935 sedem
1408 3879 1515 3954 apost.
1540 3891 1599 3954 per
1614 3872 1670 3935 ob.

474 3975 516 4040 de
530 3974 658 4039 Lanate
668 3984 687 4054 ⁵,
701 3976 870 4059 scriptoris
893 3976 1005 4056 vestri,
1021 3995 1107 4054 vac,
1122 3995 1182 4060 per
1204 3975 1236 4040 S.
1253 3973 1292 4039 V.
1308 3975 1478 4059 provisum
1502 3981 1538 4039 et
1559 3981 1670 4037 vestra

461 4087 514 4144 ate
530 4080 772 4163 possessionem
796 4087 966 4144 assecutus
990 4080 1112 4159 fuisset,
1136 4100 1176 4144 ac
1192 4088 1344 4164 tempore
1360 4079 1401 4142 fe.
1423 4098 1470 4143 re.
1496 4076 1670 4142 Benedicti

467 4182 494 4261 I,
518 4182 595 4265 quia
612 4203 678 4246 non
696 4193 791 4248 erant
815 4184 857 4248 ibi
875 4183 1044 4269 prebende
1060 4183 1302 4269 presbiterales,
1320 4190 1482 4247 statutum
1499 4189 1536 4246 ut
1550 4181 1671 4246 dicitur

461 4294 488 4350 et
499 4287 646 4369 juratum
663 4309 702 4351 ac
720 4289 921 4352 auctoritate
937 4297 1044 4372 apost.
1062 4287 1297 4352 confirmatum
1313 4284 1375 4350 fuit
1390 4285 1480 4368 quod
1489 4284 1669 4369 prebenda,

462 4399 623 4454 rosteram
649 4413 751 4475 usque
775 4392 816 4456 ad
839 4401 965 4456 certum
982 4410 1155 4455 numerum
1172 4390 1278 4455 tercio
1293 4396 1429 4454 vacaret
1443 4389 1529 4467 loco,
1546 4388 1669 4473 presbi-

460 4504 473 4559 t
490 4515 565 4559 eam
591 4495 753 4579 recipiens
777 4505 855 4557 actu
872 4494 1033 4577 presbiter
1049 4514 1121 4558 esse
1136 4493 1275 4558 deberet
1290 4513 1329 4556 ac
1346 4491 1435 4556 idem
1453 4490 1620 4556 Robertus
1636 4490 1668 4554 in

477 4619 639 4663 annorum
663 4608 743 4662 tnnc
760 4598 960 4661 constitutus
983 4598 1038 4660 rel
1054 4597 1141 4663 circa
1157 4606 1192 4661 et
1206 4618 1275 4662 non
1291 4596 1462 4682 presbiter,
1479 4595 1534 4679 qui
1551 4593 1670 4660 dehoc

477 4723 554 4768 cunr
581 4703 688 4787 ipsum
715 4712 866 4785 tempore
890 4699 1133 4785 impetrationis
1149 4702 1329 4785 ignoraret,
1345 4699 1469 4764 nullam
1494 4698 1610 4763 fecerit
1635 4700 1669 4763 in

461 4905 517 4954 (bd,
531 4906 643 4954 Consilii.

461 5151 480 5184 r.
494 5138 564 5184 1928.
575 5164 607 5170 —
618 5139 641 5184 2.
657 5137 715 5182 l'oir
728 5151 751 5182 ιι.
764 5139 817 5194 732,
832 5139 900 5195 llll),
917 5138 984 5185 llitl.
1000 5163 1029 5169 -
1047 5135 1069 5184 3.
1083 5135 1144 5182 Voir
1155 5148 1180 5183 n.
1194 5134 1263 5194 1929,
1278 5134 1348 5180 1949.
1360 5160 1391 5167 -
1404 5134 1427 5181 l.
1440 5130 1501 5178 Voir
1516 5145 1542 5181 n.
1556 5132 1625 5179 1799.
1637 5158 1670 5166 -

464 5212 532 5258 1321.
