4650 6059
569 776 630 841 232
979 777 1067 851 1345,
1089 775 1131 843 80
1152 772 1372 854 septembre-ler
1393 775 1519 842 octobre.

622 932 734 1018 923.
1357 1002 1361 1008 .
1529 966 1590 1032 134
1593 966 1624 1029 5,
1638 968 1683 1032 30
1699 951 1889 1037 septembre.

614 1050 702 1135 Sign.
718 1049 901 1131 Johannes,
917 1071 975 1116 rex
991 1049 1140 1131 Bocmie,
1162 1047 1254 1134 quod
1269 1049 1359 1116 dom.
1377 1049 1555 1134 Henricus,
1571 1054 1673 1119 abbas
1688 1055 1884 1121 monasterii
1898 1056 1926 1123 S.

573 1153 717 1220 Huberti
734 1155 767 1219 in
783 1154 943 1221 Ardenna
960 1168 980 1235 ¹,
997 1153 1039 1220 O.
1056 1154 1088 1221 S.
1105 1152 1154 1234 Β.,
1172 1153 1332 1219 Leodien.
1348 1153 1446 1236 dioc,
1472 1156 1645 1224 confidens
1668 1158 1712 1223 de
1735 1160 1884 1228 moribus
1897 1169 1929 1227 et

570 1260 738 1347 probitate
764 1260 909 1345 religiosi
935 1260 996 1325 viri
1021 1261 1059 1327 fr.
1086 1259 1262 1340 Johannis,
1289 1258 1407 1346 prioris
1432 1259 1599 1345 prioratus
1619 1260 1651 1327 S.
1675 1260 1865 1330 Theobaldi
1889 1264 1929 1331 de

571 1364 691 1431 Castro
707 1365 879 1450 portuensi
894 1378 916 1447 ²,
932 1364 1013 1431 dicti
1030 1364 1111 1445 ord,
1129 1364 1270 1430 Remen.
1287 1363 1384 1445 dioc,
1401 1362 1515 1430 dilecti
1540 1363 1689 1450 ejusdem
1705 1366 1801 1450 regis,
1819 1388 1929 1434 curam

571 1479 605 1535 et
629 1469 776 1554 regimen
802 1468 950 1554 ejusdem
974 1469 1149 1555 prioratus,
1177 1469 1270 1554 cujus
1295 1468 1452 1536 ductus...
1470 1489 1532 1534 200
1551 1469 1608 1535 lib.
1633 1468 1745 1551 Paris,
1771 1491 1840 1539 sec.
1862 1480 1929 1539 tax.

570 1573 711 1653 decime,
728 1574 879 1639 valorem
902 1592 1051 1639 annuum
1068 1593 1136 1639 non
1153 1572 1332 1653 excedunt,
1356 1574 1507 1639 consueti
1536 1592 1598 1659 per
1627 1575 1815 1640 monachos
1831 1576 1930 1661 ipsius

569 1678 772 1759 monasterii,
789 1679 882 1764 cujus
898 1678 987 1744 idem
1003 1678 1176 1757 Johannes
1191 1678 1304 1744 existit
1319 1678 1514 1758 monachus,
1530 1678 1714 1762 gubernari,
1731 1698 1810 1744 cum
1826 1681 1930 1745 omni·

568 1786 630 1849 bus
641 1784 768 1869 juribus
790 1789 826 1848 et
841 1782 1053 1867 pertinentiis
1067 1782 1215 1868 ejusdem
1231 1782 1396 1868 prioratus
1419 1782 1512 1848 dicto
1529 1781 1548 1860 J
1552 1782 1677 1848 ohanni
1704 1803 1764 1870 per
1788 1803 1865 1851 suas
1880 1786 1930 1851 lit·

568 1895 657 1953 teras
677 1887 820 1972 gratiose
836 1887 1015 1953 commisit.
1029 1886 1114 1952 Cum
1130 1893 1244 1953 autem
1260 1885 1294 1951 in
1310 1886 1384 1972 ipso
1399 1885 1547 1972 prioratu
1562 1885 1653 1972 pn'or
1667 1889 1883 1954 consueverit
1897 1897 1930 1955 et

568 1992 674 2077 possit
686 2011 747 2077 pro
763 1991 860 2056 libito
875 1991 1061 2057 voluntatis
1076 1991 1206 2058 abbatis
1221 1990 1322 2077 ipsius
1336 1990 1541 2071 monasterii,
1552 1990 1607 2076 qui
1624 1999 1674 2056 est
1689 2012 1752 2077 pro
1766 2000 1929 2080 tempore,

568 2097 695 2163 institui
720 2104 754 2161 et
781 2095 917 2162 destitui
947 2099 989 2162 ab
1015 2094 1144 2175 eodem,
1160 2095 1348 2179 timeatque
1370 2102 1548 2181 propterea
1571 2094 1681 2160 dictus
1706 2096 1807 2182 prior,
1831 2109 1929 2183 prout

569 2202 671 2267 etiam
691 2209 815 2287 posset,
833 2220 894 2287 pro
909 2200 1006 2265 libito
1022 2198 1213 2284 supradicto
1231 2198 1409 2264 abeodem
1430 2198 1578 2284 prioratu
1596 2199 1815 2284 imposterum
1838 2222 1929 2267 arno-

568 2305 647 2385 veri,
664 2325 759 2391 supp.
785 2304 873 2370 idem
889 2326 958 2384 rex,
975 2311 1065 2388 quat.
1090 2300 1200 2370 eidem
1221 2299 1240 2381 J
1244 2302 1368 2368 ohanni
1384 2302 1475 2387 quod
1494 2322 1513 2367 a
1537 2303 1685 2388 prioratu
1700 2303 1855 2388 predicto
1869 2326 1929 2393 pro

567 2408 637 2473 sola
649 2408 824 2473 voluntate
840 2408 970 2474 abbatis
984 2405 1103 2492 prelati
1119 2405 1322 2484 monasterii,
1335 2404 1391 2489 qui
1408 2411 1459 2470 est
1475 2413 1509 2470 et
1525 2405 1588 2471 erit
1602 2426 1665 2491 pro
1679 2414 1843 2493 tempore,
1860 2431 1927 2476 non

568 2513 675 2599 possit
690 2512 800 2601 quoad
817 2511 937 2577 vixerit
952 2510 1111 2591 amoveri,
1127 2509 1310 2596 dignemini
1335 2515 1423 2576 auct.
1439 2519 1547 2595 apost.
1573 2511 1770 2579 concedere.
1786 2554 1830 2563 —
1855 2512 1932 2581 Fiat

571 2616 602 2686 R
617 2626 638 2684 ³.

612 2721 692 2789 Dat.
708 2742 761 2810 ap.
778 2721 1029 2789 villamnovam
1046 2740 1064 2786 2
1081 2719 1147 2788 kal.
1164 2728 1231 2788 oct.
1248 2727 1282 2786 a⁰
1294 2727 1337 2804 4⁰.
1355 2721 1405 2805 (8,
1424 2721 1491 2805 24).

618 2876 733 2962 924.
1519 2905 1614 2972 1345,
1628 2906 1673 2973 3ο
1693 2891 1886 2977 septembre.

609 2997 711 3083 Supp.
728 2994 935 3081 Ingerannus
957 2993 1000 3059 de
1027 2990 1245 3058 Grandisarto
1259 3002 1280 3071 ⁴,
1296 3011 1370 3058 can.
1383 2990 1554 3073 Leodien.,
1571 3002 1652 3077 quat
1675 2993 1736 3059 sibi
1752 2993 1795 3059 de
1815 2996 1926 3081 aliqua

564 3102 665 3188 dign,
677 3120 761 3187 pers.
777 3100 831 3164 vel
848 3099 904 3165 off.
920 3119 979 3166 seu
993 3100 1070 3164 ben.
1086 3097 1168 3164 eccl.
1186 3115 1215 3163 c.
1227 3116 1256 3162 c.
1272 3098 1326 3161 vel
1342 3117 1366 3162 s.
1383 3117 1422 3177 c.,
1439 3096 1569 3163 etiamsi
1586 3116 1659 3165 can.
1670 3101 1809 3183 etpreb.
1821 3098 1927 3181 merit,

566 3214 741 3293 spectante
758 3206 800 3271 ad
817 3205 924 3271 coll...
941 3202 1041 3289 episc.
1052 3201 1223 3283 Leodien.,
1237 3200 1368 3267 etiamsi
1385 3201 1575 3287 hujusmodi
1588 3202 1676 3287 digu.
1693 3202 1735 3268 de
1745 3202 1812 3267 illis
1824 3203 1926 3287 digni·

565 3312 691 3378 tatibus
707 3308 829 3375 existat
845 3330 910 3394 que
926 3307 1005 3373 solis
1020 3308 1198 3374 dumtaxat
1214 3305 1384 3372 canonicis
1409 3305 1569 3372 Leodien.
1586 3306 1761 3373 consuerit
1775 3306 1926 3388 conferri,

566 3415 652 3481 etad
667 3434 750 3500 quas
766 3412 919 3480 canonici
935 3411 1076 3498 predicti
1093 3408 1253 3477 Leodien.
1264 3411 1501 3477 consueverint
1512 3431 1572 3497 per
1582 3411 1783 3477 electionem
1795 3411 1926 3494 assumi,

565 3519 590 3584 si
608 3540 673 3603 que
688 3519 742 3582 vel
770 3517 795 3582 si
819 3517 892 3602 quis
912 3524 969 3582 aut
993 3517 1019 3581 si
1042 3516 1131 3601 quod
1152 3522 1251 3581 vacat
1278 3515 1320 3581 ad
1340 3536 1477 3601 presens
1492 3516 1546 3581 vel
1570 3516 1817 3601 quamprimum
1833 3538 1927 3582 vaca·

565 3624 661 3704 verit,
677 3621 860 3707 dignemini
877 3621 1072 3708 providere3
1089 3641 1157 3685 non
1176 3622 1261 3686 obst.
1278 3620 1369 3705 quod
1392 3620 1480 3685 idem
1498 3618 1702 3705 Ingerannus
1717 3620 1751 3685 in
1769 3619 1928 3687 Leodien.

565 3737 600 3794 et
624 3728 766 3810 Ariensi,
795 3727 962 3793 Morinen.
990 3724 1086 3807 dioc,
1114 3725 1263 3792 ecclesiis
1290 3745 1365 3791 can.
1389 3731 1423 3789 et
1445 3727 1547 3809 preb,
1563 3744 1603 3790 ac
1619 3725 1773 3810 parroch.
1790 3727 1873 3791 eccl.
1888 3726 1929 3791 de

566 3833 706 3899 Druolio
721 3853 826 3919 prope
843 3830 1005 3911 Harenas,
1022 3830 1223 3896 Ambianen.
1239 3829 1336 3910 dioc,
1349 3828 1498 3893 noscitur
1513 3828 1675 3895 obtinere.
1690 3869 1734 3879 -
1752 3827 1829 3895 Fiat
1846 3828 1886 3895 R.

610 3938 688 4003 Dat.
705 3957 757 4022 ap.
775 3936 1022 4001 Villarnnovam
1040 3935 1133 4002 2kal.
1150 3944 1217 4002 oct.
1233 3944 1265 4001 a⁰
1281 3942 1324 4020 4⁰.
1349 3935 1399 4019 (8,
1418 3935 1485 4019 30).

617 4091 862 4175 925-926.
1064 4065 1068 4071 ’
1574 4124 1669 4189 ee,
1689 4106 1885 4171 orooro..

609 4208 699 4295 Sign.
717 4208 947 4295 Raymundus,
966 4206 1134 4275 Morinen.
1150 4208 1262 4295 episc,
1275 4209 1366 4295 quod
1390 4209 1459 4297 ipse
1484 4208 1621 4295 cupiens
1637 4209 1820 4275 utilitatem
1845 4212 1928 4277 eccl.

565 4335 622 4379 sue
640 4311 807 4379 Morinen.
824 4322 1049 4398 augmentare,
1066 4313 1188 4380 habitis
1202 4312 1442 4380 deliberatione
1458 4319 1492 4379 et
1518 4320 1666 4379 tractatu
1683 4334 1759 4379 cum
1776 4314 1928 4401 capitulo

568 4415 736 4484 Morinen.
752 4417 929 4502 diligenter
945 4438 1112 4503 causaque
1129 4416 1275 4504 cognita,
1303 4420 1380 4505 quia
1397 4418 1504 4484 visum
1521 4416 1581 4484 fuit
1608 4417 1734 4483 eisdem
1752 4419 1785 4483 in
1802 4420 1928 4486 utilita-

566 4531 635 4587 tern
663 4521 752 4587 dicte
778 4522 859 4587 eccl.
885 4544 942 4587 sue
969 4522 1165 4605 redundare,
1193 4524 1476 4610 permutationem
1501 4522 1581 4588 fecit
1612 4543 1688 4589 cum
1720 4522 1854 4589 Thoma
1885 4524 1929 4590 de

567 4624 718 4710 Coycka,
735 4625 851 4692 franco
867 4648 927 4713 pro
946 4635 1027 4694 tunc
1044 4629 1179 4693 homine
1196 4627 1276 4693 dicti
1292 4626 1451 4713 episcopi,
1468 4627 1598 4692 ratione
1614 4648 1672 4692 seu
1688 4628 1828 4692 nomine
1845 4631 1929 4697 eccl.

568 4751 625 4795 sue
641 4730 801 4816 predicte,
818 4731 859 4795 de
879 4731 1094 4819 infrascriptis
1121 4735 1218 4798 rebus
1243 4740 1276 4796 et
1301 4732 1333 4795 in
1362 4731 1467 4797 forma
1491 4752 1555 4816 que
1583 4730 1753 4816 sequitur:
1770 4731 1929 4800 m'delicet

565 4836 654 4918 quod
669 4835 777 4900 dictus
792 4834 940 4902 Thomas
956 4836 1084 4902 tenebit
1100 4844 1134 4901 et
1150 4833 1311 4922 percipiet
1328 4835 1485 4920 quamdiu
1501 4835 1594 4900 viret
1611 4835 1779 4902 duntaxat
1795 4838 1927 4903 emolu-

567 4987 815 5001 βψ

599 5087 619 5132 1.
633 5084 711 5132 Heuri
723 5085 755 5131 oe
769 5084 838 5145 Vyle,
859 5087 925 5135 abbe
940 5088 971 5135 ‹lc
985 5088 1120 5134 lala-laos
1143 5088 1188 5148 (ct.
1202 5086 1287 5133 Herae
1304 5085 1393 5142 heroid,
1415 5088 1481 5143 1903,
1496 5101 1520 5148 p.
1534 5087 1599 5146 407).
1620 5113 1651 5121 —-
1672 5090 1695 5135 2.
1715 5087 1777 5135 Voir
1788 5101 1813 5139 n.
1827 5089 1883 5136 tao.
1896 5114 1927 5123 —

564 5160 586 5206 3.
599 5158 782 5283 Ipplrppplllrgquup
793 5165 824 5279 clt1
831 5159 937 5282 lep-'pulle
948 5160 1162 5223 correspondente
1175 5170 1233 5210 sont>
1245 5160 1359 5224 publices
1370 5162 1434 5211 dans
1446 5161 1482 5209 les
1500 5160 1567 5209 lloo.
1586 5160 1639 5211 l'ut.
1652 5159 1725 5218 leel.
1740 5161 1759 5221 I,
1771 5173 1796 5209 u.
1809 5163 1927 5211 ola-520·

563 5257 595 5266 ὰ
629 5268 634 5282 ,
779 5268 784 5279 ,
827 5268 832 5291 ‚
879 5271 885 5284 ,
