4650 6059
478 742 539 805 476
986 735 1076 811 1849,
1097 734 1185 798 13-25
1208 735 1334 799 octobre.

479 888 717 968 Curtracensis,
733 886 921 952 Tornacen.
937 885 1034 965 dioc,
1057 893 1091 948 et
1119 903 1194 948 can.
1211 882 1243 948 S.
1263 882 1351 947 Petri
1380 845 1540 964 Ariensis,
1560 880 1732 974 Morinen.
1745 883 1811 964 dioc,

481 995 541 1058 sub
558 1013 633 1077 exp.
643 994 735 1076 preb.
751 990 900 1056 noscitur
915 988 1077 1054 obtinere.
1090 1026 1133 1036 -
1150 986 1228 1051 Fiat
1245 986 1285 1051 R.

526 1099 603 1163 Dat.
619 1096 718 1161 Avin.
737 1116 754 1179 3
771 1095 815 1161 id.
831 1105 898 1161 oct.
914 1102 947 1159 a⁰
963 1096 1007 1158 8⁰.
1020 1093 1093 1180 (18,
1110 1094 1196 1176 43⁰).

536 1234 670 1318 1831.
763 1265 765 1269 ·
1495 1262 1590 1327 1549,
1608 1264 1650 1327 13
1666 1223 1793 1309 octobre

525 1352 625 1436 Supp.
650 1351 751 1414 lrater
767 1344 948 1431 Remigius,
974 1347 1075 1432 episc.
1104 1345 1338 1431 Gomaclew,
1356 1359 1448 1436 quat.
1481 1345 1637 1413 Henrico
1653 1346 1814 1424 bradelea
1845 1333 1864 1418 ⁴.

482 1454 652 1541 oppidano
669 1451 840 1536 Brugensi,
865 1450 1054 1517 Tomacen.
1070 1452 1168 1533 dioc,
1194 1474 1236 1518 ex
1263 1456 1409 1540 antiquis
1438 1454 1548 1520 amico
1573 1474 1645 1535 su0,
1662 1451 1815 1520 concedere
1853 1445 1869 1520 ᾗ

481 1557 662 1643 dignemini
678 1576 738 1641 per
752 1564 882 1620 vestras
897 1555 1026 1620 litteras
1038 1554 1246 1637 facultatem,
1257 1568 1294 1623 ut
1310 1558 1400 1624 idem
1419 1558 1586 1625 Henricus
1601 1558 1711 1644 possit
1725 1557 1757 1622 in
1768 1574 1817 1642 pro
1852 1549 1869 1634 ,Ῐ

482 1662 554 1748 prio
579 1659 683 1725 fundo
707 1658 900 1744 patrimonii
928 1658 977 1723 sui
1002 1657 1163 1724 debonis
1187 1661 1254 1725 suis
1281 1671 1473 1728 construere
1502 1683 1607 1727 unam
1623 1658 1818 1747 capellanie
1849 1701 1869 1742 ;,.

481 1767 643 1829 honorem
661 1762 699 1828 B.
717 1761 766 1827 M.
783 1760 834 1841 V,
850 1769 885 1826 et
900 1761 1019 1827 dotare
1044 1762 1189 1827 eandem
1214 1764 1248 1828 in
1272 1765 1535 1852 vigintiquatuor
1562 1765 1656 1831 libris
1682 1752 1819 1830 Turonen
1864 1755 1869 1810 j

482 1890 663 1955 parvorum
678 1868 780 1932 annui
797 1875 833 1931 et
848 1865 1001 1951 perpetui
1024 1865 1183 1947 redditus,
1199 1868 1327 1954 sibique
1353 1879 1387 1937 et
1413 1869 1661 1937 successoribus
1688 1869 1754 1935 suis
1766 1886 1819 1934 con·
1863 1857 1869 1863 ’

483 1974 600 2039 cedere
631 1980 795 2057 quatenus
816 1972 871 2056 jus
901 1970 1116 2056 presentandi
1144 1971 1340 2039 addictam
1365 1963 1622 2060 capellamloci
1654 1973 1820 2059 dyocesano

483 2079 697 2164 capellanum
712 2077 895 2162 ydoneum,
911 2074 1049 2140 licentia
1063 2075 1182 2141 decani
1199 2086 1235 2143 et
1252 2079 1388 2164 capituli
1406 2079 1437 2144 S.
1454 2077 1642 2144 Donatiani
1659 2074 1820 2162 Brugensis
1864 2073 1869 2135 1

483 2182 517 2246 in
544 2202 686 2265 quorum
713 2186 896 2265 patronatu
920 2178 1111 2262 hujusmodi
1135 2181 1339 2246 territorium
1366 2182 1491 2261 existit,
1512 2181 1654 2246 minime
1680 2178 1820 2265 requisitu.
1867 2232 1869 2236 ,

484 2285 651 2371 pertineat
668 2285 700 2348 in
718 2283 874 2360 futurum,
898 2282 971 2365 jure
983 2289 1098 2346 tamen
1119 2284 1336 2367 parrochialis
1351 2284 1503 2363 ecclesie,
1519 2284 1553 2350 in
1570 2304 1638 2367 qua
1660 2276 1818 2369 hujusmodi
1862 2299 1869 2340 f

485 2391 614 2475 capella
629 2388 789 2466 extiterit,
805 2406 937 2472 semper
952 2386 1057 2451 salvo.
1069 2426 1112 2434 —
1129 2385 1206 2452 Fiat
1223 2387 1263 2453 R.

529 2492 610 2557 Dat.
626 2492 727 2556 Asin.
744 2511 762 2574 3
779 2490 822 2555 id.
839 2497 906 2554 oct.
922 2495 956 2553 a⁰
973 2490 1015 2553 8⁰.
1032 2488 1104 2572 (18,
1120 2490 1191 2574 46).

540 2628 681 2714 1832.
1500 2659 1652 2727 1549,17
1668 2641 1792 2707 octobre.

531 2747 632 2832 Supp.
659 2743 818 2810 Matheus
844 2741 959 2823 Barra,
986 2743 1148 2829 presbiter
1174 2742 1360 2811 Tornacen.
1384 2745 1482 2826 dioc,
1510 2754 1603 2829 quat.
1628 2745 1694 2812 sssoi
1718 2744 1757 2812 de
1767 2745 1820 2808 ben·
1865 2743 1869 2749 '

489 2851 571 2916 eccl.
596 2849 639 2914 ad
664 2848 761 2915 coll...
786 2847 922 2933 capituli
953 2846 1094 2912 ecclesie
1125 2846 1343 2914 Cameracen.
1377 2848 1560 2933 dignemini
1598 2848 1777 2934 providere.
1793 2878 1821 2893 a

490 2953 731 3123 Flaldaddllvin.
752 3060 788 3120 16
805 3054 872 3119 kal.
885 3075 964 3120 nov.
981 3061 1014 3119 a⁰
1030 3056 1073 3119 8⁰.
1090 3055 1162 3140 (18,
1179 3057 1264 3141 49⁰).

545 3196 687 3281 1833.
1499 3227 1595 3291 1349,
1612 3227 1653 3270 21
1671 3207 1798 3271 octobre.

537 3312 636 3378 Motu
652 3312 786 3398 proprio
802 3310 1011 3394 indulgemus
1035 3310 1187 3377 Henrico
1208 3311 1250 3376 de
1266 3310 1376 3376 Lewis
1391 3330 1412 3391 ³,
1430 3304 1830 3392 Leodien.dioc.,mag.i11

492 3417 595 3481 theol.
613 3424 647 3480 et
663 3416 696 3479 in
713 3423 775 3479 art.
786 3422 821 3476 et
837 3414 870 3476 in
886 3413 1052 3479 medicina
1067 3414 1131 3495 lic,
1145 3414 1235 3498 quod
1251 3415 1454 3481 auctoritate
1465 3422 1653 3480 nostrarum
1668 3414 1833 3485 litterarum

493 3519 753 3605 apostolicarum
766 3516 826 3582 sibi
843 3517 885 3582 de
902 3538 976 3583 can.
989 3521 1048 3584 sub
1072 3540 1147 3604 exp.
1159 3521 1251 3604 preb.
1262 3527 1297 3584 et
1310 3519 1484 3603 dignitatis
1501 3539 1560 3584 seu
1576 3516 1679 3583 officii
1695 3514 1836 3582 Leodien.

493 3624 776 3689 ecclconcessam
788 3622 991 3708 prebendam
1005 3622 1105 3707 ipsius
1121 3622 1262 3688 ecclesie
1278 3623 1526 3709 quamprimum
1542 3617 1839 3707 vacaverit...possit

492 3738 677 3814 acceptare,
705 3748 772 3792 non
799 3729 884 3792 obst.
911 3724 1137 3790 reservatione
1165 3733 1224 3791 aut
1251 3726 1462 3792 ordinatione
1490 3726 1783 3811 quibuscumque...
1806 3760 1839 3769 -

494 3834 571 3899 Fiat
586 3832 628 3897 de
644 3830 923 3896 reservationibus
939 3829 1138 3915 specialibus
1153 3850 1213 3914 per
1228 3851 1290 3894 nos
1306 3829 1402 3895 factis
1426 3829 1467 3895 R.
1484 3869 1527 3877 —
1545 3827 1621 3894 Fiat
1637 3828 1680 3893 R.

537 3937 616 4002 Dat.
633 3936 733 4001 Avin.
754 3956 790 4000 12
814 3932 882 3999 kal.
899 3953 978 3999 nov.
995 3940 1029 3998 a⁰
1045 3935 1085 3998 8⁰.
1103 3933 1175 4017 (18,
1195 3934 1262 4017 55).

547 4075 691 4159 1834.
1499 4103 1595 4168 1549,
1614 4104 1657 4165 25
1673 4085 1807 4149 octobre.

536 4193 637 4276 Supp.
664 4188 905 4271 G(uillelmus),
937 4187 1127 4253 vicecomes
1151 4185 1331 4252 Bellifortis
1358 4196 1392 4251 et
1409 4185 1517 4268 Mote,
1544 4196 1635 4272 quat.
1651 4187 1844 4254 decanatum

494 4297 638 4360 ruralem
654 4292 695 4357 de
713 4290 887 4376 Hemaya,
904 4290 991 4356 dioc.
1008 4290 1281 4370 Cenomanen.,...
1295 4312 1395 4374 quem
1407 4311 1493 4376 mag.
1509 4289 1629 4357 Petrus
1644 4291 1688 4357 de
1706 4291 1844 4365 Foresta,

493 4400 620 4463 electus
635 4406 669 4461 et
685 4405 860 4482 promotus
885 4415 945 4480 per
960 4394 991 4460 S.
1008 4392 1048 4459 V.
1065 4394 1098 4458 in
1122 4394 1318 4479 episcopum
1343 4394 1529 4460 Tornacen.
1545 4406 1556 4442 ⁴
1572 4394 1716 4474 obtinet,
1743 4394 1845 4479 digne·

492 4503 573 4566 mini
590 4521 758 4565 reservare
775 4497 1013 4564 conferendum
1036 4517 1122 4580 mag.
1139 4496 1279 4581 Symoni
1295 4498 1336 4562 de
1353 4496 1464 4577 Vares,
1478 4496 1695 4563 Lemovicen.
1711 4497 1795 4564 dioc.
1810 4534 1846 4544 -

494 4604 571 4669 Fiat
594 4603 635 4668 R.

537 4708 614 4773 Dat.
631 4707 730 4771 Avin.
748 4708 766 4771 8
790 4705 858 4770 kal.
875 4726 953 4770 nov.
969 4712 1001 4769 a⁰
1025 4707 1069 4769 8⁰.
1093 4706 1164 4788 (18,
1184 4706 1250 4789 55).

525 4953 545 4998 l.
559 4950 631 4998 Remi
643 4949 676 4997 dc
688 4949 817 5004 Florencc,
831 4947 863 4995 ‹le
876 4946 974 4994 l‘Onlrc
986 4947 1031 4994 (les
1045 4947 1157 4994 llrmites
1168 4945 1200 4993 de
1222 4947 1245 4993 S.
1265 4947 1401 5004 Augustin,
1424 4944 1524 4993 nomme
1536 4944 1636 5006 dieque
1654 4945 1688 4995 de
1700 4945 1845 4995 commuto

491 5025 594 5086 (Italic)
613 5024 636 5072 le
656 5026 688 5070 22
707 5021 764 5083 juin
784 5023 846 5068 1349
867 5020 973 5082 (Eubel,
995 5020 1015 5078 l,
1035 5020 1103 5079 206),
1124 5017 1250 5068 transfere
1269 5021 1284 5067 b
1303 5020 1396 5068 Pisone
1416 5018 1441 5067 lo
1459 5021 1491 5067 26
1511 5018 1575 5067 avril
1595 5020 1659 5068 1357
1677 5019 1732 5082 (ab,
1744 5019 1847 5080 4203-

492 5101 515 5147 2.
532 5098 639 5146 Famille
660 5097 792 5156 brugcmise
815 5095 874 5142 bien
892 5108 999 5142 comme.
1024 5093 1066 5140 Un
1079 5094 1159 5142 Henri
1181 5092 1302 5141 Brerleric
1323 5094 1404 5154 ligure
1424 5093 1448 5141 le
1467 5091 1604 5141 bofevrier
1616 5094 1678 5142 1361
1692 5089 1847 5153 (luteam

492 5170 649 5217 archimede
661 5170 687 5216 la
702 5168 760 5216 cille
768 5166 799 5215 de
812 5167 919 5229 Bruqer,
931 5168 1043 5225 tiburtes,
1057 5172 1076 5215 t.
1089 5168 1123 5225 ll,
1135 5183 1159 5231 p.
1172 5167 1224 5227 76).
1233 5195 1264 5201 —
1275 5167 1297 5214 3.
1310 5166 1372 5213 Voir
1384 5180 1409 5214 n.
1423 5167 1492 5226 1580,
1507 5167 1577 5216 1804.
1588 5194 1621 5205 -
1638 5168 1662 5216 4.
1673 5164 1846 5216 1101111λῖθί
