4650 6059
575 795 631 862 152
1093 794 1180 867 1344,
1203 791 1278 857 u-ll
1299 791 1416 859 rainer.

574 947 712 1032 perinde
737 947 881 1013 valuisse
908 956 943 1013 et
969 948 1092 1026 valere,
1108 964 1149 1011 ao
1164 945 1191 1011 si
1207 944 1289 1010 dicti
1306 945 1461 1012 canonici
1483 966 1581 1032 supra
1606 944 1736 1013 dictum
1761 968 1937 1018 numerum

575 1050 674 1136 positi
702 1072 770 1116 non
796 1051 959 1130 fuissent;
984 1061 1019 1118 et
1045 1066 1113 1116 non
1144 1053 1232 1116 obst.
1261 1048 1356 1116 dicto
1385 1066 1525 1117 numero
1554 1052 1804 1135 canonicorum,
1836 1058 1938 1121 etiam

574 1154 600 1217 si
629 1155 737 1218 adhuc
762 1174 830 1219 non
857 1163 945 1220 esset
971 1155 1154 1220 deventum
1182 1153 1226 1219 ad
1251 1152 1360 1238 ipsum
1383 1170 1569 1234 numerum,
1593 1156 1677 1221 alias
1700 1158 1774 1243 ipso
1797 1179 1939 1226 numero

575 1257 607 1319 in
625 1278 685 1322 suo
701 1261 818 1322 robore
834 1260 993 1324 duraturo
1010 1282 1018 1338 ;
1034 1268 1069 1323 et
1086 1257 1159 1322 aliis
1173 1257 1327 1323 omnibus
1338 1258 1547 1342 supradictis,
1561 1278 1601 1325 ac
1613 1260 1672 1325 lite
1684 1281 1751 1345 que
1762 1281 1863 1347 super
1874 1265 1938 1331 hoc

574 1363 714 1426 vertitur
732 1363 819 1427 inter
841 1372 965 1448 partes,
980 1364 1014 1427 in
1032 1384 1097 1447 qua
1114 1362 1157 1427 ad
1174 1362 1277 1426 libelli
1292 1362 1476 1443 dationem,
1494 1384 1534 1429 ac
1546 1364 1728 1448 juramenti
1745 1366 1938 1454 calumpnie

574 1467 825 1550 prestationem,
842 1476 876 1532 et
892 1468 1107 1533 articulorum
1135 1464 1389 1546 exhibitionem,
1414 1474 1449 1530 et
1475 1467 1518 1532 ad
1544 1469 1723 1534 nonnullos
1743 1470 1828 1535 alios
1839 1480 1942 1537 actus

575 1579 625 1635 est
641 1592 843 1656 processum.
859 1614 903 1621 -
919 1570 995 1637 Fiat
1013 1571 1052 1637 R.

619 1674 698 1739 Dat.
715 1676 815 1740 Asin.
832 1697 912 1741 non.
929 1676 1009 1741 sebr.
1025 1680 1059 1739 a⁰
1076 1681 1118 1739 2⁰.
1135 1674 1188 1753 (4,
1209 1675 1295 1757 177).

626 1812 741 1893 659.
1614 1844 1710 1908 1344,
1722 1843 1743 1905 5
1751 1826 1894 1913 sttrrt'er.

617 1929 718 2015 Supp.
745 1929 902 2009 Jacobus,
918 1930 1020 2015 episc.
1042 1927 1188 1993 Brixien.
1206 1938 1224 2007 ¹,
1241 1934 1331 2011 quat.
1352 1926 1508 2013 [Jacobs
1525 1926 1696 2011 quondam
1715 1928 1880 2015 Hugolini
1894 1932 1931 1997 de

572 2033 673 2111 Attis,
689 2034 803 2118 nepoti
814 2033 901 2120 su0,]
913 2035 955 2100 de
971 2031 1288 2119 archipresbiterum
1300 2031 1476 2116 collegiate
1489 2031 1595 2117 plebis
1611 2032 1771 2098 secularis
1787 2035 1819 2100 S.
1833 2034 1882 2101 Μ.
1894 2037 1930 2101 de

572 2135 798 2218 erarantulis,
817 2137 1011 2221 Regimen.)
1036 2137 1134 2217 dioc,
1157 2153 1272 2203 curam
1295 2135 1482 2201 animarum
1505 2136 1664 2216 habente,
1680 2136 1724 2202 ad
1746 2159 1848 2222 quern
1865 2140 1930 2225 quis

572 2242 747 2305 consuerit
763 2261 822 2325 per
833 2241 923 2305 riam
940 2240 1115 2304 electionis
1135 2238 1267 2317 assumi,
1290 2237 1347 2321 qui
1369 2237 1510 2302 durante
1525 2239 1751 2307 reservatione
1775 2243 1929 2321 biennali,

570 2365 630 2429 per
650 2346 702 2409 iel.
724 2366 788 2410 rec.
804 2345 894 2409 dom.
910 2343 1102 2421 Johannenr
1118 2362 1241 2428 papum
1264 2338 1380 2420 XXII,
1395 2341 1437 2407 de
1460 2343 1616 2409 omnibus
1640 2344 1930 2431 archipresbitera-

570 2448 658 2512 tibus
674 2469 713 2513 ac
725 2448 956 2533 personatibus
968 2455 1004 2512 et
1015 2445 1106 2531 dign.
1118 2446 1152 2511 in
1168 2444 1320 2532 partibus
1336 2444 1400 2510 illis
1414 2446 1512 2528 facta,
1528 2468 1588 2532 per
1602 2457 1747 2514 mortem
1765 2451 1930 2534 quondam

569 2551 658 2617 dom.
687 2551 849 2617 Bonifacii
873 2552 916 2617 de
944 2550 1060 2635 RegiO,
1088 2548 1196 2614 ultimi
1221 2547 1489 2634 archipresbiteri
1506 2550 1596 2616 dicte
1611 2552 1728 2637 plebis,
1749 2554 1887 2619 vacavit
1901 2564 1932 2619 et

569 2656 680 2722 adhuc
707 2664 818 2736 vacat,
842 2655 1025 2741 dignemini
1052 2653 1229 2739 providere
1244 2675 1253 2732 5
1271 2673 1349 2719 ‘non
1380 2655 1465 2718 obst.
1489 2653 1579 2738 quod
1606 2654 1695 2720 idern
1720 2654 1872 2732 Jacobus
1900 2658 1931 2721 in

570 2758 726 2848 Brixien,
744 2782 784 2825 ac
800 2761 831 2824 S.
849 2760 941 2826 Pauli
955 2758 1143 2836 Leodien.²,
1154 2764 1188 2821 et
1200 2758 1230 2821 S.
1242 2755 1415 2822 Gertrudis
1428 2756 1632 2824 Nivellensis
1640 2768 1661 2840 ³,
1674 2779 1715 2825 ac
1725 2760 1757 2825 S.
1768 2759 1934 2838 Johaunis

568 2864 610 2930 de
623 2866 806 2945 l'ontirolo,
818 2865 977 2931 Leodien.
990 2873 1025 2929 et
1039 2861 1268 2931 Mediolanen.
1277 2861 1365 2927 dioc.
1375 2862 1534 2940 ecclesiis,
1546 2883 1620 2927 can.
1633 2870 1668 2927 et
1679 2866 1773 2947 preb.
1785 2866 1934 2930 noscitur

571 2970 734 3034 obtinere.
751 3010 794 3018 —
811 2969 888 3034 Fiat
905 2970 944 3034 R.

613 3071 690 3137 Dat.
708 3074 806 3138 urin.
821 3094 902 3139 non.
918 3073 999 3138 febr.
1016 3079 1050 3137 a⁰
1067 3081 1109 3137 2⁰.
1126 3073 1178 3154 (4,
1199 3072 1284 3153 188).

621 3211 740 3293 660.
1606 3242 1702 3306 1344,
1719 3225 1892 3312 effarier.

613 3328 714 3412 Supp.
731 3326 915 3405 Johannes,
928 3333 1028 3390 natus
1041 3326 1186 3391 condam
1203 3326 1350 3392 Conradi
1365 3327 1408 3391 de
1425 3326 1544 3404 Ponte,
1561 3327 1638 3392 cler.
1655 3326 1818 3394 Leodien.
1835 3329 1932 3406 dioc„

568 3430 696 3492 nullum
722 3433 798 3493 ben.
825 3430 907 3493 eccl.
933 3436 1114 3507 assecutus
1130 3428 1261 3495 habens
1276 3450 1378 3495 unam
1394 3449 1454 3514 per
1469 3430 1584 3494 omnia
1600 3430 1634 3494 in
1650 3431 1767 3515 gratiis
1782 3452 1934 3497 commu-

569 3533 666 3596 nibus
678 3544 712 3597 et
725 3533 876 3597 inutilem
889 3532 1040 3597 totaliter
1049 3533 1278 3614 collationem,
1291 3541 1383 3618 quat.
1394 3532 1454 3598 sibi
1464 3532 1506 3598 de
1516 3534 1670 3618 parroch.
1681 3536 1764 3600 eccl.
1773 3535 1817 3601 de
1831 3534 1859 3599 F
1860 3536 1933 3611 ebe,

568 3635 658 3699 dicte
685 3634 844 3700 Lemlien.
868 3635 966 3716 dioc,
991 3657 1065 3702 vac.
1091 3637 1124 3701 in
1150 3638 1251 3717 curia,
1267 3658 1329 3723 pro
1349 3658 1392 3703 eo
1412 3637 1503 3722 quod
1518 3636 1693 3714 Jolrannes
1707 3637 1751 3703 de
1768 3637 1897 3704 Banow
1913 3650 1932 3718 ⁴,

568 3741 704 3805 ultimus
716 3747 826 3806 rector
847 3741 1005 3825 ejusdem,
1022 3748 1073 3805 est
1089 3751 1260 3807 assecutus
1273 3742 1417 3826 pacifice
1432 3762 1506 3807 can.
1522 3749 1557 3807 et
1572 3744 1663 3827 preb.
1681 3742 1712 3807 S.
1732 3740 1883 3809 Matemi
1899 3745 1932 3810 in

569 3846 650 3909 eccl.
668 3845 839 3925 Leodien,
855 3844 1037 3929 dignemini
1053 3844 1238 3930 providere.
1255 3879 1298 3893 —-
1315 3844 1391 3911 Fiat
1408 3844 1448 3910 R.

613 3948 691 4013 Dat.
708 3949 806 4013 svin.
824 3951 842 4012 8
860 3948 903 4013 id.
919 3948 1000 4015 febr.
1016 3957 1050 4015 a⁰
1066 3958 1108 4015 2⁰.
1125 3952 1178 4031 (4,
1199 3951 1286 4031 189).

621 4085 729 4167 661.
1583 4120 1678 4185 1344,
1695 4121 1736 4166 12
1744 4102 1887 4189 fitrrr'er.

612 4201 712 4286 Supp.
727 4203 859 4281 Paulus
884 4223 1005 4282 comes,
1020 4199 1231 4267 ambasiator
1254 4191 1426 4280 Ludorici,
1443 4200 1528 4286 regis
1545 4201 1816 4289 Ungarie,-quat.
1836 4203 1931 4292 [nob.

568 4304 639 4368 riro
656 4304 827 4371 Walthero
843 4307 885 4371 de
902 4306 1050 4390 Lynepe,
1075 4304 1144 4390 lic]
1164 4307 1197 4369 in
1218 4314 1290 4386 art,
1307 4302 1480 4370 Colonien.
1505 4303 1602 4387 dioc,
1624 4305 1667 4373 de
1691 4307 1780 4393 dign.
1798 4309 1831 4373 in
1848 4311 1930 4374 eccl.

567 4406 786 4491 Argentiuen.
799 4409 979 4493 dignemini
993 4406 1187 4492 providere;
1204 4424 1272 4472 non
1290 4410 1376 4474 obst.
1390 4410 1479 4493 quod
1491 4410 1600 4475 eidem
1612 4410 1788 4478 Walthero
1799 4412 1843 4478 de
1855 4434 1930 4479 can.

567 4520 602 4577 et
629 4516 720 4598 preb.
748 4513 895 4598 ejusdem
921 4514 1001 4577 eccl.
1033 4521 1083 4578 est
1110 4516 1279 4600 provisum
1310 4524 1344 4580 et
1375 4515 1466 4599 quod
1492 4537 1566 4582 can.
1594 4524 1629 4582 et
1658 4519 1750 4602 preb.
1781 4516 1816 4582 in
1847 4519 1930 4584 eccl.

567 4614 786 4693 Curtcrcensi,
803 4615 963 4680 Leodien.
979 4615 1076 4696 dioc,
1093 4618 1241 4683 noscitur
1256 4618 1472 4684 obtinere—
1489 4618 1566 4685 Fiat
1583 4619 1623 4686 R.

610 4719 690 4784 Dat.
707 4720 806 4783 i-lrin.
826 4740 841 4783 2
859 4717 901 4783 id.
919 4718 998 4785 febr.
1016 4726 1048 4785 a⁰
1065 4728 1106 4786 2⁰.
1125 4723 1177 4806 (4,
1197 4727 1380 4807 209-209‘).

619 4857 732 4939 662.
1585 4877 1887 4963 1344,14fae⁵vrier.

609 4976 710 5061 Supp.
737 4985 887 5041 oratores
912 4977 1022 5060 vestri,
1048 4973 1166 5043 Petrus
1190 4975 1355 5056 Johabnis
1382 4980 1424 5044 de
1452 4979 1635 5062 Florentia,
1656 4982 1768 5063 legum
1800 4980 1931 5063 doctor,

564 5095 796 5110 -—————

598 5152 619 5205 l.
630 5148 741 5209 Jncqncs
759 5152 823 5201 Arri,
837 5158 862 5207 ψ
880 5153 907 5197 :tl
929 5160 978 5200 oct.
998 5154 1059 5199 13⁴4
1078 5152 1183 5212 (Euboi,
1198 5153 1217 5213 l,
1233 5152 1298 5212 152).
1312 5180 1331 5187 v·
1355 5156 1376 5201 2.
1399 5152 1481 5212 Virlnl,
1496 5168 1520 5202 n.
1533 5155 1588 5204 885.
1602 5182 1632 5188 —
1644 5156 1666 5202 3.
1675 5144 1779 5216 'hlcrllnh
1793 5171 1819 5205 n.
1832 5158 1887 5205 386.
1900 5185 1929 5192 -

563 5232 586 5271 4.
600 5223 699 5275 Kirscb,
715 5222 788 5281 hall„
802 5229 848 5271 2⁴51
863 5242 868 5282 ;
884 5226 1011 5282 burmann
1027 5227 1069 5282 lv,
1083 5228 1138 5274 328.
