4650 6059
568 803 624 869 121
1068 806 1162 881 lala.
1186 805 1274 872 21-22
1297 805 1425 874 octobre

607 957 732 1042 553-
1576 995 1671 1059 1333,
1688 996 1727 1040 21
1747 977 1887 1042 octobre.

612 1075 674 1140 B¹¹¹⁰
698 1081 804 1161 pater.
822 1073 907 1138 Cum
938 1073 969 1139 S.
995 1073 1045 1154 V,
1068 1075 1115 1141 ad·
1141 1075 1281 1161 supplic.
1313 1075 1413 1157 Petri,
1443 1075 1529 1162 regis
1544 1077 1749 1164 Aragonum,
1775 1082 1854 1148 cler.
1870 1101 1930 1147 suo

569 1180 717 1246 Gerardo
733 1178 843 1243 Brune
858 1178 900 1244 de
918 1178 1036 1265 Dyest,
1053 1177 1213 1245 Leodien.
1229 1179 1327 1262 dioc,
1338 1182 1371 1246 in
1387 1184 1498 1247 rotulo
1518 1182 1806 1269 supplicationum
1821 1185 1930 1270 capel·

569 1286 721 1349 lanosum
737 1292 771 1348 et
794 1282 988 1347 clericorum
1015 1283 1116 1368 ipsius
1141 1285 1229 1369 regis
1256 1300 1276 1365 ¹,
1293 1305 1340 1369 gr.
1365 1285 1482 1352 fecerit
1508 1285 1550 1352 de
1576 1289 1652 1353 ben.
1678 1289 1761 1354 eccl.
1785 1309 1815 1354 c.
1832 1309 1861 1354 c.
1876 1289 1929 1353 vel

569 1410 593 1455 s.
610 1412 649 1469 c.,
666 1391 841 1475 spectante
855 1387 897 1453 ad
913 1387 1010 1454 coll...
1026 1388 1221 1474 archiepisc.
1237 1398 1272 1455 et
1296 1410 1369 1476 cap.
1385 1392 1468 1457 eccl.
1494 1389 1728 1473 Terraconen,
1745 1393 1930 1458 communi-

568 1503 619 1557 ter
635 1496 688 1557 vel
704 1494 846 1575 divisim,
863 1496 1023 1579 usquead
1040 1499 1080 1562 80
1097 1497 1152 1562 lib.
1169 1495 1248 1561 Tur.
1264 1495 1394 1581 perusi
1411 1515 1441 1561 c.
1457 1514 1496 1575 c.,
1509 1503 1545 1561 et
1560 1516 1602 1581 40
1618 1496 1644 1562 si
1661 1517 1686 1561 s.
1702 1517 1732 1562 c.
1749 1496 1909 1562 existeret
1919 1519 1928 1576 ;

569 1620 711 1683 cumque
728 1600 771 1664 ad
787 1600 979 1665 instantiam
1007 1600 1153 1684 ejusdem
1181 1599 1267 1684 regis
1292 1599 1326 1663 in
1342 1598 1494 1684 predicto
1520 1599 1929 1685 supplicationumrotulo

569 1702 599 1766 S.
614 1699 652 1764 V.
669 1702 740 1766 sim.
756 1723 803 1787 gr.
820 1712 854 1767 et
870 1706 930 1769 sub
947 1703 1063 1768 eadem
1079 1703 1157 1769 data
1173 1702 1289 1768 fecerit
1304 1701 1324 1779 J
1327 1704 1434 1767 acobo
1449 1702 1491 1767 de
1503 1700 1706 1784 Mediavilla,
1713 1705 1793 1770 cler.
1804 1702 1929 1770 Gerun-

568 1805 644 1871 den.
661 1805 757 1885 dioc,
774 1815 809 1871 et
825 1807 913 1872 idem
929 1806 1085 1888 Jacobus,
1112 1807 1304 1893 priusquam
1331 1805 1440 1871 dictus
1467 1805 1634 1871 Gerardus
1649 1828 1726 1873 suas
1741 1805 1929 1891 hujusmodi

568 1909 673 1993 gratie
689 1910 748 1974 sibi
765 1909 853 1975 facte
875 1911 1003 1976 litteras
1027 1910 1228 1997 apostolicas
1254 1910 1506 1996 presentaverit,
1523 1920 1558 1977 et
1580 1911 1628 1978 sic
1650 1911 1802 1998 predicta
1816 1913 1929 1998 gratia,

564 2013 677 2077 'eidem
695 2013 842 2080 Gerardo
869 2012 966 2092 sacta,
991 2013 1115 2080 inutilis
1141 2013 1184 2079 sit
1210 2013 1340 2094 effecta,
1369 2035 1432 2079 nec
1456 2020 1593 2101 propter
1616 2016 1682 2081 hoc
1707 2016 1930 2102 reportaverit

569 2117 630 2182 nisi
657 2118 788 2182 labores
814 2125 849 2182 et
872 2138 1034 2204 expensas
1058 2139 1099 2184 ex
1126 2139 1189 2198 ea;
1214 2138 1309 2204 supp.
1341 2118 1429 2183 idem
1455 2138 1522 2198 rex,
1553 2126 1644 2203 quat.
1674 2119 1861 2206 predictam
1883 2139 1928 2204 gr.

570 2220 721 2286 inutilem
754 2221 814 2306 ipsi
843 2220 992 2286 Gerardo
1022 2221 1064 2286 ad
1097 2222 1225 2302 utilem,
1256 2221 1282 2286 si
1316 2220 1488 2308 placuerit,
1520 2222 1730 2305 reducentes
1761 2244 1838 2289 eam
1869 2223 1927 2288 sibi

569 2334 699 2391 mutare
714 2326 895 2412 dignemini
911 2326 953 2391 ad
969 2347 1008 2391 ea
1019 2329 1106 2407 ben,
1123 2347 1188 2411 que
1214 2325 1296 2405 dec,
1313 2325 1501 2412 prepositus
1525 2334 1560 2391 et
1583 2326 1655 2412 cap.
1671 2326 1754 2392 eccl.
1770 2325 1927 2392 Leodien.

569 2430 694 2495 habent
719 2432 868 2496 conferre
894 2430 1118 2496 communiter
1132 2430 1186 2494 vel
1210 2426 1343 2494 divisim
1360 2428 1392 2493 in
1418 2430 1500 2495 eccl.
1526 2427 1708 2496 Leodien...
1723 2451 1733 2510 ;
1750 2451 1820 2496 non
1846 2433 1928 2498 obst.

571 2535 660 2619 quod
685 2535 772 2599 idem
799 2535 963 2601 Gerardus
978 2537 1055 2600 ben.
1079 2534 1161 2599 eccl.
1178 2554 1207 2598 c.
1233 2553 1261 2598 c.
1289 2534 1343 2597 vel
1368 2553 1392 2598 s.
1418 2554 1458 2613 c.,
1485 2541 1642 2618 spectans
1668 2532 1711 2600 ad
1737 2535 1836 2601 coll...
1859 2534 1928 2601 dec.

571 2647 605 2701 et
635 2660 707 2724 cap.
738 2640 819 2705 eccl.
851 2640 881 2704 S.
909 2637 1029 2703 Albani
1064 2635 1314 2717 Namurcensis,
1341 2635 1491 2723 predicte
1525 2634 1685 2703 Leodien.
1715 2636 1814 2719 dioc,
1844 2646 1927 2704 auct.

571 2742 754 2807 litterarum
770 2751 953 2808 vestrarum
970 2742 1122 2806 informa
1137 2760 1321 2827 pauperum
1337 2738 1379 2805 sit
1395 2747 1586 2826 expectans
1604 2741 1776 2827 cujusdem
1792 2741 1927 2827 gratiam
1970 2775 1974 2782 ·

571 2846 824 2931 expectationis,
841 2868 917 2913 curn
944 2847 1015 2930 ejus
1039 2845 1172 2925 effectu,
1198 2842 1237 2909 V.
1254 2843 1296 2925 S,
1312 2844 1355 2910 de
1381 2843 1534 2930 ampliori
1561 2842 1652 2910 dono
1675 2844 1795 2930 gratie,
1823 2843 1929 2911 valere
1970 2849 1974 2890 ‘·

566 2948 737 3029 ‘decemat
755 2973 822 3016 non
839 2955 924 3017 obst.
941 2948 1130 3035 hujusmodi
1147 2969 1237 3035 spec.
1253 2968 1311 3033 gr,
1329 2969 1395 3032 que
1408 2946 1469 3033 ipsi
1486 2945 1635 3015 Gerardo
1651 2947 1720 3013 fieri
1736 2950 1930 3035 postulatur.
1972 2953 1974 2960 '

571 3095 613 3103 -
631 3054 705 3120 Fiat
724 3055 763 3121 R.

616 3158 694 3224 Dat.
711 3160 808 3224 Avin.
830 3181 865 3223 12
883 3158 950 3225 kal.
966 3180 1044 3224 nov.
1060 3165 1093 3223 a⁰
1110 3166 1151 3223 2⁰.
1169 3158 1217 3242 (3,
1236 3159 1325 3242 265).

624 3297 739 3378 554.
1582 3327 1677 3391 1343,
1694 3327 1734 3372 21
1752 3307 1892 3373 octobre.

619 3413 719 3499 Supp.
737 3412 856 3492 Guid0,
873 3413 924 3478 tit.
941 3412 972 3477 S.
990 3411 1114 3478 Cecilie
1130 3413 1238 3496 presb.
1254 3408 1372 3490 card.¹,
1388 3415 1479 3496 quat.
1495 3410 1556 3476 sibi
1573 3409 1724 3477 conferre
1751 3410 1931 3498 dignemini

576 3518 817 3604 preposituram
834 3516 1047 3602 Brugensem,
1057 3515 1244 3581 Tornacen.
1256 3509 1354 3597 dioc,
1370 3536 1443 3581 vac.
1455 3535 1515 3601 per
1524 3519 1578 3582 ob.
1589 3516 1758 3601 quondam
1768 3515 1932 3583 Ottoboni

576 3622 618 3688 de
635 3622 782 3702 Carret0,
799 3622 878 3686 olim
894 3621 1053 3708 prepositi
1070 3635 1090 3702 ³,
1118 3628 1153 3684 et
1168 3640 1228 3705 per
1253 3618 1343 3684 dom.
1367 3616 1387 3696 J
1391 3620 1559 3685 ohannem
1582 3641 1703 3707 papam
1719 3617 1836 3702 XXII,
1852 3628 1932 3687 tem·

576 3748 657 3812 pore
674 3748 740 3811 quo
766 3725 874 3791 dictus
898 3725 1092 3791 Ottobonus
1117 3723 1359 3812 preposituram
1384 3725 1522 3790 tenebat
1548 3723 1700 3807 eandem,
1729 3745 1746 3806 9
1772 3724 1840 3791 kal.
1863 3725 1932 3812 julii

575 3840 670 3917 pont.
687 3831 735 3895 sui
751 3840 784 3897 a⁰
803 3839 864 3915 13⁰,
889 3830 1076 3916 specialiter
1100 3837 1313 3894 reservatam.
1340 3868 1384 3876 -
1410 3825 1494 3909 Fiat,
1520 3836 1554 3894 et
1579 3828 1811 3915 dispensamus
1836 3828 1878 3897 R.
1893 3832 1933 3879 -'-

577 3934 652 4001 Fiat
670 3934 709 4001 R.

619 4039 696 4104 Dat.
713 4040 812 4105 Avin.
834 4060 869 4103 12
887 4039 951 4104 kal.
968 4060 1045 4104 uov.
1062 4047 1095 4104 a⁰
1111 4045 1153 4103 2⁰.
1172 4041 1220 4123 (¹3,
1238 4039 1342 4122 267*').

626 4181 738 4262 555.
1583 4147 1737 4273 1343522
1752 4189 1893 4254 octobre.

620 4299 720 4383 Supp.
739 4296 905 4361 Henricus
921 4296 962 4360 de
980 4295 1133 4375 Culento,
1153 4295 1330 4361 archidiac.
1348 4293 1515 4360 Morinen.
1532 4312 1553 4373 ⁴,
1575 4300 1665 4378 quat.
1681 4291 1742 4357 sibi
1759 4312 1935 4358 conserva·

577 4400 695 4465 toriam
714 4403 896 4465 concedere
921 4399 1102 4484 dignemini
1129 4409 1164 4464 ut
1189 4400 1220 4464 in
1247 4399 1352 4464 forma
1371 4397 1503 4463 concilii
1520 4395 1726 4461 Viennensis.
1742 4432 1786 4441 -
1803 4394 1880 4462 Fiat
1895 4396 1935 4461 ad

576 4505 753 4583 triennium
773 4502 812 4568 R.

622 4608 697 4673 Dat.
714 4608 813 4672 Aviti.
835 4629 867 4671 11
887 4607 952 4672 kal.
969 4629 1046 4672 nor.
1063 4615 1095 4671 a‘'
1112 4616 1152 4672 2⁰.
1172 4609 1219 4690 (3,
1238 4608 1326 4690 268).

626 4747 740 4830 556.
1582 4776 1600 4819 1
1601 4774 1644 4839 33
1645 4775 1678 4838 3,
1696 4773 1737 4818 22
1754 4755 1895 4820 octobre.

619 4867 719 4951 Supp.
737 4865 910 4950 Philippus
925 4864 966 4928 de
982 4863 1134 4941 Arbosi0,
1151 4862 1297 4927 decanus
1322 4860 1508 4946 Brugensis,
1533 4867 1623 4946 quat.
1652 4877 1742 4944 mag.
1771 4856 1874 4924 Petro
1895 4857 1936 4924 de

610 5051 629 5096 l.
642 5050 703 5096 l'on·
717 5064 740 5096 11.
753 5051 807 5096 217.
822 5077 824 5080 -
864 5050 886 5095 2.
899 5048 957 5107 (luy
969 5045 1001 5092 do
1016 5045 1150 5105 Roulognc.
1163 5029 1193 5078 '-
1206 5046 1228 5092 3.
1243 5042 1333 5091 l'rbvbt
1346 5060 1376 5091 cu
1393 5046 1452 5092 1317
1466 5044 1563 5105 ((1111131.
1577 5040 1693 5100 eburnei,
1707 5041 1752 5102 72)
1764 5041 1798 5092 :il
1811 5043 1853 5089 lut
1864 5041 1936 5097 chau,

575 5128 597 5167 ct
613 5123 812 5170 :rrcbidiacu-‹lo
832 5119 1192 5180 111110111111111111,1111.»
1225 5120 1247 5167 1.
1269 5119 1289 5165 11
1308 5119 1345 5165 lut
1370 5117 1459 5180 pressit
1478 5118 1510 5165 do
1529 5120 1552 5164 ὃ.
1576 5116 1710 5175 Drmatieu,
1729 5115 1887 5164 orchidiaere
1905 5114 1938 5162 dc

577 5196 646 5243 11111111
652 5212 707 5252 »urm
719 5200 748 5258 1(
754 5199 790 5243 bm
792 5213 817 5258 p.
826 5196 918 5250 11111111..
933 5196 972 5251 Tb)
986 5198 1010 5236 ct
1023 5191 1179 5240 archirliacrc
1191 5193 1222 5239 dc
1235 5192 1352 5240 Condroz
1373 5197 1386 5239 11
1407 5190 1482 5252 Libge
1494 5191 1639 5252 (Bonnans,
1654 5189 1704 5244 111.
1720 5191 1829 5240 11181111
1842 5190 1937 5244 Tbeux,

576 5272 609 5319 11.
623 5274 673 5330 37).
1474 5298 1476 5302 -
