4650 6059
1396 415 1502 660 h

1503 659 1555 784 h

925 779 1012 853 1350,
1035 777 1266 858 1318101001.
1563 809 1590 868 χ
1708 773 1770 839 189

466 925 612 1009 1869.
1424 958 1519 1023 1350,
1536 961 1576 1023 15
1588 875 1713 1021 Jhgere.
1729 967 1772 976 -·

455 1044 559 1129 Supp.
574 1043 748 1121 Johannes
762 1044 804 1110 de
822 1044 1052 1123 Falcomonte‚
1068 1045 1160 1123 baro,
1177 1025 1267 1128 duat.
1295 1041 1461 1129 [Waltero
1476 1043 1519 1108 de
1535 1013 1782 1318 111011οᾺ

407 1148 537 1234 bitero]
556 1147 770 1216 cameracen.
786 1147 884 1228 dioc,
899 1147 941 1213 de
956 1150 1033 1212 ben.
1046 1147 1129 1212 eccl.
1144 1167 1174 1212 c.
1195 1167 1224 1212 0.
1240 1146 1295 1211 vel
1311 1167 1336 1211 s.
1352 1167 1393 1227 0.,
1412 1145 1521 1233 [cujus
1546 1147 1671 1213 fructus
1688 1151 1706 1213 8

1668 1251 1706 1317 B.

409 1272 440 1317 c.
459 1253 515 1316 vel
533 1270 574 1335 50
590 1272 614 1317 s.
631 1272 661 1317 c.
676 1251 749 1319 libr.
765 1250 934 1316 Turonen.
950 1249 1059 1336 paru]
1077 1270 1145 1316 non
1162 1249 1340 1330 excedunt,
1356 1249 1399 1315 ad
1416 1251 1491 1315 coll.
1509 1250 1645 1336 capituli
1783 1321 1789 1338 .

409 1356 688 1441 Antweipiensis,
704 1355 794 1435 dicte
809 1354 908 1435 dioc,
923 1353 1106 1438 dignemini
1121 1352 1297 1439 providere
1313 1376 1322 1433 ;
1346 1374 1415 1419 non
1439 1356 1523 1419 obst.
1541 1374 1614 1419 can.
1631 1363 1665 1419 et
1681 1359 1772 1441 preb.
1789 1339 1833 1444 X

410 1459 554 1526 ecclesie
569 1459 601 1525 S.
618 1458 775 1524 Rumoldi
789 1457 1055 1538 Machliniensis,
1067 1457 1158 1523 dicte
1170 1458 1267 1537 dioc,
1284 1477 1382 1543 super
1392 1456 1509 1542 quibus
1526 1458 1558 1521 in
1573 1457 1670 1522 Rom.
1684 1459 1774 1523 curia
1833 1445 1870 1531 b.

409 1564 561 1629 noscitur
575 1564 714 1649 litigare.
724 1603 766 1614 —
783 1562 859 1630 Fiat
876 1561 916 1628 R.
1870 1531 1918 1642 h..

454 1668 535 1733 Dat.
550 1668 651 1733 Avin.
666 1667 712 1733 id.
724 1667 853 1751 januar.
868 1673 902 1731 a⁰
918 1668 961 1731 8⁰.
979 1666 1050 1749 (18,
1071 1666 1175 1751 122¹).
1918 1647 1957 1734 b.

463 1821 608 1903 1870.
1422 1852 1517 1917 1350,
1536 1835 1575 1896 16
1585 1831 1728 1913 jonvier.

453 1940 557 2025 Supp.
584 1939 747 2024 P(etms),
772 1937 874 2024 episc.
902 1936 1127 2017 PenestrinuS,
1144 1945 1235 2022 quat.
1260 1935 1344 2002 duas
1359 1945 1540 2023 perpetuas
1557 1937 1770 2022 capellanias

408 2063 496 2128 quas
512 2030 629 2108 Petrus
652 2042 694 2108 de
711 2042 742 2107 S.
759 2042 865 2107 Paulo
881 2050 890 2075 ¹
907 2041 941 2106 in
957 2040 1106 2110 ecclesiis
1130 2040 1162 2106 S.
1178 2039 1199 2117 J
1201 2040 1345 2106 ohannis
1371 2049 1406 2105 et
1434 2041 1464 2106 S.
1483 2039 1660 2106 Michaelis
1683 2039 1772 2105 Gan-

408 2147 533 2228 densis,
548 2146 736 2213 Tomacen.
761 2145 860 2227 dioc,
876 2145 957 2211 dum
977 2145 1107 2211 viveret
1134 2145 1318 2226 obtinebat,
1345 2144 1388 2210 de
1415 2145 1533 2230 quibus
1558 2144 1706 2209 Amaldo
1730 2143 1772 2209 de

410 2250 443 2316 S.
460 2250 578 2331 Paulo,
595 2251 650 2335 qui
667 2271 726 2316 eos
740 2257 860 2336 postea
870 2248 1062 2333 resignavit,
1078 2256 1114 2313 et
1129 2247 1251 2314 deinde
1267 2248 1368 2315 Petro
1385 2248 1488 2334 Dray,
1505 2248 1627 2313 clerico
1643 2249 1773 2334 capelle

408 2354 493 2420 dicti
509 2354 668 2440 episcopi,
685 2354 741 2438 qui
757 2353 791 2417 in
808 2354 899 2419 curia
915 2352 1009 2432 obiit,
1025 2352 1197 2438 provisum
1224 2352 1347 2433 extitit,
1363 2352 1443 2418 licet
1469 2351 1530 2437 ipsi
1548 2350 1716 2416 Amaldus
1738 2360 1773 2416 et

408 2456 530 2522 Petrus
545 2477 602 2523 eas
616 2476 685 2521 non
701 2456 824 2521 fuerint
839 2455 992 2534 assecuti,
1009 2453 1159 2520 conferre
1175 2453 1358 2538 dignemini
1375 2453 1527 2520 familiari
1540 2475 1601 2520 suo
1611 2454 1772 2520 continuo

408 2560 629 2626 commensali
646 2559 776 2637 Jacobo
792 2560 833 2625 de
848 2559 1073 2624 Abbatisvilla
1089 2570 1112 2639 ²,
1128 2557 1251 2623 clerico
1266 2557 1483 2624 Tomacensi.
1498 2599 1542 2608 —
1559 2557 1635 2624 Fiat
1653 2559 1692 2628 R.

453 2665 533 2729 Dat.
549 2665 649 2729 Avin.
670 2682 706 2747 15
724 2662 792 2729 kal.
807 2663 888 2727 febr.
904 2670 937 2728 a⁰
954 2665 996 2727 8⁰.
1013 2663 1085 2745 (18,
1106 2663 1194 2743 126).

462 2819 599 2901 1871.
1418 2850 1513 2914 1350,
1531 2831 1727 2915 1810110101.

452 2939 600 3003 Rutulus
625 2937 895 3022 resignationem.

453 3042 556 3107 Pater
568 3042 633 3109 8³¹⁰.
649 3041 814 3125 Dignetur
830 3039 862 3104 S.
873 3037 913 3104 V.
929 3036 1105 3123 providere
1117 3037 1335 3123 infrascriptis
1346 3038 1496 3125 personis
1505 3038 1547 3104 de
1557 3024 1772 3124 infrascriptis

406 3147 582 3211 beneficiis
597 3166 671 3210 vac.
688 3166 746 3230 per
762 3144 900 3209 liberam
916 3141 1175 3225 resignationem
1203 3140 1327 3206 factam
1348 3141 1381 3205 iu
1398 3142 1552 3206 manibus
1568 3141 1770 3224 G(uillelmi)

406 3250 451 3315 de
468 3249 597 3330 Bordis,
615 3249 646 3314 S.
663 3248 702 3313 V.
718 3247 851 3313 notarii.

453 3352 542 3417 Item
560 3352 709 3418 Roberto
738 3351 871 3414 Punfier
897 3350 939 3415 (10
955 3347 1117 3427 Liemoir,
1146 3348 1268 3413 clerico
1296 3348 1456 3417 Leodien.
1480 3350 1577 3430 dioc,
1606 3351 1647 3416 de
1679 3370 1771 3436 perp.

406 3460 577 3543 capellan.
593 3457 706 3522 altaris
722 3455 759 3520 B.
778 3454 827 3520 M.
855 3455 907 3519 siti
926 3455 958 3518 in
975 3455 1116 3518 ecclesia
1134 3454 1164 3517 S.
1183 3452 1325 3518 Dionisii
1342 3453 1513 3533 Leodien.,
1530 3455 1771 3539 1000011001-

404 3562 603 3647 gnationem
621 3560 743 3625 factam
771 3581 831 3644 per
856 3558 1042 3623 Walterum
1070 3559 1112 3624 de
1141 3559 1313 3624 Hemtinis
1329 3570 1349 3637 ³,
1366 3567 1446 3623 tuuc
1471 3559 1560 3624 dicte
1586 3559 1771 3644 capellanie

406 3666 585 3751 capellani,
603 3666 636 3728 in
654 3664 807 3728 manibus
822 3662 963 3748 predicti
980 3662 1107 3728 domini
1124 3662 1164 3728 G.
1182 3673 1216 3727 et
1232 3662 1419 3741 admissam,
1437 3672 1501 3727 etc.

451 3770 532 3833 Dat.
549 3769 648 3833 Avin.
669 3788 704 3851 15
724 3767 790 3831 kal.
807 3767 887 3831 febr.
904 3775 937 3830 0Ο
954 3770 996 3831 8⁰.
1014 3768 1085 3850 (18,
1108 3769 1193 3851 127).
1237 3807 1240 3820 .

461 3921 1510 4018 1872·1873.1350,
1530 3936 1572 3997 18
1580 3933 1725 4015 Juirzu'er.

450 4042 597 4105 Rutulus
615 4047 910 4127 perurutatiorurm.

450 4145 507 4208 S¹¹¹⁴'
535 4143 644 4210 Pater.
673 4145 837 4229 Dignetur
862 4147 895 4209 S.
925 4146 964 4212 V.
993 4147 1167 4232 providere
1195 4144 1411 4230 infrascriptis
1440 4143 1590 4228 personis
1620 4142 1661 4206 de
1692 4144 1769 4207 ben.

407 4249 542 4313 inferius
558 4249 739 4313 nominatis
754 4272 827 4315 vac.
844 4271 902 4335 per
929 4250 1172 4334 resignationes
1200 4248 1307 4315 factas
1332 4268 1430 4313 causa
1457 4246 1711 4332 permutationis
1734 4247 1767 4310 in

405 4352 563 4416 manibus
578 4351 668 4416 dom.
685 4350 726 4416 G.
742 4352 784 4417 de
801 4352 929 4432 Bordis,
945 4354 1093 4438 ejusdem
1111 4354 1143 4418 S.
1159 4354 1323 4419 notarii...

451 4454 542 4519 Item
558 4475 634 4519 cum
650 4455 800 4521 Thomas
817 4457 989 4523 Eustachii
1006 4458 1047 4523 de
1064 4458 1238 4522 Sarbonno
1258 4478 1351 4543 perp.
1375 4456 1597 4542 capellaniam
1612 4456 1644 4519 iu
1662 4458 1768 4521 eccle-

408 4560 455 4624 sia
480 4559 523 4624 de
539 4559 685 4640 Siclinio,
701 4559 890 4628 Tomaceu.
917 4562 1014 4643 dioc,
1031 4571 1065 4627 et
1092 4561 1290 4626 Guillelmus
1311 4559 1500 4626 Lucratoris
1525 4581 1598 4624 cau.
1615 4570 1649 4623 et
1676 4563 1767 4646 preb.

409 4662 549 4727 ecclesie
566 4662 597 4726 S.
615 4661 767 4727 Marcelli
783 4685 887 4750 prope
904 4664 1046 4730 Parisius
1062 4685 1102 4730 ac
1129 4685 1222 4751 perp.
1238 4665 1402 4750 capellan.
1418 4666 1460 4731 de
1475 4665 1608 4747 Jonval,
1627 4667 1767 4733 Remen.

410 4766 505 4845 dioc,
522 4786 581 4850 per
597 4786 632 4830 se
649 4766 738 4851 ipsos
753 4767 843 4832 dicta
860 4790 919 4834 sua
946 4769 1111 4834 beneficia
1138 4769 1344 4853 resignarint,
1362 4769 1515 4854 dignetur
1531 4771 1562 4835 S.
1580 4771 1619 4836 V.
1636 4771 1677 4836 de
1694 4792 1766 4836 can.

411 4878 442 4934 et
458 4872 550 4954 preb.
567 4891 607 4934 ac
622 4872 787 4955 capellan.
804 4872 846 4937 de
870 4872 889 4950 J
893 4874 994 4938 onval
1011 4872 1143 4938 Thome
1160 4882 1194 4937 et
1211 4874 1374 4958 capellan.
1401 4894 1493 4960 perp.
1512 4874 1544 4937 in
1561 4875 1701 4939 ecclesia
1725 4875 1766 4939 de

412 4974 544 5039 Siclinio
560 4973 741 5039 Guillelmo
758 4977 914 5061 predictis
930 4978 1115 5064 providere.

414 5122 665 5133 ————

446 5210 465 5257 1.
477 5208 538 5255 l'oir
549 5223 575 5256 n.
589 5211 659 5258 1168.
671 5238 702 5245 -
714 5213 736 5259 2.
749 5210 810 5257 Voir
822 5226 846 5258 n.
860 5213 970 5260 11111.-
982 5212 1005 5258 3.
1018 5211 1079 5258 Voir
1091 5225 1116 5258 n.
1128 5211 1196 5268 1451,
1210 5211 1281 5258 1861.
