4650 6059
485 767 546 831 370
1007 768 1094 840 rara,
1118 769 1186 832 an
1204 767 1315 849 juno.
1373 837 1375 842 ,

533 916 669 1002 1391.
755 988 757 991 .
1535 940 1632 1020 1348,
1649 962 1667 1021 4
1678 936 1785 1017 juillet.

529 1035 651 1120 Supp...
675 1033 787 1119 Hugo,
815 1036 1032 1101 cancellarius
1047 1036 1235 1103 Tomacen.
1254 1048 1272 1118 ¹,
1288 1058 1395 1124 nepos
1416 1040 1471 1103 bo.
1487 1060 1552 1105 me.
1575 1041 1702 1107 domini
1716 1042 1815 1109 Torna-

486 1140 592 1205 censis
620 1139 805 1220 cardinalis,
820 1149 987 1225 quatenus
1016 1140 1194 1228 [germano
1219 1163 1279 1207 suo
1303 1143 1438 1207 Andree
1459 1143 1501 1210 de
1519 1142 1690 1230 Malpiliis,
1713 1146 1775 1233 liu]
1792 1148 1815 1211 in

485 1245 621 1328 legibus,
637 1244 837 1308 beneficium
852 1244 956 1309 eccl...
967 1243 1009 1309 ad
1025 1246 1122 1310 coll...
1133 1245 1281 1331 episcopi
1297 1255 1333 1311 et
1345 1246 1481 1332 capituli
1496 1246 1714 1315 Florentini...
1729 1250 1815 1334 digne·

485 1348 565 1411 mini
582 1367 748 1412 reservare
763 1370 772 1426 ;
789 1368 856 1412 non
873 1350 958 1413 obst.
975 1348 1065 1431 quod
1086 1348 1175 1413 idem
1198 1348 1349 1415 Andreas
1365 1370 1438 1416 can.
1455 1358 1490 1415 et
1505 1353 1598 1437 preb.
1615 1352 1649 1417 in
1665 1354 1744 1419 eccl.
1756 1352 1815 1419 Tor-

484 1472 602 1516 nacen.
634 1471 674 1516 ac
705 1452 867 1536 capellan.
898 1472 991 1537 perp.
1022 1453 1055 1516 in
1086 1453 1221 1537 paroch.
1252 1454 1334 1519 eccl.
1364 1453 1407 1519 de
1438 1453 1628 1541 Blandyng,
1658 1456 1815 1524 Tomacen.

484 1556 570 1619 dioc.
583 1568 604 1633 ²,
615 1575 654 1619 ac
670 1554 853 1639 prioratum
868 1556 1067 1642 parochialis
1079 1556 1219 1622 ecclesie
1237 1557 1290 1622 SS.
1303 1556 1470 1636 Jonannis
1485 1568 1519 1624 et
1536 1558 1706 1646 Reparate
1718 1562 1815 1627 Lucan.

485 1660 632 1723 noscitur
647 1660 809 1725 obtinere.
825 1701 869 1709 —-
886 1659 962 1725 Fiat
978 1661 1018 1725 R.

527 1762 605 1827 Dat.
620 1762 721 1827 Arin.
738 1786 757 1846 4
773 1783 853 1829 non.
866 1764 938 1848 julii
955 1772 989 1829 a⁰
1006 1772 1047 1848 7⁰.
1066 1766 1135 1849 (15,
1157 1766 1248 1850 135⁸)

538 1943 676 2028 1392.
1535 1955 1631 2036 1343,
1647 1973 1668 2035 5
1678 1951 1786 2034 suna.

527 2063 659 2147 Snpp...
680 2053 948 2147 [Raynrundus],
965 2054 1065 2139 episc.
1094 2050 1262 2121 Morinen.
1277 2065 1297 2134 ³,
1313 2063 1479 2139 quatenus
1497 2055 1666 2141 [familiari
1683 2078 1741 2124 suo
1751 2056 1816 2121 Pon·

483 2168 531 2231 tio
556 2164 703 2249 Saqueti,
727 2156 974 2248 presbitero],...
991 2157 1033 2223 de
1057 2160 1155 2223 ben...
1187 2159 1231 2224 ad
1258 2159 1355 2225 coll...
1382 2160 1635 2246 archiepiscopi,
1662 2160 1773 2227 decani
1792 2169 1816 2222 et

484 2269 619 2356 capituli
636 2266 776 2333 ecclesie
795 2263 956 2328 Remen...
973 2262 1155 2346 dignemini
1172 2262 1347 2348 providere
1363 2285 1371 2342 ;
1388 2283 1457 2328 non
1482 2266 1568 2329 obst.
1585 2263 1676 2349 quod
1691 2261 1761 2331 can!
1773 2263 1816 2327 sub

484 2393 559 2456 exp.
575 2373 666 2457 preb.
676 2369 710 2433 in
723 2367 799 2433 coll.
809 2366 949 2432 ecclesia
962 2364 993 2429 S.
1009 2364 1167 2430 Germani
1184 2365 1442 2447 nutisiodoren,
1454 2365 1624 2448 Parisieu,
1635 2375 1670 2434 et
1685 2367 1816 2434 vicariam

483 2497 576 2561 perp.
593 2474 741 2559 ejusdem
753 2470 928 2554 collegiate
943 2469 977 2533 in
993 2470 1075 2535 eccl.
1092 2468 1252 2535 Parisien.
1268 2472 1419 2536 obtinere
1435 2478 1603 2537 noscatur.
1619 2512 1662 2521 —
1679 2471 1752 2537 Fiat
1764 2469 1796 2534 R.

529 2579 606 2643 Dat.
628 2577 728 2642 Avin.
746 2596 763 2660 3
781 2594 860 2640 non.
872 2572 944 2658 julii
962 2581 995 2638 a⁰
1011 2582 1054 2656 7⁰.
1071 2575 1142 2657 (15,
1163 2575 1250 2658 132).

537 2738 1788 2835 1393·⁷1348,14jnillcl.

527 2859 649 2942 Snpp...
677 2853 895 2943 [Jolrarnres],
912 2853 1058 2938 archiep.
1089 2852 1351 2938 [Rothomagen.
1372 2854 1413 2940 ⁴],
1430 2853 1613 2939 quodcum
1645 2853 1820 2920 Guillelmus

484 2960 813 3040 Clroleti,canonicus
829 2956 1082 3022 Cameracensis
1097 2965 1117 3037 ⁵,
1124 2966 1159 3022 et
1174 2956 1194 3035 J
1198 2958 1382 3044 (ohannes)
1392 2959 1435 3024 de
1451 2958 1596 3025 Parisius
1612 2979 1687 3025 can.
1702 2960 1821 3044 preben-

483 3066 579 3130 datus
595 3086 634 3130 ac
650 3064 797 3128 decanus
812 3062 894 3126 eccl.
909 3060 1162 3127 Andeliacensis
1177 3060 1197 3141 ⁶,
1227 3062 1473 3147 Rothomagen.
1497 3062 1596 3142 dioc,
1612 3062 1738 3127 dudum
1759 3078 1821 3125 eon-

484 3167 599 3233 cordes
615 3166 797 3230 existentes
813 3163 854 3228 de
871 3163 969 3228 dictis
990 3165 1056 3229 suis
1076 3164 1248 3230 beneficiis
1271 3165 1315 3231 ad
1341 3166 1485 3231 invicem
1511 3166 1742 3251 permutandis
1755 3173 1785 3228 et
1797 3162 1822 3225 in

482 3271 553 3353 ipsa
577 3268 828 3354 pemrutacione
860 3266 893 3331 in
924 3276 1055 3332 tantum
1086 3289 1279 3353 processum
1310 3269 1475 3353 estquod
1502 3269 1589 3334 facta
1614 3268 1824 3353 resignacione

483 3373 699 3436 canonicatus
715 3380 748 3435 et
765 3370 933 3456 prebende
949 3370 1039 3435 dicte
1055 3369 1305 3437 Cameracensis
1317 3373 1457 3437 ecclesie
1470 3393 1529 3458 per
1543 3372 1672 3437 dictum
1689 3370 1825 3456 G(uillel-

483 3485 590 3559 mum)
625 3496 724 3540 causa
751 3474 840 3539 dicte
864 3476 1124 3558 perrnutacionis
1150 3476 1211 3561 ipsi
1237 3476 1455 3542 canonicatus
1487 3485 1522 3540 et
1546 3475 1719 3561 prebenda
1750 3475 1827 3540 dicto

482 3579 627 3656 Jolranni
644 3579 787 3664 presenti
805 3588 838 3643 et
866 3579 1039 3664 recipienti
1064 3600 1123 3665 per
1148 3580 1343 3666 episcopum
1366 3580 1657 3660 Cameracensem,
1675 3580 1720 3646 ad
1742 3599 1827 3665 quern

483 3686 668 3768 spectabat,
700 3683 814 3747 collati
838 3683 1003 3763 fuissent;
1034 3692 1167 3763 tamen,
1185 3685 1262 3769 quia
1294 3685 1476 3771 capitulum
1500 3685 1592 3750 dicte
1623 3684 1829 3750 Cameracen.

484 3788 633 3863 ecclesie,
649 3786 811 3871 pretensis
827 3786 1025 3871 quibusdam
1041 3786 1165 3852 frivolis
1181 3789 1451 3853 excusationibus
1468 3788 1575 3873 ipsum
1592 3788 1783 3866 Johannem
1795 3785 1831 3851 ad

484 3892 719 3956 canonicatum
736 3899 769 3954 et
785 3893 876 3976 preb.
892 3891 1039 3975 recipere
1062 3900 1264 3972 recusarunt,
1290 3900 1324 3956 et
1350 3892 1458 3957 dictus
1473 3891 1492 3969 J
1497 3893 1681 3974 (ohannes)
1698 3892 1834 3978 prefatus

486 3997 721 4061 canonicatum
738 4004 771 4059 et
788 3997 878 4079 preb.
906 4016 946 4060 ac
972 3994 1176 4060 decanatum
1203 3996 1368 4080 resignare
1390 4005 1425 4061 et
1449 3996 1482 4060 in
1507 3996 1571 4059 hac
1594 4004 1691 4080 parte
1718 3995 1834 4061 dictam

485 4101 773 4184 perrnutacionenr
789 4100 957 4184 complere
983 4099 1103 4178 differt,
1131 4101 1268 4184 negligit
1291 4110 1326 4166 et
1345 4111 1475 4166 recusat
1499 4101 1532 4164 in
1547 4100 1650 4185 ipsius
1665 4100 1836 4185 archiepis·

491 4205 566 4286 copi
582 4202 809 4288 prejudicium,
827 4212 918 4286 quat.
935 4203 1098 4286 aliquibus
1113 4203 1263 4269 discretis
1279 4204 1358 4269 dare
1374 4203 1555 4288 dignemini
1572 4204 1604 4266 in
1622 4204 1798 4283 mandatis,
1813 4202 1835 4266 si

484 4307 525 4370 sit
541 4308 597 4383 ita,
615 4305 705 4388 quod
721 4305 948 4389 supradictum
966 4306 1148 4391 capitulum
1164 4306 1379 4373 Cameracen.
1397 4307 1537 4373 ecclesie
1553 4306 1596 4371 ad
1613 4306 1835 4393 recipiendum

483 4410 609 4476 dictum
619 4407 638 4485 J
642 4409 842 4490 (ohannem)
860 4408 903 4473 ad
918 4409 1027 4474 dictos
1039 4410 1276 4475 canonicatum
1290 4420 1324 4476 et
1339 4413 1431 4496 preb.
1448 4411 1508 4475 sibi
1527 4412 1680 4490 collatos,
1697 4411 1835 4476 dictum-

484 4536 547 4597 que
563 4512 582 4591 J
586 4513 756 4577 ohannem
782 4511 824 4577 ad
853 4512 1087 4595 resignandum
1115 4514 1364 4592 canonicatum,
1381 4516 1471 4599 preb.
1489 4524 1522 4579 et
1548 4514 1751 4580 decanatum
1768 4534 1834 4600 pre-

483 4618 590 4681 dictos
606 4626 640 4681 et
656 4614 781 4680 dictam
800 4616 1087 4700 perrnutacionenr
1114 4617 1147 4681 in
1169 4618 1231 4682 lrac
1256 4628 1352 4704 parte
1380 4618 1616 4703 complendam
1633 4619 1834 4704 compellant

483 4721 544 4784 viis
559 4730 593 4783 et
609 4719 763 4786 remediis
779 4721 985 4805 opportunis.
1008 4758 1039 4767 —
1062 4720 1088 4783 p
1091 4722 1138 4785 iat
1156 4720 1196 4786 R.

527 4822 603 4888 ilat.
620 4826 719 4890 Axia.
737 4845 753 4888 2
771 4824 814 4888 id.
828 4824 898 4909 jurii
916 4836 948 4888 a⁰
966 4833 1008 4907 7⁰.
1026 4826 1096 4907 (15,
1119 4830 1204 4908 162).

478 5017 581 5025 —--.-
622 5016 746 5023 ,φ-

516 5135 535 5180 l.
552 5133 654 5188 llnfrn-s·
666 5131 697 5176 tle
711 5129 837 5190 llaupilis.
853 5132 906 5176 rnir·
917 5145 942 5176 n.
960 5132 1014 5184 427,
1033 5133 1088 5187 505,
1101 5133 1155 5177 ont.
1169 5156 1201 5163 -
1213 5132 1234 5176 2.
1253 5130 1315 5177 l'oir
1326 5145 1351 5179 n.
1364 5132 1417 5178 lli.
1432 5133 1485 5177 llll.
1499 5155 1529 5163 -—
1541 5132 1564 5175 3.
1577 5128 1715 5189 Raynrond
1727 5122 1849 5186 Suqneti-

480 5208 502 5252 4.
520 5207 585 5252 lcan
603 5205 634 5249 dc
652 5204 777 5262 llarigny,
796 5213 954 5263 aupararant
974 5203 1070 5265 usique
1087 5204 1120 5251 de
1140 5204 1271 5253 licaurais.
1283 5208 1349 5253 -l'1.
1370 5204 1432 5251 l'oir
1449 5218 1474 5250 n.
1494 5203 1563 5250 1236.
1576 5228 1607 5235 -
1619 5202 1643 5248 6.
1661 5199 1701 5249 lb.
