4650 6059
439 831 457 875 ·.
561 765 617 863 ua
891 721 907 743 ²
1073 764 1160 835 iaia.
1185 762 1277 826 aaa
1295 760 1404 843 juna.

474 955 479 967 ·
544 901 745 989 'litterarum
773 926 880 1004 apost.
904 917 937 980 in
965 917 1047 982 eccl.
1064 917 1096 982 S.
1124 915 1301 1000 Gaugerici
1328 914 1544 980 Cameracen.
1561 933 1635 979 can.
1652 916 1712 977 sub
1729 933 1805 997 exp.
1831 915 1925 997 preb.

562 1028 710 1093 noscitur
734 1024 895 1089 obtinere.
917 1060 948 1070 -
972 1021 1049 1086 Fiat
1065 1042 1170 1105 usque
1186 1019 1228 1085 ad
1244 1040 1410 1085 summam
1429 1025 1469 1083 60
1485 1019 1540 1083 lib.
1557 1038 1587 1083 c.
1603 1038 1643 1097 c.,
1661 1037 1703 1101 40
1719 1036 1744 1081 a.
1761 1036 1791 1081 c.
1809 1015 1851 1080 R.
1873 1071 1874 1075 ,

608 1171 695 1230 454.
714 1148 800 1227 item
817 1181 912 1245 supp.
929 1158 1038 1224 Lucas
1052 1159 1095 1223 de
1110 1156 1300 1222 Abbatibus
1327 1156 1369 1222 de
1394 1155 1575 1235 Florentia,
1603 1154 1658 1238 qui
1685 1153 1819 1239 prefato
1834 1152 1927 1218 dom.

565 1267 724 1334 cardinali
742 1275 821 1330 ante
833 1284 934 1348 quam
950 1272 1038 1328 esset
1054 1261 1231 1327 cardinalis
1243 1268 1277 1325 et
1289 1268 1367 1346 post
1377 1261 1484 1325 multa
1498 1258 1657 1343 obsequia
1667 1258 1826 1343 prestitit,
1838 1256 1928 1341 quod

565 1373 644 1437 olim
655 1391 731 1435 cum
743 1368 898 1453 Philippo
910 1378 916 1401 ¹
931 1366 1016 1452 [filio
1027 1365 1103 1450 suo]
1116 1385 1215 1449 super
1224 1364 1288 1429 def.
1299 1373 1475 1448 uat.quem
1485 1362 1622 1449 patitur,
1633 1369 1753 1447 utpote
1763 1361 1806 1427 de
1816 1362 1927 1427 soluto

564 1476 679 1559 genito
695 1482 729 1537 et
745 1473 864 1551 soluta,
881 1470 972 1555 quod
987 1468 1176 1554 hujusmodi
1189 1489 1257 1533 non
1269 1471 1355 1534 obst.
1371 1467 1506 1533 defectu
1521 1474 1634 1553 posset
1650 1464 1694 1530 ad
1710 1485 1829 1530 omnes
1841 1464 1927 1532 ordi·

565 1599 624 1642 nes
639 1576 829 1663 promoveri
845 1583 879 1639 et
895 1577 971 1640 ben.
988 1575 1081 1654 eccl,
1098 1573 1200 1638 etiam
1216 1573 1242 1636 si
1259 1592 1373 1638 curam
1390 1572 1575 1637 animamm
1591 1570 1740 1650 haberet,
1757 1569 1821 1635 fuit
1837 1579 1926 1634 auct.

566 1691 674 1767 apost.
701 1680 941 1764 dispensatum,
966 1677 1151 1743 uberiorem
1176 1676 1319 1759 gratiam
1346 1675 1509 1741 facientes
1538 1673 1628 1758 quod
1645 1673 1745 1739 'dicto
1768 1672 1835 1738 def.
1858 1692 1927 1737 non

566 1789 651 1851 obst.
669 1806 741 1850 can.
758 1793 792 1848 et
808 1786 900 1868 preb.
917 1782 1020 1846 etiam
1037 1781 1070 1844 in
1087 1780 1169 1845 eccl.
1186 1778 1329 1858 catheci,
1346 1778 1373 1843 si
1389 1778 1470 1843 alias
1486 1777 1547 1843 sibi
1563 1776 1726 1842 canonice
1752 1776 1928 1842 conseran-

566 1900 629 1967 tur,
646 1888 750 1974 possit
766 1887 869 1951 libere
885 1885 1031 1970 recipere
1048 1893 1082 1948 et
1097 1883 1189 1948 licite
1213 1883 1356 1948 retinere
1372 1880 1553 1966 dignemini
1570 1900 1647 1946 cum
1662 1901 1705 1946 eo
1725 1880 1928 1966 dispensare.

567 2032 608 2042 -
627 1992 703 2056 Fiat
721 1991 761 2057 R.

611 2135 696 2194 455.
716 2126 802 2191 Item
818 2146 913 2212 supp.
930 2123 950 2202 J
952 2126 1104 2190 ohannes
1119 2123 1229 2189 dictus
1245 2121 1422 2207 Inghilese,
1440 2122 1517 2187 cler.
1536 2121 1728 2202 Fesulanus,
1745 2122 1802 2206 qui
1819 2122 1929 2187 eidem

567 2232 658 2298 dom.
676 2230 836 2296 cardinali
852 2231 953 2314 longo
969 2238 1121 2315 tempore
1137 2228 1284 2308 servivit,
1301 2226 1343 2292 de
1359 2227 1541 2312 plebanatu
1556 2226 1664 2312 plebis
1679 2225 1711 2291 S.
1727 2225 1864 2311 Georgii
1887 2224 1929 2291 de

457 2406 459 2411 ,
568 2333 766 2411 Branchalo,
784 2331 908 2397 Lucen.
925 2332 1020 2410 dioc,
1034 2332 1127 2416 cujus
1138 2332 1287 2397 redditus
1298 2352 1364 2397 sec.
1376 2338 1446 2397 tax.
1457 2330 1587 2396 decime
1604 2329 1684 2395 rofi.
1697 2330 1768 2396 auri
1779 2332 1929 2396 valorem

568 2458 716 2502 annuum
731 2456 800 2501 non
816 2435 993 2515 excedunt,
1010 2456 1082 2501 vac.
1099 2456 1158 2521 per
1174 2439 1228 2501 ob.
1245 2435 1325 2500 dicti
1353 2434 1444 2501 dom.
1470 2434 1647 2500 cardinalis
1669 2436 1724 2500 vel
1753 2434 1822 2500 alio
1848 2456 1929 2520 quo-

569 2561 712 2625 cumque
728 2539 840 2620 m0d0,
857 2539 1039 2624 dignemini
1052 2540 1236 2625 probidere.
1253 2580 1296 2589 -
1313 2538 1389 2604 Fiat
1407 2538 1447 2605 R.

610 2685 695 2744 456.
713 2677 801 2742 Item
816 2698 911 2764 supp.
922 2677 1126 2742 Allexander
1138 2677 1180 2742 de
1194 2676 1382 2762 Galligariis
1393 2677 1436 2743 de
1454 2676 1635 2757 Florentia,
1651 2696 1759 2762 nepos
1774 2683 1809 2741 et
1827 2675 1929 2741 famil.

569 2781 740 2864 quondam
752 2780 832 2846 dicti
845 2780 936 2846 dom.
947 2780 1045 2859 card,
1062 2791 1156 2863 quat.
1184 2781 1269 2867 [ind.
1285 2782 1319 2845 in
1330 2789 1391 2847 art.
1408 2779 1524 2867 mort]
1542 2779 1724 2866 dignemini
1747 2778 1930 2864 indulgere.

570 2925 613 2934 -
638 2884 714 2949 Fiat
732 2884 770 2950 R.

609 3032 693 3092 457.
711 3024 799 3089 Item
815 3046 910 3110 supp.
929 3022 1086 3108 Lagerius
1101 3023 1143 3088 de
1168 3023 1360 3107 PolignacO,
1385 3023 1571 3110 Vapincen.
1595 3023 1692 3103 dioc,
1716 3022 1799 3088 olim
1826 3022 1929 3087 famil.

566 3129 647 3193 dicti
675 3128 863 3209 cardinalis,
889 3127 1056 3211 obsequiis
1080 3127 1264 3192 insistendo
1295 3128 1469 3193 camerarii
1486 3127 1663 3194 cardinalis
1687 3125 1819 3212 prefati,
1835 3134 1927 3209 quat.

567 3230 656 3294 fratri
674 3251 734 3295 suo
750 3229 938 3296 Bertrando
947 3231 990 3295 de
1004 3230 1196 3317 Polignaco,
1214 3233 1291 3297 cler.
1307 3232 1435 3296 nullum
1452 3232 1563 3297 adhuc
1577 3234 1653 3297 ben.
1667 3241 1834 3311 assecuto,
1851 3249 1927 3295 cum

567 3334 637 3418 ipse
654 3332 857 3399 Bertrandus
873 3334 1038 3399 desideret
1054 3337 1114 3399 sub
1131 3335 1272 3419 regulari
1288 3335 1406 3400 babitu
1421 3335 1581 3400 uirtutum
1599 3333 1749 3399 Domino
1764 3333 1928 3412 famulari,

567 3438 647 3501 dare
663 3436 845 3518 dignemini
861 3438 980 3503 vestris
1007 3439 1126 3503 litteris
1150 3438 1183 3503 in
1210 3439 1380 3504 mandatis
1407 3440 1577 3524 preposito
1601 3438 1795 3503 monasterii
1823 3438 1861 3505 B.
1880 3438 1928 3504 M.

568 3540 751 3604 Cardaouis
767 3542 808 3606 0.
825 3542 856 3606 S.
869 3544 920 3622 A,
937 3542 1027 3608 dicte
1043 3543 1139 3619 dioc,
1157 3550 1193 3606 ut
1210 3542 1318 3627 ipsum
1335 3541 1557 3607 Bertrandum
1573 3540 1736 3626 recipiant
1752 3540 1786 3604 in
1803 3561 1878 3607 can.
1895 3550 1929 3606 et

569 3644 601 3706 iu
619 3645 762 3709 fratrem.
780 3684 815 3694 -
839 3645 913 3711 Fiat
930 3647 962 3710 in
981 3646 1086 3712 fomra
1105 3646 1144 3711 R.
1764 3640 1767 3645 “

612 3749 690 3812 Dat.
708 3769 761 3834 ap.
779 3747 1028 3816 Villamnovam
1047 3754 1064 3815 8
1081 3749 1149 3815 kal.
1163 3771 1238 3835 aug.
1256 3759 1289 3814 a⁰
1306 3760 1348 3815 2⁰.
1366 3753 1379 3835 (
1383 3757 1415 3831 5,
1437 3751 1522 3834 124).

618 3887 735 3970 458.
1597 3921 1691 3985 1543,
1709 3921 1750 3982 25
1761 3899 1885 3981 juillet.

610 4006 710 4090 Supp.
728 4005 894 4071 Corradus
910 4004 1058 4091 Nicolay
1074 4005 1115 4071 de
1132 4003 1303 4090 Budwoys
1317 4016 1328 4040 ²
1343 4013 1377 4069 et
1391 4004 1509 4072 Petrus
1520 4004 1563 4070 de
1575 4004 1760 4086 Dionanto,
1774 4004 1925 4071 canonici

567 4108 648 4172 eccl.
666 4108 697 4171 S.
715 4107 869 4191 I)y0nisii
887 4106 1057 4187 Leodien,
1074 4118 1164 4191 quat.
1176 4129 1252 4174 cum
1264 4108 1324 4194 ipsi
1337 4130 1379 4173 ex
1395 4129 1495 4173 causa
1506 4107 1784 4174 devotioniscum
1800 4108 1926 4174 duobus

568 4210 883 4294 sarniliaribus,quos
898 4211 941 4275 ad
956 4211 1021 4276 hoc
1034 4212 1195 4296 elegerint
1208 4221 1241 4276 et
1253 4213 1705 4298 nominaverint,sepulcrum
1721 4212 1924 4278 dominicum

566 4323 600 4378 et
629 4314 694 4377 alia
716 4316 790 4378 loca
816 4324 904 4378 terre
931 4324 1046 4379 sancte
1072 4315 1105 4379 in
1132 4317 1283 4401 partibus
1309 4317 1533 4382 ultramarinis
1563 4317 1699 4381 visitare
1726 4316 1922 4392 desiderent,

566 4417 747 4502 dignemini
764 4418 811 4481 eis
826 4417 997 4482 licentiam
1015 4418 1173 4503 impertiri
1187 4421 1282 4504 juxta
1299 4421 1440 4486 sormam
1466 4421 1498 4485 in
1524 4421 1645 4485 talibus
1660 4431 1870 4487 consuetam.
1886 4459 1922 4470 —

567 4520 643 4585 Fiat
661 4541 760 4585 causa
776 4520 966 4585 devotionis
982 4530 1015 4585 et
1031 4524 1307 4606 peregrinationis
1323 4525 1509 4590 dumtaxat.
1527 4524 1567 4589 R.

610 4626 689 4689 Dat.
706 4645 760 4709 ap.
778 4624 1027 4689 Villamnovam
1045 4628 1063 4691 8
1080 4625 1146 4693 kal.
1164 4648 1238 4712 aug.
1257 4637 1290 4693 a⁰
1307 4639 1348 4694 2¹¹.
1366 4633 1415 4709 (5,
1438 4631 1512 4713 125)
1528 4638 1548 4693 ³.

616 4764 733 4845 459.
1596 4800 1612 4843 1
1668 4799 1678 4819 ²
1708 4780 1751 4842 28
1769 4776 1883 4844 ·'uillct.

609 4882 708 4966 Supp.
726 4879 900 4958 Jobannes
916 4882 957 4946 de
977 4883 1117 4948 l‘istorio
1133 4896 1142 4925 ⁴
1159 4894 1249 4966 quat.
1269 4881 1406 4968 [patruo
1421 4904 1482 4948 suo
1498 4799 1780 4959 Guidodiiacobi
1808 4884 1924 4968 presb,

562 4985 724 5070 plebano]
743 4986 784 5049 de
802 4984 830 5046 V
834 4986 1016 5067 inacciauo,
1035 4986 1209 5052 l'istorieu.
1226 4986 1322 5067 dioc,
1340 4987 1382 5051 de
1395 4988 1578 5073 plebanatu
1596 4986 1703 5074 plebis
1719 4988 1878 5053 secularis
1893 4995 1925 5051 et

598 5220 617 5265 l.
631 5218 692 5263 Voir
704 5233 728 5266 u.
741 5220 795 5267 432.
808 5247 838 5252 —
850 5222 873 5266 2.
890 5219 987 5277 liii-neb.
1002 5219 1076 5274 lr'oll,
1090 5222 1142 5279 353,
1157 5222 1211 5268 361.
1228 5249 1254 5253 —
1268 5222 1289 5267 3.
1305 5220 1369 5269 ,ῙΙιυιΙ
1388 5221 1442 5269 l'u‘.
1457 5221 1527 5281 lara,
1543 5222 1560 5282 l,
1575 5236 1599 5271 u.
1612 5223 1667 5270 aab.
1682 5249 1712 5256 -
1725 5224 1748 5272 4.
1762 5223 1823 5271 Voir
1836 5238 1861 5272 n.
1875 5225 1928 5273 171.
