4650 6059
966 806 1051 878 1348.
1076 806 1163 869 21-25
1185 807 1251 871 mai.
1367 854 1370 859 -
1726 809 1788 875 353

461 958 526 1020 lricii
542 957 742 1032 Tornacen,
765 954 979 1019 Cameracen.
996 955 1094 1035 dioc,
1111 957 1262 1022 similiter
1278 957 1368 1042 apud
1384 958 1510 1024 dictam
1526 958 1639 1023 sedem
1656 979 1715 1043 per
1731 963 1785 1025 ob.

461 1060 604 1145 upradicti
630 1058 798 1136 Johannis
821 1079 895 1125 vac.
922 1059 1104 1144 dignemini
1133 1061 1331 1146 providere;
1360 1082 1428 1126 non
1460 1064 1545 1128 obst.
1577 1062 1667 1146 quod
1697 1063 1785 1129 idem

461 1162 553 1229 lindus
566 1162 679 1229 dictus
694 1161 861 1229 Oliverius
887 1161 1057 1228 defectum
1083 1163 1249 1229 natalium
1274 1166 1403 1250 patitur
1418 1166 1460 1231 de
1476 1168 1587 1231 soluto
1602 1167 1735 1251 genitus
1750 1178 1784 1234 et

461 1269 545 1348 oluta,
563 1287 664 1353 super
688 1287 756 1350 quo
782 1287 858 1331 cum
885 1266 1005 1331 eodem
1020 1275 1056 1331 ut
1084 1268 1127 1332 ad
1154 1289 1272 1333 omnes
1287 1268 1419 1335 ordines
1443 1269 1630 1355 promoveri
1647 1278 1682 1333 et
1707 1273 1783 1336 ben.

461 1373 522 1450 ccl,
537 1372 668 1436 etiamsi
685 1379 838 1436 curatum
854 1369 962 1450 fuerit,
979 1371 1130 1436 obtinere
1154 1372 1265 1437 valeat
1293 1382 1343 1438 est
1368 1373 1515 1457 legitime
1531 1373 1759 1459 dispensatum
1774 1398 1782 1454 ;

461 1493 507 1538 :um
521 1474 591 1539 aliis
606 1495 676 1540 non
693 1478 779 1539 obst.
796 1472 932 1538 -Fiat
950 1473 989 1539 R.

482 1575 556 1642 ltem
583 1597 680 1664 supp.
711 1586 812 1661 quat,
829 1584 965 1663 propter
991 1576 1118 1642 viarum
1145 1577 1336 1645 discrimina
1361 1588 1394 1644 et
1420 1581 1569 1646 locorum
1596 1580 1781 1662 distantias,

461 1680 550 1746 isdem
565 1702 707 1746 examen
724 1682 893 1746 remittere
908 1681 1090 1765 dignemini
1106 1680 1149 1746 de
1163 1703 1210 1767 gr.
1227 1703 1316 1768 spec.
1333 1683 1464 1749 -Fiat
1482 1683 1521 1749 R.

480 1783 547 1850 Dat.
561 1784 665 1850 Avin.
686 1805 721 1848 12
739 1784 805 1851 kal.
819 1783 901 1869 junii
918 1792 951 1847 a⁰
968 1792 1009 1867 7².
1028 1786 1103 1863 (30,
1122 1784 1157 1850 P.
1177 1784 1221 1864 ΙΙ,
1240 1787 1304 1867 11).

486 1922 616 2009 1329.
1478 1941 1571 2022 1548,
1596 1960 1635 2003 21
1661 1942 1737 2005 mai.

468 2040 581 2127 ·Suppl.
594 2039 704 2105 Maria
714 2039 756 2104 de
767 2038 1140 2125 Borbonio,imperatrix
1152 2039 1781 2126 Constantinopolitana¹,quat.Jacobo

462 2144 748 2231 ePiro,capellano
763 2143 896 2231 su0,[de
911 2147 988 2210 ben.
1004 2144 1103 2231 eccl]
1121 2145 1164 2210 ad
1181 2146 1277 2210 coll...
1294 2146 1485 2231 prepositi...
1496 2154 1532 2210 et
1544 2146 1681 2232 capituli
1698 2149 1779 2214 eccl.

461 2268 474 2312 e
500 2248 619 2331 Insula,
635 2247 821 2315 Tornacen.
848 2250 945 2327 dioc,
961 2249 1142 2333 dignemini
1168 2250 1354 2335 providere,
1382 2270 1449 2314 non
1476 2252 1562 2315 obst.
1578 2250 1669 2333 quod
1689 2272 1780 2338 perp.

461 2357 544 2440 rpell.
561 2354 600 2419 B.
617 2354 798 2419 Catlrerine
814 2353 847 2417 in
864 2354 994 2438 capella
1011 2352 1049 2417 B.
1068 2352 1116 2418 M.
1132 2374 1237 2439 prope
1262 2354 1373 2418 aulam
1401 2353 1526 2437 regiam
1551 2353 1584 2417 in
1600 2352 1691 2419 dicta
1703 2356 1782 2420 villa

461 2476 474 2519 e
488 2458 595 2524 Insula
611 2458 764 2523 obtinere
779 2465 944 2522 noscatur.
962 2493 1004 2501 -
1021 2455 1095 2521 Fiat
1113 2456 1153 2521 R.

475 2560 587 2628 Item...
605 2560 739 2627 Verano
754 2560 795 2626 de
811 2559 915 2640 Valle,
932 2562 1009 2625 cler.
1027 2581 1097 2640 suo,
1121 2558 1288 2625 Morinen.
1304 2561 1402 2641 dioc,
1419 2561 1463 2627 ad
1489 2562 1564 2627 coll.
1581 2562 1732 2628 decani...
1747 2571 1782 2627 et

462 2666 562 2750 tpituli
578 2666 610 2732 S.
627 2664 802 2749 Gangerici
819 2664 1034 2729 Cameracen.
1051 2663 1232 2749 dignemini
1249 2663 1435 2750 providere.
1451 2705 1494 2715 -
1510 2663 1586 2731 Fiat
1600 2666 1637 2731 R.

478 2768 547 2834 Dat.
563 2770 664 2836 Avin.
685 2789 721 2833 12
738 2768 804 2834 kal.
819 2768 901 2853 junii
918 2777 951 2833 a..
968 2776 1009 2852 7⁰.
1027 2771 1102 2851 (30,
1120 2768 1156 2832 Ρ.
1174 2767 1218 2849 Il,
1240 2773 1318 2851 ml).

487 2905 1642 3002 1330.13,18,2r
1661 2920 1738 2983 mat

478 3025 568 3112 Supp.
578 3025 786 3111 Aymericus,
797 3024 849 3088 tit.
862 3023 892 3087 S.
905 3021 1044 3088 Martini
1061 3021 1094 3087 in
1105 3022 1275 3087 montibus
1291 3021 1451 3107 presbiter
1462 3021 1636 3087 cardinalis
1651 3035 1673 3101 ²,
1689 3030 1781 3104 quat.

461 3129 493 3193 rbi
503 3130 532 3194 in
548 3149 725 3217 personam
742 3126 902 3193 Bernardi
915 3125 1073 3206 Cremosi,
1087 3125 1302 3190 Lemovicen.
1319 3126 1416 3205 dioc,
1428 3124 1591 3210 capellani
1617 3124 1665 3189 sui
1692 3145 1781 3189 com-

461 3235 581 3300 tensalis
598 3233 760 3310 continui,
776 3232 914 3297 rectoris
939 3230 1090 3315 patrocli.
1115 3229 1257 3294 ecclesie
1284 3231 1315 3295 S.
1337 3228 1470 3314 Georgii
1487 3249 1585 3313 super
1600 3227 1781 3307 Anduram,

461 3332 608 3404 {motem
625 3337 723 3417 dioc,
741 3355 829 3421 spec.
845 3355 891 3419 gr.
908 3333 1077 3412 facientes,
1093 3333 1136 3397 de
1158 3332 1326 3398 decanatu
1342 3334 1424 3399 eccl.
1441 3332 1594 3398 Briocen.
1611 3353 1687 3398 cum
1704 3353 1780 3397 can.

462 3442 546 3508 taliis
558 3442 686 3528 juribus
703 3450 738 3506 et
754 3439 964 3526 pertinentiis
980 3439 1055 3520 suis,
1073 3438 1175 3502 etiam
1202 3438 1227 3502 si
1254 3458 1368 3503 curam
1385 3438 1510 3504 habeat
1526 3438 1723 3517 animarum,
1746 3445 1781 3501 et

463 3541 567 3613 tiamsi
591 3546 665 3630 quis
681 3564 740 3631 per
755 3544 954 3609 electionem
971 3542 1013 3607 ad
1037 3564 1112 3606 eum
1137 3551 1331 3621 assumatur,
1349 3563 1408 3628 per
1433 3542 1561 3607 obitum
1577 3543 1667 3608 dom.
1684 3530 1780 3605 Alani

461 3643 478 3707 ie
489 3646 575 3729 Gars,
593 3648 783 3735 cappellani
797 3649 828 3712 S.
845 3646 885 3712 V.
901 3657 935 3711 et
945 3646 1027 3712 sacri
1046 3646 1146 3711 vestri
1163 3646 1277 3732 palatii
1301 3646 1461 3711 auditoris
1474 3656 1493 3725 ³,
1508 3648 1562 3729 qui
1576 3666 1681 3731 nuper
1693 3645 1781 3729 apud

462 3762 532 3831 post.
548 3752 662 3819 sedem
679 3753 768 3817 diem
785 3752 902 3817 clausit
918 3761 1114 3831 extremum,
1131 3753 1185 3815 vel
1213 3751 1280 3815 alio
1303 3750 1539 3833 quovismodo
1555 3749 1642 3835 apud
1668 3749 1780 3812 sedem

461 3869 530 3932 ¹>sam
545 3878 620 3922 rac.
637 3856 817 3941 dignemini
835 3855 1030 3941 provirlere3
1047 3875 1179 3920 necnon
1197 3876 1273 3920 cum
1300 3855 1419 3919 eodem
1437 3852 1617 3930 Bemardo,
1644 3851 1686 3916 de
1703 3854 1780 3915 ube-

461 3952 502 4025 lori
515 3961 605 4028 dono
620 3961 725 4044 gratie
742 3960 905 4045 specialis,
919 3959 1008 4043 qnod
1024 3961 1105 4024 eccl.
1118 3959 1271 4045 parroch.
1288 3958 1474 4043 predictam
1488 3977 1564 4020 cum
1580 3955 1671 4019 dicto
1683 3954 1779 4018 deca·

462 4070 515 4144 atu,
530 4066 633 4132 etiam
650 4065 676 4129 si
694 4065 878 4129 animarum
896 4083 973 4128 cura
998 4062 1059 4126 sibi
1085 4062 1269 4142 immineat,
1287 4062 1377 4128 licite
1393 4060 1536 4125 retinere
1552 4057 1667 4144 possit,
1683 4058 1780 4121 mise·

463 4169 593 4235 corditer
608 4167 820 4254 dispensare;
838 4188 905 4232 non
919 4170 1004 4231 obst.
1021 4166 1111 4249 quod
1127 4168 1343 4232 canonicatus
1367 4164 1507 4230 ecclesie
1535 4161 1729 4241 Nivemen,
1746 4169 1780 4226 et

461 4269 662 4339 ·D0natiani
691 4271 817 4356 Brugis,
840 4271 1026 4336 Tomacen.
1051 4270 1148 4347 dioc,
1165 4273 1224 4334 sub
1251 4291 1326 4356 exp.
1354 4269 1607 4356 prebendarum,
1632 4266 1780 4331 noscitur

461 4370 574 4442 btinere
590 4399 598 4456 ;
617 4397 694 4441 cum
710 4376 782 4441 aliis
797 4396 865 4439 non
879 4377 963 4439 obst.
979 4414 1023 4423 -—
1040 4372 1116 4436 Fiat
1134 4372 1174 4435 R.
1192 4381 1226 4436 et
1242 4373 1480 4459 dispensamus.
1499 4371 1537 4437 R.
1629 4365 1630 4368 '

475 4476 546 4546 Dat.
561 4480 663 4544 Asin.
682 4500 716 4543 12
730 4478 798 4543 kal.
811 4479 894 4562 junii
911 4488 944 4542 al
962 4488 1003 4560 7⁰.
1021 4483 1094 4556 (30,
1114 4476 1148 4540 Ρ.
1168 4474 1212 4556 ll,
1232 4481 1298 4559 22).

483 4616 609 4702 1331.
1491 4633 1582 4709 1348,
1601 4649 1640 4709 25
1659 4651 1734 4693 mar.

475 4731 566 4821 Supp.
584 4732 775 4799 Florentius
791 4732 832 4796 de
849 4731 988 4808 Jutlaes,
1002 4730 1190 4815 prepositus
1206 4730 1286 4794 eccl.
1298 4728 1547 4795 ,lldenaalensis
1562 4745 1577 4806 ⁸,
1592 4732 1777 4814 'l'rajecten

461 4832 521 4917 ioc,
537 4838 671 4903 humilis
688 4847 797 4902 vester
820 4838 1022 4921 capellanus,
1040 4855 1080 4898 ac
1098 4833 1260 4898 fructuum
1277 4834 1516 4900 beneficiorum
1535 4846 1776 4900 reservatorurn

461 4938 582 5008 ollector
598 4961 657 5027 per
674 4940 846 5006 civitatem
863 4954 895 5003 ct
913 4940 998 5002 dioc.
1025 4937 1223 5021 Traiecten,
1241 4945 1330 5020 quat.
1347 4937 1406 5000 sibi
1433 4959 1521 5023 spec.
1537 4959 1581 5020 gr.
1609 4938 1778 5017 facientes

462 5082 594 5100 x.....
617 5091 674 5099 --

473 5158 489 5204 ¹1
499 5161 551 5213 l'oir
562 5181 587 5213 u.
601 5167 671 5213 1325.
684 5190 716 5198 -
733 5166 757 5210 2.
770 5164 888 5221 Ayrncrir·
901 5163 931 5208 dc
945 5162 1058 5219 (lta-lus,
1071 5162 1109 5207 dit
1122 5160 1237 5208 cardinal
1248 5160 1279 5207 «lc
1293 5159 1413 5206 t'lrurtrcs
1425 5157 1527 5219 (liubcl
1542 5158 1560 5216 l,
1576 5159 1624 5217 lit,
1635 5184 1666 5192 -
1683 5162 1705 5205 :t
1720 5158 1780 5206 l‘oir

464 5230 528 5292 ·ἷ21;
541 5238 623 5285 Ileruc
635 5234 726 5286 tenid..
741 5236 809 5287 tuot,
824 5251 847 5297 p.
860 5240 913 5282 25⁴3.
936 5266 939 5268 -
952 5264 957 5269 -
971 5238 991 5282 -Ι,
1004 5236 1063 5280 l'oir
1076 5251 1099 5281 n.
1109 5237 1163 5282 322.
1177 5235 1231 5279 885.

490 5320 540 5370 Annl.
555 5326 602 5365 Vnt.
620 5325 680 5371 llelg.
1709 5337 1732 5371 ²3
