4650 6059
1022 757 1109 831 1349,
1131 757 1172 821 22
1194 757 1265 823 mai.
1734 792 1738 807 ι
1763 760 1826 824 149

462 912 496 974 in
510 907 666 988 Terasm,
683 907 813 972 etiamsi
842 908 1060 973 canonicatus
1086 907 1309 993 et.prebenda
1324 910 1481 987 existant,
1509 906 1706 973 Laudunen.
1727 908 1825 987 dioc,

462 1034 530 1077 non
545 1016 633 1079 obst.
649 1011 740 1096 quod
754 1032 830 1077 can.
847 1019 882 1076 et
897 1013 990 1098 preb.
1013 1013 1096 1078 eccl.
1113 1013 1145 1079 S.
1162 1011 1339 1098 Gaugerici
1361 1012 1588 1094 Cameracen,
1613 1021 1649 1079 61
1671 1012 1825 1099 parroch.

462 1119 544 1182 eccl.
559 1116 603 1182 de
619 1115 764 1195 ThaneS,
781 1123 815 1179 et
844 1116 1010 1201 capellan.
1037 1115 1070 1181 in
1095 1118 1177 1182 eccl.
1206 1117 1237 1181 S.
1265 1116 1405 1202 Spiritus
1429 1116 1462 1181 in
1486 1115 1825 1197 abbatisvilla,diete

462 1222 664 1287 Ambianen.
680 1221 778 1299 dioc,
795 1220 944 1292 noscitur
959 1221 1122 1287 obtinere.
1138 1262 1182 1271 —
1197 1220 1337 1287 Habeat
1348 1229 1386 1287 ut
1400 1242 1509 1307 supra.
1526 1222 1597 1306 (19,
1615 1226 1699 1304 211)-

511 1364 610 1423 1722.
628 1355 720 1441 Mag.
736 1356 884 1434 Johanni
902 1355 1051 1439 Carlarii,
1069 1358 1255 1444 presbitero
1282 1357 1472 1423 Tomacen.
1500 1358 1598 1439 dioc,
1614 1357 1747 1423 decan.
1764 1363 1823 1425 sub

462 1481 537 1547 exp.
551 1463 645 1547 preb.
661 1461 694 1526 S.
709 1461 825 1526 Amati
842 1461 1040 1543 Duacensis,
1067 1464 1281 1528 Attrebaten.
1298 1462 1385 1528 dioc.
1401 1484 1410 1540 ;
1434 1482 1504 1527 non
1518 1465 1616 1528 obst.
1642 1461 1733 1546 quod
1747 1483 1823 1548 par-

462 1565 552 1631 roch.
567 1565 651 1631 eccl.
677 1564 721 1630 de
744 1564 969 1645 Lambersart,
993 1574 1028 1631 et
1053 1586 1155 1631 unam
1182 1566 1214 1631 S.
1241 1563 1379 1631 Martini
1406 1565 1441 1629 in
1467 1565 1500 1631 S.
1528 1565 1617 1631 Petri
1635 1576 1642 1626 Ξ
1659 1574 1694 1632 61
1721 1567 1823 1632 aliam

463 1666 501 1733 S.
515 1667 621 1734 Mauri
637 1669 673 1734 in
687 1668 719 1734 S.
746 1666 897 1733 Mauritii
923 1670 1091 1743 ecclesiis:
1116 1668 1309 1749 InsulensiS,
1335 1669 1484 1755 ejusdem
1511 1668 1698 1736 Tomacen.
1721 1671 1822 1751 dioc,

465 1772 667 1857 capellanias
682 1772 831 1837 noscitur
847 1773 998 1838 obtinere
1011 1796 1020 1853 ;
1037 1794 1102 1858 que
1112 1774 1297 1860 capellanie
1308 1773 1350 1839 ad
1361 1772 1529 1838 decimam
1544 1775 1734 1839 nullatenus
1746 1784 1824 1840 sunt

466 1881 587 1942 taxate.
603 1917 647 1925 —
663 1875 802 1941 Habeat
817 1884 855 1941 ut
871 1876 904 1940 in
921 1877 1040 1943 forma.

512 2019 608 2081 1723.
637 2012 731 2098 Mag.
760 2014 925 2098 Rengero,
950 2014 1021 2079 filio
1049 2014 1190 2081 Henrici
1217 2014 1260 2080 de
1284 2013 1522 2095 Zvirolrerlren,
1547 2015 1755 2080 subdiacono
1780 2015 1822 2081 de

469 2116 628 2202 Trajecto,
644 2118 687 2183 de
701 2120 778 2182 ben.
794 2137 823 2183 c.
840 2137 869 2182 6.
885 2124 950 2182 616.
977 2116 1020 2182 ad
1047 2118 1126 2183 coll.
1152 2126 1220 2183 etc.
1244 2117 1393 2183 investiti
1416 2116 1631 2182 ecclesiarum
1657 2117 1699 2183 de
1715 2116 1823 2183 Orten

467 2232 504 2289 et
514 2225 553 2291 de
568 2222 784 2301 Buscoducis,
801 2222 908 2300 simul,
922 2229 959 2286 ut
974 2221 1105 2302 dicitur,
1121 2221 1167 2287 ad
1182 2221 1327 2287 invicem
1339 2221 1518 2300 unitarum,
1533 2220 1589 2284 vel
1601 2240 1740 2304 qnarum
1756 2241 1823 2285 una

465 2330 507 2392 ab
518 2329 580 2394 alia
591 2327 772 2413 dependet,
789 2325 950 2392 Leodien.
966 2326 1053 2392 dioc.
1067 2349 1075 2406 ;
1092 2347 1163 2392 non
1180 2330 1265 2393 obst.
1276 2327 1373 2411 ⁴quod
1395 2325 1547 2412 parroch.
1571 2327 1653 2406 eccl,
1669 2325 1711 2391 de
1732 2324 1824 2390 Riin-

464 2431 534 2514 viic,
549 2431 740 2515 Trajecten.
756 2429 855 2511 dioc,
873 2430 1023 2496 noscitur
1046 2431 1208 2497 obtinere.
1235 2471 1280 2481 -
1305 2429 1441 2497 Habeat
1464 2430 1732 2496 utin‘lor'ma‘ad
1746 2430 1822 2496 coll.

466 2536 597 2602 rectoris
611 2555 672 2600 seu
686 2534 837 2599 investiti
854 2534 1007 2620 predicti.
1025 2535 1097 2618 (19,
1116 2536 1220 2619 211l).
1556 2534 1558 2537 ’

510 2677 611 2739 1724.
975 2672 1080 2737 Natio
1102 2674 1307 2760 Anglicona.

508 2777 597 2863 Mag.
613 2777 784 2843 Willelmo
800 2778 842 2842 (16
858 2777 926 2843 Los
941 2790 961 2857 ²,
978 2777 1101 2842 clerico
1124 2776 1285 2843 Leodien.
1309 2777 1404 2857 dioc,
1428 2776 1471 2841 de
1485 2780 1561 2844 ben.
1578 2778 1660 2841 eccl.
1678 2796 1706 2841 c.
1723 2796 1751 2841 c.
1768 2777 1821 2840 vel

475 2902 529 2949 sc.
543 2889 721 2969 spectante
736 2880 780 2950 ad
796 2882 872 2946 coll.
889 2889 954 2947 etc.
971 2881 1103 2949 abbatis
1125 2889 1160 2947 et
1176 2888 1364 2946 conventus
1386 2879 1580 2945 monasterii
1594 2879 1625 2945 S.
1641 2877 1818 2958 Trudonis,

475 2982 622 3052 Leodien.
650 2984 748 3065 dioc,
776 2984 1000 3049 communiter
1021 2985 1079 3049 vel
1106 2984 1251 3065 divisim,
1278 2983 1367 3071 [vac.
1390 2983 1445 3048 vel
1472 2981 1825 3068 vacat.],1dignemini

474 3089 718 3156 misericorditer
733 3088 920 3174 providere,
938 3097 1002 3154 etc.
1020 3109 1114 3167 ;,non
1131 3092 1217 3155 obst.
1241 3087 1358 3173 gratia,
1382 3107 1485 3172 quam
1500 3085 1649 3151 nondum
1666 3093 1717 3150 est
1733 3106 1821 3150 asse

474 3203 566 3272 cutus,
582 3194 625 3260 de
642 3192 738 3258 altari
754 3193 808 3256 vel
832 3193 972 3277 capella,
998 3193 1091 3277 cujus
1117 3194 1218 3257 annui
1246 3190 1393 3255 redditus
1409 3211 1574 3256 summam
1601 3210 1641 3253 20
1669 3189 1822 3254 florenor.

473 3316 527 3361 non
543 3298 722 3375 excedunt,
736 3304 770 3361 et
788 3316 864 3361 cnm
882 3297 956 3360 aliis
976 3317 1045 3360 non
1063 3297 1274 3361 obstantibus
1298 3303 1363 3365 616.
1380 3303 1417 3360 ut
1434 3294 1467 3358 in
1493 3294 1608 3364 forma.
1625 3334 1667 3341 -
1685 3291 1822 3358 Habeat

473 3400 589 3466 adcoll.
606 3400 725 3465 decani
742 3408 777 3463 et
801 3400 936 3484 capituli
961 3400 1043 3464 eccl.
1068 3400 1099 3464 S.
1123 3399 1263 3463 Servatii
1288 3398 1521 3481 TrajectensiS,
1547 3397 1821 3475 Leodien.dioc.,

474 3504 684 3569 communiter
699 3504 754 3566 vel
770 3503 914 3581 divisim,
933 3513 968 3567 ut
986 3504 1017 3566 in
1036 3503 1151 3568 sonna.
1169 3507 1237 3584 (19,
1256 3503 1335 3585 214)

510 3644 605 3706 1725.
634 3639 727 3722 Mag.
756 3639 907 3703 Henrico
932 3639 1024 3704 dicto
1053 3637 1227 3704 Moleman
1255 3639 1297 3703 de
1323 3639 1425 3704 Elten
1441 3650 1461 3721 ³,
1486 3641 1608 3705 clerico
1634 3640 1821 3725 Trajecten.

474 3742 556 3825 dioc,
572 3744 615 3809 de
632 3746 709 3808 ben.
726 3764 754 3808 c.
771 3764 800 3807 6.
817 3744 871 3807 vel
889 3764 913 3808 s.
937 3764 971 3808 c.
983 3752 1161 3828 spectante
1184 3744 1408 3808 communiter
1434 3746 1487 3807 vel
1516 3745 1647 3809 divisim
1676 3745 1718 3809 ad
1746 3747 1820 3810 coll.

474 3848 629 3934 prepositi,
645 3846 766 3912 decani
783 3856 817 3911 et
846 3847 982 3931 capituli
1001 3848 1082 3912 eccl.
1100 3848 1131 3912 S.
1158 3847 1302 3926 Ruboldi
1328 3845 1590 3927 Mechliniensis,
1605 3849 1819 3914 Carneracen.

474 3950 556 4032 dioc,
575 3952 667 4040 [vac.
684 3952 738 4015 vel
757 3951 895 4036 vacatl,
913 3952 1095 4034 dignemini
1121 3952 1308 4037 providere,
1329 3972 1414 4031 ,cum
1438 3952 1672 4036 acceptatione
1691 3961 1765 4016 etc.
1784 3962 1819 4017 ut

475 4052 626 4122 informa.
641 4096 685 4104 -
702 4053 839 4119 Habeat
852 4055 897 4119 ad
913 4057 989 4120 coll.
1013 4056 1183 4140 prepositi,
1200 4055 1318 4120 decani
1335 4063 1369 4119 et
1386 4054 1521 4139 capituli
1538 4056 1619 4119 eccl.
1637 4055 1668 4120 S.
1684 4055 1819 4120 Andree

475 4156 635 4226 Colonien.
652 4169 689 4224 ut
706 4180 815 4244 supra.
931 4232 935 4238 g

508 4301 605 4362 1726.
623 4296 717 4380 Mag.
734 4298 882 4362 Amaldo
901 4298 998 4363 Haec
1014 4299 1056 4364 de
1075 4298 1235 4363 Huesden
1253 4310 1273 4378 ⁴,
1292 4298 1420 4363 ,clerico
1442 4296 1630 4383 Trajecten.
1653 4298 1751 4380 dioc,
1776 4299 1817 4364 (16

477 4397 537 4464 ben.
552 4402 634 4465 eccl.
650 4421 680 4465 6.
696 4421 725 4465 c.
742 4402 796 4465 vel
821 4423 846 4466 s.
864 4424 902 4479 6.,
920 4413 1095 4488 spectante
1123 4404 1166 4468 ad
1194 4405 1271 4467 coll.
1288 4414 1353 4468 etc.
1381 4402 1520 4468 rectoris
1544 4404 1817 4469 ecclesiarum-de

478 4498 567 4568 Orten
583 4514 618 4568 et
633 4505 675 4569 de
692 4503 931 4579 BuschodnciS,
948 4506 1107 4570 Leodien.
1132 4506 1230 4585 dioc,
1247 4527 1386 4589 quarum
1414 4526 1481 4571 una
1496 4506 1665 4592 dependet
1682 4510 1724 4571 ab
1741 4507 1817 4584 alia,

482 4601 555 4687 [rac.
570 4610 634 4674 vel.
651 4609 778 4696 vacat]
805 4621 880 4688 etc,
898 4612 1027 4675 etiarnsi
1053 4632 1112 4696 per
1137 4610 1268 4675 obitum
1293 4611 1432 4695 alicujus
1458 4611 1610 4676 incuria
1639 4611 1747 4691 Rom,
1765 4614 1816 4676 vel

481 4726 525 4788 per
538 4712 673 4777 liberam
689 4713 947 4797 resignationem
973 4715 1004 4777 in
1022 4715 1139 4778 eadem
1157 4736 1275 4779 vacare
1299 4715 1486 4799 contigerit,
1509 4715 1691 4799 dignemini
1705 4718 1817 4799 provi-

483 4808 544 4875 dere
558 4837 565 4892 ;
580 4836 646 4880 non
664 4819 749 4881 obst.
766 4818 872 4900 gratia
899 4818 1045 4898 generali
1074 4818 1135 4881 sibi
1164 4838 1223 4902 per
1251 4818 1282 4882 S.
1299 4817 1338 4882 V.
1356 4818 1446 4884 sacta
1473 4818 1516 4882 ad
1544 4819 1620 4882 coll.
1648 4819 1766 4884 decani
1784 4831 1817 4885 et

487 4915 597 4997 capituli
610 4921 749 4985 ecclesie
765 4920 807 4985 de
823 4922 1031 5001 Zantbomel,
1049 4943 1148 5005 quam
1173 4922 1322 4986 nondum
1339 4932 1390 4986 est
1415 4931 1601 5001 assecutus,
1626 4944 1726 5006 quam
1756 4926 1814 4989 sibi

491 5050 712 5069 κ-

518 5120 563 5167 1.11
573 5124 608 5172 lnt
620 5128 734 5190 presente
745 5133 760 5178 it
773 5139 840 5178 66116
852 5131 1009 5192 clmpollcnic
1021 5146 1051 5178 66
1067 5133 1127 5178 1335
1149 5131 1314 5192 (Hautcoeur,
1332 5128 1429 5178 (arr-tal.
1442 5131 1549 5188 (373).-
1563 5133 1585 5177 2.
1598 5131 1700 5189 Denide,
1717 5131 1749 5187 ll,
1764 5134 1818 5180 6111.

495 5193 843 5255 -1.11,11,616.-1.]6,,
860 5204 892 5261 ll,
907 5206 961 5251 618.

536 5280 583 5324 tna.
596 5287 637 5330 va
654 5292 713 5343 aaz.
1748 5308 1772 5346 ²⁹
