<?xml version="1.0" encoding="UTF-8"?>
<!DOCTYPE html PUBLIC "-//W3C//DTD XHTML 1.0 Transitional//EN"
    "http://www.w3.org/TR/xhtml1/DTD/xhtml1-transitional.dtd">
<html xmlns="http://www.w3.org/1999/xhtml" xml:lang="en" lang="en">
 <head>
  <title>
</title>
<meta http-equiv="Content-Type" content="text/html;charset=utf-8" />
  <meta name='ocr-system' content='tesseract 3.04.00' />
  <meta name='ocr-capabilities' content='ocr_page ocr_carea ocr_par ocr_line ocrx_word'/>
</head>
<body>
  <div class='ocr_page' id='page_1' title='image "./suppliquesdeclm00goog_0220.png"; bbox 0 0 4650 6059; ppageno 0'>
   <div class='ocr_carea' id='block_1_1' title="bbox 962 748 1768 824">
    <p class='ocr_par' dir='ltr' id='par_1_1' title="bbox 962 748 1768 824">
     <span class='ocr_line' id='line_1_1' title="bbox 962 748 1768 824; baseline 0.01 -8"><span class='ocrx_word' id='word_1_1' title='bbox 962 749 1050 824; x_wconf 76' lang='lat'><strong>¹844,</strong></span> <span class='ocrx_word' id='word_1_2' title='bbox 1073 749 1103 814; x_wconf 97' lang='grc'><strong>11</strong></span> <span class='ocrx_word' id='word_1_3' title='bbox 1125 748 1211 814; x_wconf 81' lang='lat' dir='ltr'><strong>avril</strong></span> <span class='ocrx_word' id='word_1_4' title='bbox 1711 757 1768 824; x_wconf 79' lang='grc'>1115</span> 
     </span>
    </p>
   </div>
   <div class='ocr_carea' id='block_1_2' title="bbox 391 898 1774 2239">
    <p class='ocr_par' dir='ltr' id='par_1_2' title="bbox 391 898 1774 2239">
     <span class='ocr_line' id='line_1_2' title="bbox 391 898 1769 989; baseline 0.004 -21"><span class='ocrx_word' id='word_1_5' title='bbox 391 899 559 969; x_wconf 71' lang='lat' dir='ltr'><strong>leodien.</strong></span> <span class='ocrx_word' id='word_1_6' title='bbox 583 901 688 985; x_wconf 72' lang='lat' dir='ltr'><strong>dioc„</strong></span> <span class='ocrx_word' id='word_1_7' title='bbox 715 922 819 989; x_wconf 90' lang='lat' dir='ltr'><strong>quam</strong></span> <span class='ocrx_word' id='word_1_8' title='bbox 842 899 1013 988; x_wconf 86' lang='lat' dir='ltr'><strong>quondam</strong></span> <span class='ocrx_word' id='word_1_9' title='bbox 1036 898 1213 978; x_wconf 88' lang='lat' dir='ltr'><strong>Johannes</strong></span> <span class='ocrx_word' id='word_1_10' title='bbox 1236 900 1280 968; x_wconf 90' lang='lat' dir='ltr'><strong>de</strong></span> <span class='ocrx_word' id='word_1_11' title='bbox 1305 901 1412 988; x_wconf 89' lang='lat' dir='ltr'><strong>Aquis</strong></span> <span class='ocrx_word' id='word_1_12' title='bbox 1424 912 1443 985; x_wconf 89' lang='lat'><strong>¹,</strong></span> <span class='ocrx_word' id='word_1_13' title='bbox 1469 902 1560 972; x_wconf 85' lang='lat' dir='ltr'><strong>dicte</strong></span> <span class='ocrx_word' id='word_1_14' title='bbox 1574 904 1672 989; x_wconf 82' lang='lat' dir='ltr'><strong>dioc,</strong></span> <span class='ocrx_word' id='word_1_15' title='bbox 1687 907 1769 976; x_wconf 89' lang='lat' dir='ltr'><strong>dum</strong></span> 
     </span>
     <span class='ocr_line' id='line_1_3' title="bbox 394 1004 1767 1094; baseline 0.004 -22"><span class='ocrx_word' id='word_1_16' title='bbox 394 1004 539 1088; x_wconf 79' lang='lat' dir='ltr'><strong>vireret,</strong></span> <span class='ocrx_word' id='word_1_17' title='bbox 555 1007 749 1090; x_wconf 79' lang='lat' dir='ltr'>obtinebat,</span> <span class='ocrx_word' id='word_1_18' title='bbox 764 1025 837 1074; x_wconf 75' lang='lat' dir='ltr'><strong>vac.</strong></span> <span class='ocrx_word' id='word_1_19' title='bbox 851 1005 943 1094; x_wconf 87' lang='lat' dir='ltr'><strong>apud</strong></span> <span class='ocrx_word' id='word_1_20' title='bbox 965 1004 1035 1073; x_wconf 88' lang='lat' dir='ltr'><strong>sed</strong></span> <span class='ocrx_word' id='word_1_21' title='bbox 1049 1012 1171 1092; x_wconf 84' lang='lat' dir='ltr'><strong>apost,</strong></span> <span class='ocrx_word' id='word_1_22' title='bbox 1186 1025 1248 1093; x_wconf 94' lang='lat' dir='ltr'><strong>pro</strong></span> <span class='ocrx_word' id='word_1_23' title='bbox 1262 1026 1305 1074; x_wconf 88' lang='lat' dir='ltr'><strong>eo</strong></span> <span class='ocrx_word' id='word_1_24' title='bbox 1325 1006 1417 1091; x_wconf 91' lang='lat' dir='ltr'><strong>quod</strong></span> <span class='ocrx_word' id='word_1_25' title='bbox 1431 1005 1464 1073; x_wconf 92' lang='lat' dir='ltr'><strong>S.</strong></span> <span class='ocrx_word' id='word_1_26' title='bbox 1478 1005 1520 1074; x_wconf 93' lang='lat' dir='ltr'><strong>V.</strong></span> <span class='ocrx_word' id='word_1_27' title='bbox 1535 1009 1650 1076; x_wconf 87' lang='lat' dir='ltr'><strong>omnia</strong></span> <span class='ocrx_word' id='word_1_28' title='bbox 1662 1013 1767 1077; x_wconf 90' lang='lat' dir='ltr'><strong>bene·</strong></span> 
     </span>
     <span class='ocr_line' id='line_1_4' title="bbox 397 1107 1769 1197; baseline 0.003 -20"><span class='ocrx_word' id='word_1_29' title='bbox 397 1109 471 1177; x_wconf 85' lang='lat' dir='ltr'><strong>ficia</strong></span> <span class='ocrx_word' id='word_1_30' title='bbox 487 1109 576 1176; x_wconf 87' lang='lat' dir='ltr'><strong>dicti</strong></span> <span class='ocrx_word' id='word_1_31' title='bbox 593 1107 774 1192; x_wconf 88' lang='lat' dir='ltr'><strong>Johannis,</strong></span> <span class='ocrx_word' id='word_1_32' title='bbox 790 1117 870 1176; x_wconf 83' lang='lat' dir='ltr'><strong>ante</strong></span> <span class='ocrx_word' id='word_1_33' title='bbox 895 1116 1041 1176; x_wconf 88' lang='lat' dir='ltr'><strong>mortem</strong></span> <span class='ocrx_word' id='word_1_34' title='bbox 1067 1108 1148 1194; x_wconf 89' lang='lat' dir='ltr'><strong>ejus,</strong></span> <span class='ocrx_word' id='word_1_35' title='bbox 1179 1128 1218 1175; x_wconf 93' lang='lat'><strong>10</strong></span> <span class='ocrx_word' id='word_1_36' title='bbox 1243 1107 1310 1176; x_wconf 87' lang='lat' dir='ltr'><strong>kal.</strong></span> <span class='ocrx_word' id='word_1_37' title='bbox 1336 1129 1416 1178; x_wconf 90' lang='lat' dir='ltr'><strong>nov.</strong></span> <span class='ocrx_word' id='word_1_38' title='bbox 1440 1117 1535 1197; x_wconf 86' lang='lat' dir='ltr'><strong>pont.</strong></span> <span class='ocrx_word' id='word_1_39' title='bbox 1550 1112 1653 1178; x_wconf 80' lang='lat' dir='ltr'><strong>vestri</strong></span> <span class='ocrx_word' id='word_1_40' title='bbox 1676 1119 1711 1180; x_wconf 86' lang='lat' dir='ltr'><strong>a⁰</strong></span> <span class='ocrx_word' id='word_1_41' title='bbox 1726 1120 1769 1194; x_wconf 83' lang='lat'><strong>2⁰,</strong></span> 
     </span>
     <span class='ocr_line' id='line_1_5' title="bbox 398 1210 1771 1302; baseline 0.004 -22"><span class='ocrx_word' id='word_1_42' title='bbox 398 1213 579 1280; x_wconf 84' lang='lat' dir='ltr'><strong>collationi</strong></span> <span class='ocrx_word' id='word_1_43' title='bbox 597 1212 687 1282; x_wconf 89' lang='lat' dir='ltr'><strong>sedis</strong></span> <span class='ocrx_word' id='word_1_44' title='bbox 701 1221 812 1302; x_wconf 75' lang='lat' dir='ltr'><strong>apost.</strong></span> <span class='ocrx_word' id='word_1_45' title='bbox 836 1212 1029 1295; x_wconf 71' lang='lat' dir='ltr'><strong>roeervavit,</strong></span> <span class='ocrx_word' id='word_1_46' title='bbox 1053 1210 1236 1298; x_wconf 85' lang='lat' dir='ltr'><strong>dignemini</strong></span> <span class='ocrx_word' id='word_1_47' title='bbox 1262 1213 1463 1300; x_wconf 87' lang='lat' dir='ltr'><strong>providere;</strong></span> <span class='ocrx_word' id='word_1_48' title='bbox 1483 1234 1553 1281; x_wconf 93' lang='lat' dir='ltr'><strong>non</strong></span> <span class='ocrx_word' id='word_1_49' title='bbox 1578 1217 1664 1284; x_wconf 89' lang='lat' dir='ltr'><strong>obst.</strong></span> <span class='ocrx_word' id='word_1_50' title='bbox 1679 1217 1771 1302; x_wconf 89' lang='lat' dir='ltr'><strong>quod</strong></span> 
     </span>
     <span class='ocr_line' id='line_1_6' title="bbox 401 1315 1771 1405; baseline 0.001 -21"><span class='ocrx_word' id='word_1_51' title='bbox 401 1337 472 1384; x_wconf 86' lang='lat' dir='ltr'><strong>can.</strong></span> <span class='ocrx_word' id='word_1_52' title='bbox 488 1327 528 1384; x_wconf 90' lang='lat' dir='ltr'><strong>et</strong></span> <span class='ocrx_word' id='word_1_53' title='bbox 542 1320 641 1405; x_wconf 91' lang='lat' dir='ltr'><strong>preb.</strong></span> <span class='ocrx_word' id='word_1_54' title='bbox 656 1317 689 1385; x_wconf 94' lang='lat' dir='ltr'><strong>S.</strong></span> <span class='ocrx_word' id='word_1_55' title='bbox 703 1315 871 1398; x_wconf 87' lang='lat' dir='ltr'><strong>Jobannis</strong></span> <span class='ocrx_word' id='word_1_56' title='bbox 896 1315 1058 1384; x_wconf 85' lang='lat' dir='ltr'><strong>Leodien.</strong></span> <span class='ocrx_word' id='word_1_57' title='bbox 1072 1315 1215 1398; x_wconf 91' lang='lat' dir='ltr'><strong>obtinet,</strong></span> <span class='ocrx_word' id='word_1_58' title='bbox 1237 1323 1274 1384; x_wconf 91' lang='lat' dir='ltr'><strong>et</strong></span> <span class='ocrx_word' id='word_1_59' title='bbox 1298 1316 1341 1385; x_wconf 92' lang='lat' dir='ltr'><strong>de</strong></span> <span class='ocrx_word' id='word_1_60' title='bbox 1361 1337 1437 1384; x_wconf 90' lang='lat' dir='ltr'><strong>can.</strong></span> <span class='ocrx_word' id='word_1_61' title='bbox 1451 1325 1488 1384; x_wconf 92' lang='lat' dir='ltr'><strong>et</strong></span> <span class='ocrx_word' id='word_1_62' title='bbox 1512 1320 1606 1404; x_wconf 83' lang='lat' dir='ltr'><strong>preb.</strong></span> <span class='ocrx_word' id='word_1_63' title='bbox 1621 1319 1654 1387; x_wconf 90' lang='lat' dir='ltr'><strong>S.</strong></span> <span class='ocrx_word' id='word_1_64' title='bbox 1669 1319 1771 1388; x_wconf 89' lang='lat' dir='ltr'><strong>Adel·</strong></span> 
     </span>
     <span class='ocr_line' id='line_1_7' title="bbox 400 1419 1771 1510; baseline 0.001 -20"><span class='ocrx_word' id='word_1_65' title='bbox 400 1423 486 1490; x_wconf 86' lang='lat' dir='ltr'><strong>berti</strong></span> <span class='ocrx_word' id='word_1_66' title='bbox 501 1431 605 1490; x_wconf 78' lang='lat' dir='ltr'><strong>extra</strong></span> <span class='ocrx_word' id='word_1_67' title='bbox 626 1443 741 1490; x_wconf 86' lang='lat' dir='ltr'><strong>muros</strong></span> <span class='ocrx_word' id='word_1_68' title='bbox 756 1424 940 1507; x_wconf 86' lang='lat' dir='ltr'><strong>Aquenses,</strong></span> <span class='ocrx_word' id='word_1_69' title='bbox 955 1420 1046 1489; x_wconf 88' lang='lat' dir='ltr'><strong>dicte</strong></span> <span class='ocrx_word' id='word_1_70' title='bbox 1073 1419 1235 1488; x_wconf 86' lang='lat' dir='ltr'><strong>Leodien.</strong></span> <span class='ocrx_word' id='word_1_71' title='bbox 1260 1419 1359 1503; x_wconf 67' lang='lat' dir='ltr'><strong>dioc„</strong></span> <span class='ocrx_word' id='word_1_72' title='bbox 1385 1420 1613 1505; x_wconf 85' lang='lat' dir='ltr'><strong>ecclesiarum,</strong></span> <span class='ocrx_word' id='word_1_73' title='bbox 1628 1443 1771 1510; x_wconf 88' lang='lat' dir='ltr'><strong>quorum</strong></span> 
     </span>
     <span class='ocr_line' id='line_1_8' title="bbox 404 1523 1771 1615; baseline 0.001 -21"><span class='ocrx_word' id='word_1_74' title='bbox 404 1547 475 1594; x_wconf 82' lang='lat' dir='ltr'><strong>can.</strong></span> <span class='ocrx_word' id='word_1_75' title='bbox 491 1537 532 1594; x_wconf 86' lang='lat' dir='ltr'><strong>et</strong></span> <span class='ocrx_word' id='word_1_76' title='bbox 546 1529 644 1615; x_wconf 84' lang='lat' dir='ltr'>preb.</span> <span class='ocrx_word' id='word_1_77' title='bbox 670 1527 703 1595; x_wconf 89' lang='lat' dir='ltr'><strong>S.</strong></span> <span class='ocrx_word' id='word_1_78' title='bbox 729 1525 903 1594; x_wconf 87' lang='lat' dir='ltr'><strong>Adelberti</strong></span> <span class='ocrx_word' id='word_1_79' title='bbox 918 1525 1055 1608; x_wconf 82' lang='lat' dir='ltr'><strong>fructus,</strong></span> <span class='ocrx_word' id='word_1_80' title='bbox 1070 1524 1252 1593; x_wconf 85' lang='lat' dir='ltr'><strong>redditus...</strong></span> <span class='ocrx_word' id='word_1_81' title='bbox 1272 1544 1309 1611; x_wconf 89' lang='lat'><strong>15</strong></span> <span class='ocrx_word' id='word_1_82' title='bbox 1324 1523 1382 1592; x_wconf 90' lang='lat' dir='ltr'><strong>lib.</strong></span> <span class='ocrx_word' id='word_1_83' title='bbox 1405 1523 1484 1592; x_wconf 90' lang='lat' dir='ltr'><strong>Tur.</strong></span> <span class='ocrx_word' id='word_1_84' title='bbox 1498 1545 1604 1613; x_wconf 64' lang='lat' dir='ltr'><strong>parv„</strong></span> <span class='ocrx_word' id='word_1_85' title='bbox 1619 1547 1686 1594; x_wconf 90' lang='lat' dir='ltr'><strong>sec.</strong></span> <span class='ocrx_word' id='word_1_86' title='bbox 1701 1535 1771 1596; x_wconf 86' lang='lat' dir='ltr'><strong>tax.</strong></span> 
     </span>
     <span class='ocr_line' id='line_1_9' title="bbox 405 1619 1772 1719; baseline 0.001 -22"><span class='ocrx_word' id='word_1_87' title='bbox 405 1629 548 1713; x_wconf 86' lang='lat' dir='ltr'><strong>decime,</strong></span> <span class='ocrx_word' id='word_1_88' title='bbox 563 1649 637 1697; x_wconf 93' lang='lat' dir='ltr'><strong>non</strong></span> <span class='ocrx_word' id='word_1_89' title='bbox 651 1630 830 1713; x_wconf 85' lang='lat' dir='ltr'><strong>excedunt,</strong></span> <span class='ocrx_word' id='word_1_90' title='bbox 846 1630 967 1717; x_wconf 85' lang='lat' dir='ltr'><strong>litigat,</strong></span> <span class='ocrx_word' id='word_1_91' title='bbox 982 1637 1018 1696; x_wconf 90' lang='lat' dir='ltr'><strong>et</strong></span> <span class='ocrx_word' id='word_1_92' title='bbox 1043 1627 1135 1714; x_wconf 89' lang='lat' dir='ltr'><strong>quod</strong></span> <span class='ocrx_word' id='word_1_93' title='bbox 1149 1619 1194 1697; x_wconf 88' lang='lat' dir='ltr'><strong>de</strong></span> <span class='ocrx_word' id='word_1_94' title='bbox 1218 1648 1294 1695; x_wconf 86' lang='lat' dir='ltr'><strong>can.</strong></span> <span class='ocrx_word' id='word_1_95' title='bbox 1310 1628 1392 1695; x_wconf 88' lang='lat' dir='ltr'><strong>eccl.</strong></span> <span class='ocrx_word' id='word_1_96' title='bbox 1420 1625 1460 1694; x_wconf 90' lang='lat' dir='ltr'><strong>B.</strong></span> <span class='ocrx_word' id='word_1_97' title='bbox 1476 1626 1527 1695; x_wconf 88' lang='lat' dir='ltr'><strong>M.</strong></span> <span class='ocrx_word' id='word_1_98' title='bbox 1542 1629 1577 1695; x_wconf 88' lang='lat' dir='ltr'><strong>in</strong></span> <span class='ocrx_word' id='word_1_99' title='bbox 1601 1629 1772 1719; x_wconf 88' lang='lat' dir='ltr'><strong>Capitolio</strong></span> 
     </span>
     <span class='ocr_line' id='line_1_10' title="bbox 406 1731 1772 1824; baseline 0.001 -22"><span class='ocrx_word' id='word_1_100' title='bbox 406 1733 585 1802; x_wconf 85' lang='lat' dir='ltr'><strong>Colonien.</strong></span> <span class='ocrx_word' id='word_1_101' title='bbox 610 1737 672 1802; x_wconf 87' lang='lat' dir='ltr'><strong>sub</strong></span> <span class='ocrx_word' id='word_1_102' title='bbox 686 1754 764 1824; x_wconf 86' lang='lat' dir='ltr'><strong>exp.</strong></span> <span class='ocrx_word' id='word_1_103' title='bbox 778 1737 871 1823; x_wconf 89' lang='lat' dir='ltr'><strong>preb.</strong></span> <span class='ocrx_word' id='word_1_104' title='bbox 886 1753 928 1802; x_wconf 85' lang='lat' dir='ltr'><strong>ac</strong></span> <span class='ocrx_word' id='word_1_105' title='bbox 952 1731 1174 1822; x_wconf 80' lang='lat' dir='ltr'><strong>prestimonii,</strong></span> <span class='ocrx_word' id='word_1_106' title='bbox 1197 1731 1299 1800; x_wconf 90' lang='lat' dir='ltr'><strong>curtis</strong></span> <span class='ocrx_word' id='word_1_107' title='bbox 1326 1739 1363 1798; x_wconf 92' lang='lat' dir='ltr'><strong>et·</strong></span> <span class='ocrx_word' id='word_1_108' title='bbox 1388 1732 1540 1815; x_wconf 77' lang='lat' dir='ltr'><strong>ecclesie,</strong></span> <span class='ocrx_word' id='word_1_109' title='bbox 1553 1733 1600 1820; x_wconf 85' lang='grc' dir='ltr'><strong>Ι311</strong></span> <span class='ocrx_word' id='word_1_110' title='bbox 1613 1755 1674 1822; x_wconf 84' lang='lat' dir='ltr'><strong>per</strong></span> <span class='ocrx_word' id='word_1_111' title='bbox 1688 1734 1721 1802; x_wconf 94' lang='lat' dir='ltr'><strong>S.</strong></span> <span class='ocrx_word' id='word_1_112' title='bbox 1731 1734 1772 1804; x_wconf 87' lang='lat' dir='ltr'><strong>V.</strong></span> 
     </span>
     <span class='ocr_line' id='line_1_11' title="bbox 408 1835 1772 1926; baseline 0 -20"><span class='ocrx_word' id='word_1_113' title='bbox 408 1837 517 1906; x_wconf 77' lang='lat' dir='ltr'><strong>eidem</strong></span> <span class='ocrx_word' id='word_1_114' title='bbox 541 1839 728 1926; x_wconf 87' lang='lat' dir='ltr'><strong>provisum,</strong></span> <span class='ocrx_word' id='word_1_115' title='bbox 763 1837 816 1907; x_wconf 93' lang='lat' dir='ltr'><strong>cui</strong></span> <span class='ocrx_word' id='word_1_116' title='bbox 851 1836 1081 1926; x_wconf 85' lang='lat' dir='ltr'><strong>expectationi</strong></span> <span class='ocrx_word' id='word_1_117' title='bbox 1108 1857 1168 1904; x_wconf 88' lang='lat' dir='ltr'><strong>seu</strong></span> <span class='ocrx_word' id='word_1_118' title='bbox 1192 1835 1300 1922; x_wconf 83' lang='lat' dir='ltr'><strong>gratie</strong></span> <span class='ocrx_word' id='word_1_119' title='bbox 1328 1842 1466 1923; x_wconf 83' lang='lat' dir='ltr'><strong>paratus</strong></span> <span class='ocrx_word' id='word_1_120' title='bbox 1495 1844 1547 1903; x_wconf 80' lang='lat' dir='ltr'><strong>eet</strong></span> <span class='ocrx_word' id='word_1_121' title='bbox 1572 1839 1772 1921; x_wconf 84' lang='lat' dir='ltr'><strong>remmtiare,</strong></span> 
     </span>
     <span class='ocr_line' id='line_1_12' title="bbox 409 1938 1774 2030; baseline -0.001 -19"><span class='ocrx_word' id='word_1_122' title='bbox 409 1961 509 2028; x_wconf 73' lang='lat' dir='ltr'><strong>quam</strong></span> <span class='ocrx_word' id='word_1_123' title='bbox 523 1941 671 2030; x_wconf 89' lang='lat' dir='ltr'><strong>primurn</strong></span> <span class='ocrx_word' id='word_1_124' title='bbox 686 1942 777 2011; x_wconf 88' lang='lat' dir='ltr'><strong>dicte</strong></span> <span class='ocrx_word' id='word_1_125' title='bbox 792 1941 945 2030; x_wconf 84' lang='lat' dir='ltr'><strong>parroch.</strong></span> <span class='ocrx_word' id='word_1_126' title='bbox 960 1943 1043 2010; x_wconf 87' lang='lat' dir='ltr'><strong>eccl.</strong></span> <span class='ocrx_word' id='word_1_127' title='bbox 1058 1940 1305 2027; x_wconf 85' lang='lat' dir='ltr'><strong>possessionem</strong></span> <span class='ocrx_word' id='word_1_128' title='bbox 1319 1938 1420 2006; x_wconf 85' lang='lat' dir='ltr'><strong>fuerit</strong></span> <span class='ocrx_word' id='word_1_129' title='bbox 1432 1939 1575 2027; x_wconf 86' lang='lat' dir='ltr'><strong>pacifice</strong></span> <span class='ocrx_word' id='word_1_130' title='bbox 1591 1949 1774 2010; x_wconf 70' lang='lat' dir='ltr'><strong>assecutus</strong></span> 
     </span>
     <span class='ocr_line' id='line_1_13' title="bbox 411 2044 615 2114; baseline 0 -1"><span class='ocrx_word' id='word_1_131' title='bbox 411 2085 449 2098; x_wconf 89' lang='lat'>-</span> <span class='ocrx_word' id='word_1_132' title='bbox 472 2044 554 2114; x_wconf 87' lang='lat' dir='ltr'><strong>Fiat</strong></span> <span class='ocrx_word' id='word_1_133' title='bbox 574 2045 615 2113; x_wconf 85' lang='lat' dir='ltr'><strong>R</strong></span> 
     </span>
     <span class='ocr_line' id='line_1_14' title="bbox 451 2149 1144 2239; baseline 0 -24"><span class='ocrx_word' id='word_1_134' title='bbox 451 2149 531 2216; x_wconf 79' lang='lat' dir='ltr'><strong>Dat.</strong></span> <span class='ocrx_word' id='word_1_135' title='bbox 547 2150 650 2219; x_wconf 83' lang='lat' dir='ltr'><strong>Avin.</strong></span> <span class='ocrx_word' id='word_1_136' title='bbox 666 2171 686 2238; x_wconf 82' lang='lat'>3</span> <span class='ocrx_word' id='word_1_137' title='bbox 704 2150 748 2219; x_wconf 88' lang='lat' dir='ltr'><strong>id</strong></span> <span class='ocrx_word' id='word_1_138' title='bbox 762 2150 859 2239; x_wconf 85' lang='lat' dir='ltr'><strong>april.</strong></span> <span class='ocrx_word' id='word_1_139' title='bbox 873 2157 907 2218; x_wconf 84' lang='lat' dir='ltr'><strong>a⁰</strong></span> <span class='ocrx_word' id='word_1_140' title='bbox 924 2157 966 2217; x_wconf 85' lang='lat'><strong>2⁰.</strong></span> <span class='ocrx_word' id='word_1_141' title='bbox 983 2150 1035 2232; x_wconf 81' lang='lat'><strong>(4,</strong></span> <span class='ocrx_word' id='word_1_142' title='bbox 1053 2150 1144 2235; x_wconf 87' lang='lat'><strong>278).</strong></span> 
     </span>
    </p>
   </div>
   <div class='ocr_carea' id='block_1_3' title="bbox 417 2287 1809 2904">
    <p class='ocr_par' dir='ltr' id='par_1_3' title="bbox 417 2287 1809 2802">
     <span class='ocr_line' id='line_1_15' title="bbox 459 2287 1809 2390; baseline -0.007 -16"><span class='ocrx_word' id='word_1_143' title='bbox 459 2287 580 2374; x_wconf 81' lang='grc'>698.</span> <span class='ocrx_word' id='word_1_144' title='bbox 1462 2319 1558 2385; x_wconf 76' lang='lat'><em>1344,</em></span> <span class='ocrx_word' id='word_1_145' title='bbox 1574 2319 1615 2366; x_wconf 85' lang='grc' dir='ltr'><strong>ιι</strong></span> <span class='ocrx_word' id='word_1_146' title='bbox 1631 2301 1730 2367; x_wconf 85' lang='lat' dir='ltr'><strong>avril.</strong></span> <span class='ocrx_word' id='word_1_147' title='bbox 1806 2385 1809 2390; x_wconf 21' lang='grc' dir='ltr'>Ι</span> 
     </span>
     <span class='ocr_line' id='line_1_16' title="bbox 452 2401 1773 2494; baseline -0.002 -20"><span class='ocrx_word' id='word_1_148' title='bbox 452 2405 556 2494; x_wconf 84' lang='lat' dir='ltr'><strong>Supp.</strong></span> <span class='ocrx_word' id='word_1_149' title='bbox 569 2404 740 2487; x_wconf 85' lang='lat' dir='ltr'><strong>Jobanna,</strong></span> <span class='ocrx_word' id='word_1_150' title='bbox 768 2403 910 2472; x_wconf 77' lang='lat' dir='ltr'><strong>Francis</strong></span> <span class='ocrx_word' id='word_1_151' title='bbox 935 2411 971 2472; x_wconf 87' lang='lat' dir='ltr'><strong>et</strong></span> <span class='ocrx_word' id='word_1_152' title='bbox 997 2401 1152 2471; x_wconf 86' lang='lat' dir='ltr'><strong>Navarre</strong></span> <span class='ocrx_word' id='word_1_153' title='bbox 1176 2402 1300 2490; x_wconf 81' lang='lat' dir='ltr'><strong>regina,</strong></span> <span class='ocrx_word' id='word_1_154' title='bbox 1325 2410 1419 2488; x_wconf 81' lang='lat' dir='ltr'><strong>quat</strong></span> <span class='ocrx_word' id='word_1_155' title='bbox 1437 2401 1639 2492; x_wconf 86' lang='lat' dir='ltr'><strong>[Godefiido</strong></span> <span class='ocrx_word' id='word_1_156' title='bbox 1654 2401 1773 2485; x_wconf 86' lang='lat' dir='ltr'><strong>Cavot,</strong></span> 
     </span>
     <span class='ocr_line' id='line_1_17' title="bbox 417 2505 1774 2598; baseline -0.002 -20"><span class='ocrx_word' id='word_1_157' title='bbox 417 2513 532 2596; x_wconf 70' lang='lat' dir='ltr'><strong>presb„</strong></span> <span class='ocrx_word' id='word_1_158' title='bbox 548 2507 641 2598; x_wconf 80' lang='lat' dir='ltr'><strong>cap]</strong></span> <span class='ocrx_word' id='word_1_159' title='bbox 668 2506 708 2576; x_wconf 89' lang='lat' dir='ltr'><strong>B.</strong></span> <span class='ocrx_word' id='word_1_160' title='bbox 725 2506 775 2576; x_wconf 92' lang='lat' dir='ltr'><strong>M.</strong></span> <span class='ocrx_word' id='word_1_161' title='bbox 801 2508 835 2574; x_wconf 94' lang='lat' dir='ltr'><strong>in</strong></span> <span class='ocrx_word' id='word_1_162' title='bbox 851 2509 934 2576; x_wconf 88' lang='lat' dir='ltr'><strong>eccl.</strong></span> <span class='ocrx_word' id='word_1_163' title='bbox 950 2507 983 2575; x_wconf 90' lang='lat' dir='ltr'><strong>S.</strong></span> <span class='ocrx_word' id='word_1_164' title='bbox 1006 2506 1128 2586; x_wconf 91' lang='lat' dir='ltr'><strong>Jacobi</strong></span> <span class='ocrx_word' id='word_1_165' title='bbox 1156 2505 1370 2588; x_wconf 87' lang='lat' dir='ltr'><strong>Nivellensis,</strong></span> <span class='ocrx_word' id='word_1_166' title='bbox 1386 2505 1548 2575; x_wconf 87' lang='lat' dir='ltr'><strong>Leodien.</strong></span> <span class='ocrx_word' id='word_1_167' title='bbox 1573 2506 1671 2590; x_wconf 84' lang='lat' dir='ltr'><strong>dioc,</strong></span> <span class='ocrx_word' id='word_1_168' title='bbox 1696 2510 1774 2574; x_wconf 90' lang='lat' dir='ltr'><strong>ben.</strong></span> 
     </span>
     <span class='ocr_line' id='line_1_18' title="bbox 418 2608 1776 2700; baseline -0.003 -19"><span class='ocrx_word' id='word_1_169' title='bbox 418 2613 490 2681; x_wconf 87' lang='lat' dir='ltr'><strong>eccl</strong></span> <span class='ocrx_word' id='word_1_170' title='bbox 505 2612 550 2681; x_wconf 87' lang='lat' dir='ltr'><strong>ad</strong></span> <span class='ocrx_word' id='word_1_171' title='bbox 564 2613 643 2682; x_wconf 93' lang='lat' dir='ltr'><strong>coll.</strong></span> <span class='ocrx_word' id='word_1_172' title='bbox 657 2612 759 2700; x_wconf 86' lang='lat' dir='ltr'><strong>episc.</strong></span> <span class='ocrx_word' id='word_1_173' title='bbox 774 2620 810 2679; x_wconf 86' lang='lat' dir='ltr'><strong>et</strong></span> <span class='ocrx_word' id='word_1_174' title='bbox 825 2609 1179 2699; x_wconf 87' lang='lat' dir='ltr'><strong>cap.Leodien.,cnjus</strong></span> <span class='ocrx_word' id='word_1_175' title='bbox 1193 2609 1319 2678; x_wconf 80' lang='lat' dir='ltr'><strong>fructus</strong></span> <span class='ocrx_word' id='word_1_176' title='bbox 1333 2608 1361 2677; x_wconf 86' lang='lat' dir='ltr'><strong>si</strong></span> <span class='ocrx_word' id='word_1_177' title='bbox 1375 2631 1406 2678; x_wconf 95' lang='grc'><strong>0.</strong></span> <span class='ocrx_word' id='word_1_178' title='bbox 1417 2629 1448 2678; x_wconf 94' lang='grc'><strong>0.</strong></span> <span class='ocrx_word' id='word_1_179' title='bbox 1460 2627 1512 2697; x_wconf 85' lang='lat'><strong>70,</strong></span> <span class='ocrx_word' id='word_1_180' title='bbox 1524 2610 1552 2679; x_wconf 91' lang='lat' dir='ltr'><strong>si</strong></span> <span class='ocrx_word' id='word_1_181' title='bbox 1566 2630 1593 2678; x_wconf 86' lang='lat' dir='ltr'><strong>s.</strong></span> <span class='ocrx_word' id='word_1_182' title='bbox 1608 2631 1638 2679; x_wconf 93' lang='grc'><strong>0.</strong></span> <span class='ocrx_word' id='word_1_183' title='bbox 1653 2610 1776 2678; x_wconf 85' lang='lat' dir='ltr'><strong>fuerint</strong></span> 
     </span>
     <span class='ocr_line' id='line_1_19' title="bbox 421 2711 1345 2802; baseline 0.001 -22"><span class='ocrx_word' id='word_1_184' title='bbox 421 2732 457 2798; x_wconf 82' lang='lat'><strong>50</strong></span> <span class='ocrx_word' id='word_1_185' title='bbox 470 2714 527 2782; x_wconf 86' lang='lat' dir='ltr'><strong>hb.</strong></span> <span class='ocrx_word' id='word_1_186' title='bbox 542 2713 622 2782; x_wconf 91' lang='lat' dir='ltr'><strong>Tur.</strong></span> <span class='ocrx_word' id='word_1_187' title='bbox 636 2733 742 2802; x_wconf 71' lang='lat' dir='ltr'><strong>parv„</strong></span> <span class='ocrx_word' id='word_1_188' title='bbox 757 2714 940 2802; x_wconf 82' lang='lat' dir='ltr'><strong>dignemini</strong></span> <span class='ocrx_word' id='word_1_189' title='bbox 955 2733 1135 2781; x_wconf 83' lang='lat' dir='ltr'><strong>reservare.</strong></span> <span class='ocrx_word' id='word_1_190' title='bbox 1149 2753 1194 2764; x_wconf 97' lang='lat'><strong>—</strong></span> <span class='ocrx_word' id='word_1_191' title='bbox 1209 2712 1288 2780; x_wconf 86' lang='lat' dir='ltr'><strong>Fiat</strong></span> <span class='ocrx_word' id='word_1_192' title='bbox 1304 2711 1345 2781; x_wconf 92' lang='lat' dir='ltr'><strong>R.</strong></span> 
     </span>
    </p>

    <p class='ocr_par' dir='ltr' id='par_1_4' title="bbox 457 2817 1153 2904">
     <span class='ocr_line' id='line_1_20' title="bbox 457 2817 1153 2904; baseline 0.001 -20"><span class='ocrx_word' id='word_1_193' title='bbox 457 2817 535 2886; x_wconf 73' lang='lat' dir='ltr'><strong>Dat.</strong></span> <span class='ocrx_word' id='word_1_194' title='bbox 549 2817 652 2885; x_wconf 80' lang='lat' dir='ltr'><strong>Avin.</strong></span> <span class='ocrx_word' id='word_1_195' title='bbox 664 2838 683 2904; x_wconf 84' lang='lat'>3</span> <span class='ocrx_word' id='word_1_196' title='bbox 699 2817 744 2886; x_wconf 93' lang='lat' dir='ltr'><strong>id.</strong></span> <span class='ocrx_word' id='word_1_197' title='bbox 758 2817 855 2904; x_wconf 84' lang='lat' dir='ltr'><strong>april.</strong></span> <span class='ocrx_word' id='word_1_198' title='bbox 868 2823 904 2884; x_wconf 82' lang='lat' dir='ltr'><strong>a⁰</strong></span> <span class='ocrx_word' id='word_1_199' title='bbox 919 2824 962 2885; x_wconf 84' lang='lat'><strong>2⁰.</strong></span> <span class='ocrx_word' id='word_1_200' title='bbox 978 2821 1029 2901; x_wconf 82' lang='lat'><strong>(4,</strong></span> <span class='ocrx_word' id='word_1_201' title='bbox 1046 2819 1153 2904; x_wconf 84' lang='lat'><strong>²7⁹&#39;)·</strong></span> 
     </span>
    </p>
   </div>
   <div class='ocr_carea' id='block_1_4' title="bbox 421 2953 1778 3366">
    <p class='ocr_par' dir='ltr' id='par_1_5' title="bbox 464 2953 1732 3054">
     <span class='ocr_line' id='line_1_21' title="bbox 464 2953 1732 3054; baseline -0.004 -14"><span class='ocrx_word' id='word_1_202' title='bbox 464 2953 582 3042; x_wconf 79' lang='grc'>699.</span> <span class='ocrx_word' id='word_1_203' title='bbox 1463 2987 1559 3054; x_wconf 71' lang='lat'><em>1344,</em></span> <span class='ocrx_word' id='word_1_204' title='bbox 1576 2988 1617 3034; x_wconf 81' lang='lat' dir='ltr'><strong>rr</strong></span> <span class='ocrx_word' id='word_1_205' title='bbox 1634 2970 1732 3035; x_wconf 83' lang='lat' dir='ltr'><strong>avril.</strong></span> 
     </span>
    </p>

    <p class='ocr_par' dir='ltr' id='par_1_6' title="bbox 421 3068 1778 3366">
     <span class='ocr_line' id='line_1_22' title="bbox 458 3068 1777 3161; baseline -0.001 -22"><span class='ocrx_word' id='word_1_206' title='bbox 458 3073 558 3161; x_wconf 89' lang='lat' dir='ltr'><strong>Supp.</strong></span> <span class='ocrx_word' id='word_1_207' title='bbox 573 3071 741 3140; x_wconf 79' lang='lat' dir='ltr'><strong>Amldus</strong></span> <span class='ocrx_word' id='word_1_208' title='bbox 755 3071 798 3140; x_wconf 91' lang='lat' dir='ltr'><strong>de</strong></span> <span class='ocrx_word' id='word_1_209' title='bbox 814 3069 962 3140; x_wconf 86' lang='lat' dir='ltr'><strong>Boscato</strong></span> <span class='ocrx_word' id='word_1_210' title='bbox 976 3086 998 3154; x_wconf 87' lang='lat'><strong>¹,</strong></span> <span class='ocrx_word' id='word_1_211' title='bbox 1014 3071 1174 3153; x_wconf 84' lang='lat' dir='ltr'><strong>subdiac,</strong></span> <span class='ocrx_word' id='word_1_212' title='bbox 1186 3071 1322 3140; x_wconf 85' lang='lat' dir='ltr'><strong>scolaris</strong></span> <span class='ocrx_word' id='word_1_213' title='bbox 1334 3071 1370 3138; x_wconf 94' lang='lat' dir='ltr'><strong>in</strong></span> <span class='ocrx_word' id='word_1_214' title='bbox 1383 3072 1455 3158; x_wconf 90' lang='lat' dir='ltr'><strong>jure</strong></span> <span class='ocrx_word' id='word_1_215' title='bbox 1467 3068 1542 3153; x_wconf 71' lang='lat' dir='ltr'><strong>clia,</strong></span> <span class='ocrx_word' id='word_1_216' title='bbox 1556 3068 1777 3157; x_wconf 87' lang='lat' dir='ltr'><strong>Burdegalen.</strong></span> 
     </span>
     <span class='ocr_line' id='line_1_23' title="bbox 421 3173 1778 3261; baseline -0.001 -19"><span class='ocrx_word' id='word_1_217' title='bbox 421 3175 509 3256; x_wconf 80' lang='lat' dir='ltr'><strong>dioc,</strong></span> <span class='ocrx_word' id='word_1_218' title='bbox 524 3176 565 3243; x_wconf 91' lang='lat' dir='ltr'><strong>R.</strong></span> <span class='ocrx_word' id='word_1_219' title='bbox 576 3174 614 3242; x_wconf 94' lang='lat' dir='ltr'><strong>P.</strong></span> <span class='ocrx_word' id='word_1_220' title='bbox 629 3173 932 3261; x_wconf 86' lang='lat' dir='ltr'><strong>dom.G(uidonis),</strong></span> <span class='ocrx_word' id='word_1_221' title='bbox 942 3173 1160 3241; x_wconf 88' lang='lat' dir='ltr'><strong>Cameracen.</strong></span> <span class='ocrx_word' id='word_1_222' title='bbox 1177 3174 1289 3260; x_wconf 76' lang='lat' dir='ltr'><strong>episc..</strong></span> <span class='ocrx_word' id='word_1_223' title='bbox 1300 3174 1478 3241; x_wconf 88' lang='lat' dir='ltr'><strong>continuus</strong></span> <span class='ocrx_word' id='word_1_224' title='bbox 1492 3183 1528 3241; x_wconf 91' lang='lat' dir='ltr'><strong>et</strong></span> <span class='ocrx_word' id='word_1_225' title='bbox 1542 3175 1698 3260; x_wconf 88' lang='lat' dir='ltr'><strong>antiquus</strong></span> <span class='ocrx_word' id='word_1_226' title='bbox 1712 3196 1778 3241; x_wconf 89' lang='lat' dir='ltr'><strong>ser·</strong></span> 
     </span>
     <span class='ocr_line' id='line_1_24' title="bbox 421 3275 1178 3366; baseline 0.003 -25"><span class='ocrx_word' id='word_1_227' title='bbox 421 3279 511 3361; x_wconf 68' lang='lat' dir='ltr'><strong>litor,</strong></span> <span class='ocrx_word' id='word_1_228' title='bbox 528 3278 605 3366; x_wconf 89' lang='lat' dir='ltr'><strong>[pro</strong></span> <span class='ocrx_word' id='word_1_229' title='bbox 620 3277 689 3346; x_wconf 92' lang='lat' dir='ltr'><strong>ind.</strong></span> <span class='ocrx_word' id='word_1_230' title='bbox 711 3278 746 3344; x_wconf 91' lang='lat' dir='ltr'><strong>in</strong></span> <span class='ocrx_word' id='word_1_231' title='bbox 762 3285 824 3345; x_wconf 89' lang='lat' dir='ltr'><strong>art.</strong></span> <span class='ocrx_word' id='word_1_232' title='bbox 839 3277 969 3364; x_wconf 89' lang='lat' dir='ltr'><strong>mort.].</strong></span> <span class='ocrx_word' id='word_1_233' title='bbox 984 3318 1028 3328; x_wconf 93' lang='lat'>—</span> <span class='ocrx_word' id='word_1_234' title='bbox 1044 3276 1121 3344; x_wconf 92' lang='lat' dir='ltr'><strong>Fiat</strong></span> <span class='ocrx_word' id='word_1_235' title='bbox 1138 3275 1178 3343; x_wconf 91' lang='lat' dir='ltr'><strong>R.</strong></span> 
     </span>
    </p>
   </div>
   <div class='ocr_carea' id='block_1_5' title="bbox 422 3380 1771 3552">
    <p class='ocr_par' dir='ltr' id='par_1_7' title="bbox 422 3380 1771 3552">
     <span class='ocr_line' id='line_1_25' title="bbox 422 3380 1771 3551; baseline 0.001 -104"><span class='ocrx_word' id='word_1_236' title='bbox 422 3381 545 3551; x_wconf 51' lang='grc' dir='ltr'><strong>Ρ11(ὲέ</strong></span> <span class='ocrx_word' id='word_1_237' title='bbox 561 3382 671 3468; x_wconf 91' lang='lat' dir='ltr'><strong>suppl.</strong></span> <span class='ocrx_word' id='word_1_238' title='bbox 686 3389 779 3466; x_wconf 89' lang='lat' dir='ltr'><strong>quat.</strong></span> <span class='ocrx_word' id='word_1_239' title='bbox 795 3382 856 3449; x_wconf 83' lang='lat' dir='ltr'><strong>sibi</strong></span> <span class='ocrx_word' id='word_1_240' title='bbox 878 3382 921 3448; x_wconf 93' lang='lat' dir='ltr'><strong>de</strong></span> <span class='ocrx_word' id='word_1_241' title='bbox 944 3382 1183 3448; x_wconf 82' lang='lat' dir='ltr'><strong>tabellionatus</strong></span> <span class='ocrx_word' id='word_1_242' title='bbox 1194 3380 1307 3447; x_wconf 89' lang='lat' dir='ltr'><strong>officio</strong></span> <span class='ocrx_word' id='word_1_243' title='bbox 1321 3381 1504 3468; x_wconf 87' lang='lat' dir='ltr'><strong>dignemini</strong></span> <span class='ocrx_word' id='word_1_244' title='bbox 1526 3382 1711 3470; x_wconf 89' lang='lat' dir='ltr'><strong>providere.</strong></span> <span class='ocrx_word' id='word_1_245' title='bbox 1739 3421 1771 3432; x_wconf 99' lang='lat'>-</span> 
     </span>
     <span class='ocr_line' id='line_1_26' title="bbox 446 3488 550 3552; baseline 0.019 -2"><span class='ocrx_word' id='word_1_246' title='bbox 446 3488 492 3552; x_wconf 90' lang='lat' dir='ltr'><strong>iat</strong></span> <span class='ocrx_word' id='word_1_247' title='bbox 542 3537 550 3552; x_wconf 94' lang='lat'><strong>.</strong></span> 
     </span>
    </p>
   </div>
   <div class='ocr_carea' id='block_1_6' title="bbox 458 3589 1147 3676">
    <p class='ocr_par' dir='ltr' id='par_1_8' title="bbox 458 3589 1147 3676">
     <span class='ocr_line' id='line_1_27' title="bbox 458 3589 1147 3676; baseline -0.001 -21"><span class='ocrx_word' id='word_1_248' title='bbox 458 3590 537 3656; x_wconf 91' lang='lat' dir='ltr'><strong>Dat.</strong></span> <span class='ocrx_word' id='word_1_249' title='bbox 553 3589 654 3655; x_wconf 89' lang='lat' dir='ltr'><strong>Avin.</strong></span> <span class='ocrx_word' id='word_1_250' title='bbox 672 3610 689 3673; x_wconf 85' lang='lat'>3</span> <span class='ocrx_word' id='word_1_251' title='bbox 707 3589 751 3656; x_wconf 91' lang='lat' dir='ltr'><strong>id.</strong></span> <span class='ocrx_word' id='word_1_252' title='bbox 768 3590 864 3676; x_wconf 89' lang='lat' dir='ltr'><strong>april.</strong></span> <span class='ocrx_word' id='word_1_253' title='bbox 880 3596 914 3656; x_wconf 88' lang='lat' dir='ltr'><strong>a⁰</strong></span> <span class='ocrx_word' id='word_1_254' title='bbox 932 3596 974 3655; x_wconf 88' lang='lat'><strong>2⁰.</strong></span> <span class='ocrx_word' id='word_1_255' title='bbox 990 3591 1041 3672; x_wconf 86' lang='lat'><strong>(4,</strong></span> <span class='ocrx_word' id='word_1_256' title='bbox 1060 3591 1147 3672; x_wconf 90' lang='lat'><strong>282).</strong></span> 
     </span>
    </p>
   </div>
   <div class='ocr_carea' id='block_1_7' title="bbox 456 3728 1777 3933">
    <p class='ocr_par' dir='ltr' id='par_1_9' title="bbox 456 3728 1777 3933">
     <span class='ocr_line' id='line_1_28' title="bbox 463 3728 1732 3824; baseline -0.004 -12"><span class='ocrx_word' id='word_1_257' title='bbox 463 3728 586 3812; x_wconf 86' lang='lat'><strong>700.</strong></span> <span class='ocrx_word' id='word_1_258' title='bbox 723 3749 727 3756; x_wconf 87' lang='grc'><strong>’</strong></span> <span class='ocrx_word' id='word_1_259' title='bbox 1465 3760 1560 3824; x_wconf 73' lang='lat'><em>1544,</em></span> <span class='ocrx_word' id='word_1_260' title='bbox 1578 3761 1617 3805; x_wconf 92' lang='lat'><strong>11</strong></span> <span class='ocrx_word' id='word_1_261' title='bbox 1635 3742 1732 3807; x_wconf 81' lang='lat' dir='ltr'><strong>avril.</strong></span> 
     </span>
     <span class='ocr_line' id='line_1_29' title="bbox 456 3841 1777 3933; baseline -0.003 -20"><span class='ocrx_word' id='word_1_262' title='bbox 456 3848 546 3933; x_wconf 91' lang='lat' dir='ltr'><strong>Sign.</strong></span> <span class='ocrx_word' id='word_1_263' title='bbox 564 3853 675 3911; x_wconf 84' lang='lat' dir='ltr'><strong>vester</strong></span> <span class='ocrx_word' id='word_1_264' title='bbox 690 3846 768 3911; x_wconf 90' lang='lat' dir='ltr'><strong>cler.</strong></span> <span class='ocrx_word' id='word_1_265' title='bbox 784 3852 818 3910; x_wconf 89' lang='lat' dir='ltr'><strong>et</strong></span> <span class='ocrx_word' id='word_1_266' title='bbox 835 3844 938 3910; x_wconf 82' lang='lat' dir='ltr'><strong>famil.</strong></span> <span class='ocrx_word' id='word_1_267' title='bbox 955 3841 989 3908; x_wconf 93' lang='lat' dir='ltr'>N</span> <span class='ocrx_word' id='word_1_268' title='bbox 992 3843 1121 3910; x_wconf 89' lang='lat' dir='ltr'><strong>icolaus</strong></span> <span class='ocrx_word' id='word_1_269' title='bbox 1137 3841 1277 3910; x_wconf 87' lang='lat' dir='ltr'><strong>Martini</strong></span> <span class='ocrx_word' id='word_1_270' title='bbox 1293 3850 1313 3924; x_wconf 85' lang='lat'><strong>³,</strong></span> <span class='ocrx_word' id='word_1_271' title='bbox 1340 3841 1372 3907; x_wconf 87' lang='lat' dir='ltr'><strong>S.</strong></span> <span class='ocrx_word' id='word_1_272' title='bbox 1389 3841 1542 3928; x_wconf 90' lang='lat' dir='ltr'><strong>Dyonisii</strong></span> <span class='ocrx_word' id='word_1_273' title='bbox 1558 3851 1593 3908; x_wconf 91' lang='lat' dir='ltr'><strong>et</strong></span> <span class='ocrx_word' id='word_1_274' title='bbox 1608 3843 1640 3908; x_wconf 91' lang='lat' dir='ltr'><strong>S.</strong></span> <span class='ocrx_word' id='word_1_275' title='bbox 1662 3843 1777 3909; x_wconf 86' lang='lat' dir='ltr'><strong>Crucis</strong></span> 
     </span>
    </p>
   </div>
   <div class='ocr_carea' id='block_1_8' title="bbox 409 3946 1778 5071">
    <p class='ocr_par' dir='ltr' id='par_1_10' title="bbox 409 3946 1778 5071">
     <span class='ocr_line' id='line_1_30' title="bbox 416 3946 1776 4034; baseline -0.004 -16"><span class='ocrx_word' id='word_1_276' title='bbox 416 3973 485 4019; x_wconf 89' lang='lat' dir='ltr'><strong>can.</strong></span> <span class='ocrx_word' id='word_1_277' title='bbox 504 3950 665 4017; x_wconf 89' lang='lat' dir='ltr'><strong>Leodien.</strong></span> <span class='ocrx_word' id='word_1_278' title='bbox 677 3948 904 4028; x_wconf 84' lang='lat' dir='ltr'><strong>ecclesiarum,</strong></span> <span class='ocrx_word' id='word_1_279' title='bbox 920 3947 1011 4033; x_wconf 93' lang='lat' dir='ltr'><strong>quod</strong></span> <span class='ocrx_word' id='word_1_280' title='bbox 1024 3947 1059 4013; x_wconf 93' lang='lat' dir='ltr'><strong>in</strong></span> <span class='ocrx_word' id='word_1_281' title='bbox 1075 3947 1214 4034; x_wconf 84' lang='lat' dir='ltr'><strong>prefatis</strong></span> <span class='ocrx_word' id='word_1_282' title='bbox 1228 3947 1377 4014; x_wconf 89' lang='lat' dir='ltr'><strong>ecclesiis</strong></span> <span class='ocrx_word' id='word_1_283' title='bbox 1392 3953 1469 4012; x_wconf 89' lang='lat' dir='ltr'><strong>sunt</strong></span> <span class='ocrx_word' id='word_1_284' title='bbox 1485 3946 1628 4031; x_wconf 86' lang='lat' dir='ltr'><strong>quedam</strong></span> <span class='ocrx_word' id='word_1_285' title='bbox 1639 3954 1776 4029; x_wconf 86' lang='lat' dir='ltr'><strong>statuta,</strong></span> 
     </span>
     <span class='ocr_line' id='line_1_31' title="bbox 413 4050 1776 4143; baseline -0.002 -22"><span class='ocrx_word' id='word_1_286' title='bbox 413 4077 471 4143; x_wconf 94' lang='lat' dir='ltr'><strong>per</strong></span> <span class='ocrx_word' id='word_1_287' title='bbox 496 4054 646 4142; x_wconf 88' lang='lat' dir='ltr'><strong>capitula</strong></span> <span class='ocrx_word' id='word_1_288' title='bbox 680 4054 827 4140; x_wconf 89' lang='lat' dir='ltr'><strong>ipsarum</strong></span> <span class='ocrx_word' id='word_1_289' title='bbox 850 4051 1066 4118; x_wconf 88' lang='lat' dir='ltr'><strong>ecclesiarum</strong></span> <span class='ocrx_word' id='word_1_290' title='bbox 1090 4054 1287 4138; x_wconf 86' lang='lat' dir='ltr'><strong>approbata,</strong></span> <span class='ocrx_word' id='word_1_291' title='bbox 1318 4050 1409 4135; x_wconf 92' lang='lat' dir='ltr'><strong>quod</strong></span> <span class='ocrx_word' id='word_1_292' title='bbox 1435 4050 1592 4117; x_wconf 85' lang='lat' dir='ltr'><strong>videlicet</strong></span> <span class='ocrx_word' id='word_1_293' title='bbox 1622 4051 1776 4118; x_wconf 89' lang='lat' dir='ltr'><strong>canonici</strong></span> 
     </span>
     <span class='ocr_line' id='line_1_32' title="bbox 413 4143 1777 4248; baseline -0.004 -22"><span class='ocrx_word' id='word_1_294' title='bbox 413 4163 562 4248; x_wconf 88' lang='lat' dir='ltr'><strong>ipsamm</strong></span> <span class='ocrx_word' id='word_1_295' title='bbox 577 4158 803 4239; x_wconf 87' lang='lat' dir='ltr'><strong>ecclesiarum,</strong></span> <span class='ocrx_word' id='word_1_296' title='bbox 820 4156 876 4242; x_wconf 91' lang='lat' dir='ltr'><strong>qui</strong></span> <span class='ocrx_word' id='word_1_297' title='bbox 892 4156 1005 4222; x_wconf 91' lang='lat' dir='ltr'><strong>inillis</strong></span> <span class='ocrx_word' id='word_1_298' title='bbox 1021 4178 1089 4222; x_wconf 92' lang='lat' dir='ltr'><strong>non</strong></span> <span class='ocrx_word' id='word_1_299' title='bbox 1107 4156 1257 4222; x_wconf 84' lang='lat' dir='ltr'><strong>fecenmt</strong></span> <span class='ocrx_word' id='word_1_300' title='bbox 1280 4176 1339 4241; x_wconf 92' lang='lat' dir='ltr'><strong>per</strong></span> <span class='ocrx_word' id='word_1_301' title='bbox 1365 4155 1449 4222; x_wconf 88' lang='lat' dir='ltr'><strong>duos</strong></span> <span class='ocrx_word' id='word_1_302' title='bbox 1464 4175 1571 4221; x_wconf 91' lang='lat' dir='ltr'><strong>annos</strong></span> <span class='ocrx_word' id='word_1_303' title='bbox 1585 4155 1641 4219; x_wconf 90' lang='lat' dir='ltr'><strong>vel</strong></span> <span class='ocrx_word' id='word_1_304' title='bbox 1667 4143 1777 4220; x_wconf 87' lang='lat' dir='ltr'><strong>minus</strong></span> 
     </span>
     <span class='ocr_line' id='line_1_33' title="bbox 410 4259 1777 4353; baseline -0.004 -22"><span class='ocrx_word' id='word_1_305' title='bbox 410 4266 558 4353; x_wconf 83' lang='lat' dir='ltr'><strong>primam</strong></span> <span class='ocrx_word' id='word_1_306' title='bbox 573 4262 789 4329; x_wconf 84' lang='lat' dir='ltr'><strong>residentiam</strong></span> <span class='ocrx_word' id='word_1_307' title='bbox 813 4262 1036 4348; x_wconf 86' lang='lat' dir='ltr'><strong>personalem,</strong></span> <span class='ocrx_word' id='word_1_308' title='bbox 1063 4281 1131 4326; x_wconf 89' lang='lat' dir='ltr'><strong>non</strong></span> <span class='ocrx_word' id='word_1_309' title='bbox 1158 4259 1348 4346; x_wconf 91' lang='lat' dir='ltr'><strong>percipiant</strong></span> <span class='ocrx_word' id='word_1_310' title='bbox 1374 4280 1492 4326; x_wconf 88' lang='lat' dir='ltr'><strong>omnes</strong></span> <span class='ocrx_word' id='word_1_311' title='bbox 1506 4259 1632 4325; x_wconf 87' lang='lat' dir='ltr'><strong>fructus</strong></span> <span class='ocrx_word' id='word_1_312' title='bbox 1645 4278 1777 4344; x_wconf 89' lang='lat' dir='ltr'><strong>grossos</strong></span> 
     </span>
     <span class='ocr_line' id='line_1_34' title="bbox 410 4363 1775 4453; baseline -0.005 -18"><span class='ocrx_word' id='word_1_313' title='bbox 410 4389 529 4435; x_wconf 90' lang='lat' dir='ltr'><strong>eorum</strong></span> <span class='ocrx_word' id='word_1_314' title='bbox 546 4365 800 4453; x_wconf 86' lang='lat' dir='ltr'><strong>prebendarum,</strong></span> <span class='ocrx_word' id='word_1_315' title='bbox 817 4364 902 4432; x_wconf 90' lang='lat' dir='ltr'><strong>sicut</strong></span> <span class='ocrx_word' id='word_1_316' title='bbox 918 4364 1043 4431; x_wconf 84' lang='lat' dir='ltr'><strong>faciunt</strong></span> <span class='ocrx_word' id='word_1_317' title='bbox 1058 4364 1105 4430; x_wconf 92' lang='lat' dir='ltr'><strong>illi</strong></span> <span class='ocrx_word' id='word_1_318' title='bbox 1118 4363 1273 4430; x_wconf 90' lang='lat' dir='ltr'><strong>canonici</strong></span> <span class='ocrx_word' id='word_1_319' title='bbox 1288 4364 1344 4448; x_wconf 93' lang='lat' dir='ltr'><strong>qui</strong></span> <span class='ocrx_word' id='word_1_320' title='bbox 1369 4363 1496 4430; x_wconf 93' lang='lat' dir='ltr'><strong>dictam</strong></span> <span class='ocrx_word' id='word_1_321' title='bbox 1511 4363 1726 4429; x_wconf 83' lang='lat' dir='ltr'><strong>residentiam</strong></span> <span class='ocrx_word' id='word_1_322' title='bbox 1742 4363 1775 4428; x_wconf 93' lang='lat' dir='ltr'><strong>in</strong></span> 
     </span>
     <span class='ocr_line' id='line_1_35' title="bbox 411 4466 1775 4557; baseline -0.004 -20"><span class='ocrx_word' id='word_1_323' title='bbox 411 4473 476 4537; x_wconf 92' lang='lat' dir='ltr'><strong>illis</strong></span> <span class='ocrx_word' id='word_1_324' title='bbox 492 4470 643 4557; x_wconf 87' lang='lat' dir='ltr'><strong>partibus</strong></span> <span class='ocrx_word' id='word_1_325' title='bbox 657 4469 921 4555; x_wconf 82' lang='lat' dir='ltr'><strong>complevemnt.</strong></span> <span class='ocrx_word' id='word_1_326' title='bbox 934 4468 1046 4552; x_wconf 79' lang='lat' dir='ltr'><strong>Quare</strong></span> <span class='ocrx_word' id='word_1_327' title='bbox 1062 4488 1157 4553; x_wconf 92' lang='lat' dir='ltr'><strong>supp.</strong></span> <span class='ocrx_word' id='word_1_328' title='bbox 1175 4467 1321 4553; x_wconf 84' lang='lat' dir='ltr'><strong>prefatus</strong></span> <span class='ocrx_word' id='word_1_329' title='bbox 1337 4466 1510 4549; x_wconf 88' lang='lat' dir='ltr'><strong>Nicolaus,</strong></span> <span class='ocrx_word' id='word_1_330' title='bbox 1523 4474 1613 4552; x_wconf 88' lang='lat' dir='ltr'><strong>quat.</strong></span> <span class='ocrx_word' id='word_1_331' title='bbox 1622 4467 1683 4533; x_wconf 92' lang='lat' dir='ltr'><strong>sibi</strong></span> <span class='ocrx_word' id='word_1_332' title='bbox 1697 4488 1775 4533; x_wconf 89' lang='lat' dir='ltr'><strong>con-</strong></span> 
     </span>
     <span class='ocr_line' id='line_1_36' title="bbox 409 4570 1775 4659; baseline -0.004 -18"><span class='ocrx_word' id='word_1_333' title='bbox 409 4575 533 4641; x_wconf 86' lang='lat' dir='ltr'><strong>cedere</strong></span> <span class='ocrx_word' id='word_1_334' title='bbox 549 4572 731 4659; x_wconf 90' lang='lat' dir='ltr'><strong>dignemini</strong></span> <span class='ocrx_word' id='word_1_335' title='bbox 759 4580 793 4636; x_wconf 88' lang='lat' dir='ltr'><strong>et</strong></span> <span class='ocrx_word' id='word_1_336' title='bbox 813 4592 890 4638; x_wconf 89' lang='lat' dir='ltr'><strong>cum</strong></span> <span class='ocrx_word' id='word_1_337' title='bbox 916 4592 958 4638; x_wconf 89' lang='lat' dir='ltr'><strong>eo</strong></span> <span class='ocrx_word' id='word_1_338' title='bbox 973 4571 1177 4657; x_wconf 87' lang='lat' dir='ltr'><strong>dispensare,</strong></span> <span class='ocrx_word' id='word_1_339' title='bbox 1194 4579 1231 4636; x_wconf 92' lang='lat' dir='ltr'><strong>ut</strong></span> <span class='ocrx_word' id='word_1_340' title='bbox 1246 4570 1337 4655; x_wconf 90' lang='lat' dir='ltr'><strong>quod</strong></span> <span class='ocrx_word' id='word_1_341' title='bbox 1352 4570 1444 4636; x_wconf 90' lang='lat' dir='ltr'><strong>nullo</strong></span> <span class='ocrx_word' id='word_1_342' title='bbox 1459 4591 1607 4654; x_wconf 91' lang='lat' dir='ltr'><strong>unquam</strong></span> <span class='ocrx_word' id='word_1_343' title='bbox 1622 4578 1775 4656; x_wconf 91' lang='lat' dir='ltr'><strong>ternpore</strong></span> 
     </span>
     <span class='ocr_line' id='line_1_37' title="bbox 410 4673 1776 4764; baseline -0.004 -19"><span class='ocrx_word' id='word_1_344' title='bbox 410 4678 454 4745; x_wconf 86' lang='lat' dir='ltr'><strong>ad</strong></span> <span class='ocrx_word' id='word_1_345' title='bbox 481 4676 694 4764; x_wconf 87' lang='lat' dir='ltr'><strong>personalem</strong></span> <span class='ocrx_word' id='word_1_346' title='bbox 717 4674 930 4740; x_wconf 87' lang='lat' dir='ltr'><strong>residentiam</strong></span> <span class='ocrx_word' id='word_1_347' title='bbox 954 4674 1140 4761; x_wconf 89' lang='lat' dir='ltr'><strong>predictam</strong></span> <span class='ocrx_word' id='word_1_348' title='bbox 1164 4673 1354 4740; x_wconf 82' lang='lat' dir='ltr'><strong>faciendam</strong></span> <span class='ocrx_word' id='word_1_349' title='bbox 1384 4674 1418 4739; x_wconf 92' lang='lat' dir='ltr'><strong>in</strong></span> <span class='ocrx_word' id='word_1_350' title='bbox 1448 4675 1527 4761; x_wconf 92' lang='lat' dir='ltr'><strong>ipsis</strong></span> <span class='ocrx_word' id='word_1_351' title='bbox 1550 4674 1698 4741; x_wconf 87' lang='lat' dir='ltr'><strong>ecclesiis</strong></span> <span class='ocrx_word' id='word_1_352' title='bbox 1721 4675 1776 4740; x_wconf 79' lang='lat' dir='ltr'><strong>vel</strong></span> 
     </span>
     <span class='ocr_line' id='line_1_38' title="bbox 411 4778 1777 4864; baseline -0.004 -17"><span class='ocrx_word' id='word_1_353' title='bbox 411 4802 531 4848; x_wconf 90' lang='lat' dir='ltr'><strong>earum</strong></span> <span class='ocrx_word' id='word_1_354' title='bbox 554 4781 659 4846; x_wconf 86' lang='lat' dir='ltr'><strong>altera</strong></span> <span class='ocrx_word' id='word_1_355' title='bbox 674 4786 839 4859; x_wconf 86' lang='lat' dir='ltr'><strong>teneatur,</strong></span> <span class='ocrx_word' id='word_1_356' title='bbox 855 4787 891 4844; x_wconf 89' lang='lat' dir='ltr'><strong>et</strong></span> <span class='ocrx_word' id='word_1_357' title='bbox 906 4778 997 4862; x_wconf 92' lang='lat' dir='ltr'><strong>quod</strong></span> <span class='ocrx_word' id='word_1_358' title='bbox 1022 4778 1132 4844; x_wconf 90' lang='lat' dir='ltr'><strong>dictos</strong></span> <span class='ocrx_word' id='word_1_359' title='bbox 1158 4778 1283 4844; x_wconf 86' lang='lat' dir='ltr'><strong>fruetus</strong></span> <span class='ocrx_word' id='word_1_360' title='bbox 1308 4799 1440 4864; x_wconf 89' lang='lat' dir='ltr'><strong>grossos</strong></span> <span class='ocrx_word' id='word_1_361' title='bbox 1465 4778 1654 4863; x_wconf 91' lang='lat' dir='ltr'><strong>ubicunque</strong></span> <span class='ocrx_word' id='word_1_362' title='bbox 1679 4778 1777 4843; x_wconf 84' lang='lat' dir='ltr'><strong>fuerit</strong></span> 
     </span>
     <span class='ocr_line' id='line_1_39' title="bbox 411 4881 1778 4969; baseline -0.004 -19"><span class='ocrx_word' id='word_1_363' title='bbox 411 4886 549 4964; x_wconf 85' lang='lat' dir='ltr'><strong>habeat,</strong></span> <span class='ocrx_word' id='word_1_364' title='bbox 565 4892 601 4948; x_wconf 92' lang='lat' dir='ltr'><strong>et</strong></span> <span class='ocrx_word' id='word_1_365' title='bbox 615 4883 649 4948; x_wconf 95' lang='lat' dir='ltr'><strong>in</strong></span> <span class='ocrx_word' id='word_1_366' title='bbox 664 4882 744 4968; x_wconf 88' lang='lat' dir='ltr'><strong>ipsis</strong></span> <span class='ocrx_word' id='word_1_367' title='bbox 760 4882 907 4949; x_wconf 90' lang='lat' dir='ltr'><strong>ecclesiis</strong></span> <span class='ocrx_word' id='word_1_368' title='bbox 922 4892 957 4948; x_wconf 89' lang='grc'><strong>01</strong></span> <span class='ocrx_word' id='word_1_369' title='bbox 972 4882 1121 4967; x_wconf 88' lang='lat' dir='ltr'><strong>qualibet</strong></span> <span class='ocrx_word' id='word_1_370' title='bbox 1136 4882 1283 4969; x_wconf 91' lang='lat' dir='ltr'><strong>ipsarum</strong></span> <span class='ocrx_word' id='word_1_371' title='bbox 1298 4882 1391 4949; x_wconf 90' lang='lat' dir='ltr'><strong>omni</strong></span> <span class='ocrx_word' id='word_1_372' title='bbox 1400 4891 1563 4968; x_wconf 84' lang='lat' dir='ltr'><strong>tempore,</strong></span> <span class='ocrx_word' id='word_1_373' title='bbox 1576 4901 1653 4948; x_wconf 90' lang='lat' dir='ltr'><strong>cum</strong></span> <span class='ocrx_word' id='word_1_374' title='bbox 1664 4881 1778 4947; x_wconf 89' lang='lat' dir='ltr'><strong>venire</strong></span> 
     </span>
     <span class='ocr_line' id='line_1_40' title="bbox 411 4985 1778 5071; baseline -0.004 -17"><span class='ocrx_word' id='word_1_375' title='bbox 411 4997 448 5054; x_wconf 91' lang='lat' dir='ltr'><strong>et</strong></span> <span class='ocrx_word' id='word_1_376' title='bbox 479 4987 525 5053; x_wconf 92' lang='lat' dir='ltr'><strong>ibi</strong></span> <span class='ocrx_word' id='word_1_377' title='bbox 541 4994 630 5052; x_wconf 86' lang='lat' dir='ltr'><strong>stare</strong></span> <span class='ocrx_word' id='word_1_378' title='bbox 645 4985 799 5068; x_wconf 87' lang='lat' dir='ltr'><strong>voluerit,</strong></span> <span class='ocrx_word' id='word_1_379' title='bbox 815 4985 993 5071; x_wconf 89' lang='lat' dir='ltr'><strong>recipiatur</strong></span> <span class='ocrx_word' id='word_1_380' title='bbox 1017 4994 1052 5051; x_wconf 86' lang='grc'><strong>01</strong></span> <span class='ocrx_word' id='word_1_381' title='bbox 1075 4986 1240 5051; x_wconf 84' lang='lat' dir='ltr'><strong>habeatur</strong></span> <span class='ocrx_word' id='word_1_382' title='bbox 1264 5006 1305 5052; x_wconf 89' lang='lat' dir='ltr'><strong>ac</strong></span> <span class='ocrx_word' id='word_1_383' title='bbox 1331 4986 1357 5051; x_wconf 90' lang='lat' dir='ltr'><strong>si</strong></span> <span class='ocrx_word' id='word_1_384' title='bbox 1380 4985 1506 5051; x_wconf 88' lang='lat' dir='ltr'><strong>dictam</strong></span> <span class='ocrx_word' id='word_1_385' title='bbox 1533 4985 1673 5071; x_wconf 90' lang='lat' dir='ltr'><strong>primam</strong></span> <span class='ocrx_word' id='word_1_386' title='bbox 1700 4985 1778 5050; x_wconf 91' lang='lat' dir='ltr'><strong>resi-</strong></span> 
     </span>
    </p>
   </div>
   <div class='ocr_carea' id='block_1_9' title="bbox 448 5181 1567 5244">
    <p class='ocr_par' dir='ltr' id='par_1_11' title="bbox 448 5181 1567 5244">
     <span class='ocr_line' id='line_1_41' title="bbox 448 5181 1567 5244; baseline -0.002 -12"><span class='ocrx_word' id='word_1_387' title='bbox 448 5188 471 5232; x_wconf 91' lang='lat' dir='ltr'><strong>l.</strong></span> <span class='ocrx_word' id='word_1_388' title='bbox 484 5182 569 5242; x_wconf 70' lang='lat' dir='ltr'><strong>vieni.</strong></span> <span class='ocrx_word' id='word_1_389' title='bbox 581 5196 606 5232; x_wconf 89' lang='lat' dir='ltr'><strong>n.</strong></span> <span class='ocrx_word' id='word_1_390' title='bbox 618 5184 682 5232; x_wconf 73' lang='lat'><strong>5602</strong></span> <span class='ocrx_word' id='word_1_391' title='bbox 694 5199 700 5240; x_wconf 85' lang='lat'>;</span> <span class='ocrx_word' id='word_1_392' title='bbox 711 5182 745 5231; x_wconf 80' lang='lat' dir='ltr'><strong>cf.</strong></span> <span class='ocrx_word' id='word_1_393' title='bbox 760 5181 858 5242; x_wconf 72' lang='lat' dir='ltr'><strong>[ibach.</strong></span> <span class='ocrx_word' id='word_1_394' title='bbox 872 5181 947 5242; x_wconf 72' lang='lat' dir='ltr'><strong>Koa.</strong></span> <span class='ocrx_word' id='word_1_395' title='bbox 959 5185 1014 5244; x_wconf 78' lang='lat'><strong>265,</strong></span> <span class='ocrx_word' id='word_1_396' title='bbox 1027 5185 1083 5232; x_wconf 77' lang='lat'><strong>272.</strong></span> <span class='ocrx_word' id='word_1_397' title='bbox 1095 5211 1127 5218; x_wconf 96' lang='lat'><strong>—</strong></span> <span class='ocrx_word' id='word_1_398' title='bbox 1140 5185 1164 5232; x_wconf 82' lang='lat'><strong>2.</strong></span> <span class='ocrx_word' id='word_1_399' title='bbox 1175 5183 1238 5233; x_wconf 82' lang='lat' dir='ltr'><strong>Voir</strong></span> <span class='ocrx_word' id='word_1_400' title='bbox 1249 5198 1274 5232; x_wconf 91' lang='lat' dir='ltr'><strong>n.</strong></span> <span class='ocrx_word' id='word_1_401' title='bbox 1286 5184 1342 5233; x_wconf 86' lang='grc'><strong>680.</strong></span> <span class='ocrx_word' id='word_1_402' title='bbox 1353 5210 1386 5218; x_wconf 93' lang='grc'>-</span> <span class='ocrx_word' id='word_1_403' title='bbox 1397 5183 1420 5232; x_wconf 85' lang='grc'><strong>3.</strong></span> <span class='ocrx_word' id='word_1_404' title='bbox 1432 5181 1494 5231; x_wconf 85' lang='lat' dir='ltr'><strong>Voir</strong></span> <span class='ocrx_word' id='word_1_405' title='bbox 1507 5196 1532 5230; x_wconf 89' lang='lat' dir='ltr'><strong>n.</strong></span> <span class='ocrx_word' id='word_1_406' title='bbox 1543 5183 1567 5231; x_wconf 77' lang='lat'><strong>6.</strong></span> 
     </span>
    </p>
   </div>
   <div class='ocr_carea' id='block_1_10' title="bbox 0 0 2344 6052">
    <p class='ocr_par' dir='ltr' id='par_1_12' title="bbox 0 0 2344 6052">
     <span class='ocr_line' id='line_1_42' title="bbox 0 0 2344 6052; baseline 0 0"><span class='ocrx_word' id='word_1_407' title='bbox 0 0 2344 6052; x_wconf 95' lang='lat' dir='ltr'><strong> </strong></span> 
     </span>
    </p>
   </div>
  </div>
 </body>
</html>
