4650 6059
998 773 1084 848 1348,
1108 774 1201 839 2829
1224 773 1291 839 mai.
1761 776 1823 841 357

517 923 820 1013 13404342.
1531 944 1625 1025 1348,
1642 944 1685 1007 28
1701 944 1777 1009 moi.

505 1048 627 1133 Supp...
642 1044 873 1111 Theodericus
886 1044 929 1110 de
947 1042 1086 1111 Hoerne
1103 1058 1121 1127 ¹,
1148 1046 1303 1112 dominus
1326 1046 1369 1112 de
1394 1046 1643 1131 Cranenburgh,
1661 1056 1821 1113 executor

477 1150 657 1220 testamenti
674 1171 733 1216 seu
759 1149 877 1216 ultime
900 1149 1084 1215 voluntatis
1109 1148 1201 1215 dom.
1229 1148 1387 1215 WiHelmi
1415 1150 1457 1215 de
1485 1149 1604 1230 Busco,
1626 1149 1753 1215 domini
1780 1150 1822 1216 de

480 1255 563 1341 Erpe,
578 1254 705 1335 militis,
721 1262 812 1338 quat.
828 1253 989 1339 cumipse
1005 1274 1066 1339 pro
1081 1254 1162 1320 dicti
1179 1254 1473 1320 dominiWillelmi
1490 1255 1532 1321 de
1549 1254 1659 1321 Busco
1674 1276 1824 1321 suorum-

484 1380 533 1443 que
558 1358 810 1445 progenitorum
834 1357 1021 1423 animarum
1052 1359 1158 1424 salute
1183 1358 1216 1424 in
1245 1358 1348 1423 fundo
1372 1359 1507 1444 proprio
1519 1359 1671 1444 jamdicti
1696 1358 1824 1424 domini

485 1462 634 1542 Willelmi,
646 1461 805 1527 videlicet
822 1460 907 1526 infra
923 1460 1113 1526 libertatem
1130 1462 1220 1548 opidi
1245 1462 1287 1528 de
1303 1461 1413 1528 Busco
1429 1462 1523 1528 ducis
1538 1462 1572 1527 in
1599 1463 1714 1549 pulcra
1729 1483 1825 1528 man-

488 1567 559 1632 sione
574 1587 653 1633 cum
665 1565 732 1631 suis
746 1564 940 1631 attinenciis
956 1564 1105 1645 eiusdem
1121 1566 1211 1631 dom.
1229 1564 1399 1645 Willelmi,
1417 1565 1590 1650 Leodyen.
1606 1565 1704 1645 dioc,
1721 1566 1825 1650 quod-

489 1670 547 1736 dam
570 1668 811 1735 monasterium
840 1688 992 1734 sororum
1021 1669 1146 1735 ordinis
1176 1670 1207 1734 S.
1238 1668 1334 1734 Clare
1361 1690 1437 1735 cum
1465 1668 1609 1735 officinis
1632 1671 1826 1736 necessariis

491 1775 612 1842 construi
621 1774 732 1840 facere
748 1772 902 1840 intendat
918 1772 1065 1858 illudque
1080 1774 1123 1840 ad
1138 1775 1287 1840 valorem
1302 1780 1529 1839 trecentorum
1541 1774 1827 1858 etquinquaginta

492 1876 668 1944 florenorum
685 1876 755 1943 auri
771 1876 825 1940 vel
841 1876 933 1960 quasi
950 1876 1051 1941 annui
1069 1884 1103 1942 et
1120 1876 1272 1963 perpetui
1290 1875 1438 1942 redditus
1453 1876 1524 1941 sive
1540 1897 1658 1943 census
1673 1877 1715 1943 de
1731 1878 1827 1944 bonis

493 1982 608 2067 propriis
621 1981 704 2048 dicti
721 1980 812 2047 dom.
828 1979 987 2045 Willelmi
997 1979 1117 2046 dotare
1129 1989 1308 2066 proponat,
1319 1990 1418 2067 prout
1431 1980 1519 2046 idern
1535 1981 1624 2048 dom.
1641 1981 1827 2048 Willelmus

494 2083 609 2153 indicto
624 2106 686 2151 suo
701 2092 909 2150 testamento
924 2083 1093 2150 ordinavit
1118 2092 1153 2149 et
1181 2084 1242 2150 sibi
1271 2085 1448 2167 commisit,
1465 2085 1507 2151 ad
1532 2105 1647 2171 opus...
1663 2087 1828 2153 abbatisse

494 2198 517 2254 et
528 2210 669 2257 sororum
693 2189 775 2255 dicti
791 2188 916 2255 ordinis
943 2188 976 2253 in
1003 2187 1095 2254 dicto
1122 2189 1325 2254 monasterio
1352 2189 1583 2275 ponendarum
1598 2190 1659 2255 sibi
1676 2190 1828 2256 facienda

493 2294 639 2376 promissa,
656 2301 691 2359 et
706 2301 885 2380 postquam
902 2292 1089 2378 hujusmodi
1117 2294 1357 2358 monasterium
1375 2293 1551 2358 fundatum
1567 2293 1666 2359 suerit
1681 2303 1716 2359 et
1731 2294 1828 2360 dota·

493 2404 553 2480 tun,
567 2400 698 2487 possint
709 2398 773 2464 hac
788 2397 895 2484 prima
911 2396 985 2462 vice
1001 2395 1168 2462 abbatissa
1183 2405 1219 2463 et
1234 2417 1363 2462 sorores
1378 2396 1459 2463 dicti
1476 2396 1601 2463 ordinis
1626 2397 1760 2483 ydonee
1785 2399 1828 2465 ad

492 2502 740 2570 nominacionem
756 2501 858 2587 ipsius
873 2499 1072 2568 Theoderici
1088 2501 1122 2565 in
1138 2501 1231 2568 dicto
1255 2502 1460 2568 monasterio
1486 2502 1695 2585 includende,
1712 2525 1829 2570 secun·

491 2601 551 2671 dnm
560 2606 641 2674 dicti
658 2605 783 2673 ordinis
799 2605 996 2687 instituta...
1012 2604 1201 2671 concedere
1216 2605 1410 2690 dignemini.
1426 2646 1469 2655 -
1485 2604 1562 2671 Fiat
1580 2606 1619 2673 R.

523 2726 614 2787 1341.
632 2717 721 2785 Item
737 2739 853 2804 supp...
871 2715 1038 2782 Gerardus
1062 2716 1105 2782 de
1133 2716 1289 2782 Pomerio
1305 2728 1315 2752 ²
1331 2726 1423 2801 quat.
1439 2718 1500 2783 sibi
1527 2716 1569 2782 de
1595 2739 1667 2785 can.
1685 2729 1720 2784 et
1735 2723 1827 2806 preb.

492 2825 554 2889 eccl.
581 2822 620 2890 B.
643 2821 693 2889 M.
723 2822 898 2907 Aquensis,
927 2820 1087 2888 Leodien.
1114 2820 1212 2902 dioc,
1244 2822 1299 2906 qui
1330 2821 1456 2887 dudum
1487 2842 1546 2908 per
1573 2826 1627 2888 ob.
1658 2824 1829 2907 quondam

493 2921 621 3013 Rayneri
638 2926 719 2994 dicti
747 2926 847 2993 Hoen
876 2927 909 2991 in
926 2926 1018 2992 dicta
1034 2927 1116 2993 eccl.
1147 2934 1353 2992 vacaverunt
1379 2934 1414 2991 et
1441 2926 1549 2991 eidem
1574 2926 1723 2992 Gerardo
1739 2947 1830 3014 per...

491 3028 637 3099 decanum
653 3040 688 3098 et
704 3031 888 3117 capitulum
904 3032 986 3097 eccl.
1003 3030 1200 3114 Aquensis...
1215 3031 1329 3097 collati
1344 3032 1519 3110 fuerunt,...
1532 3029 1713 3114 dignemini
1726 3049 1828 3096 reser-

491 3152 570 3217 vare;
587 3157 657 3202 non
675 3139 761 3202 obst.
778 3134 868 3220 quod
884 3134 973 3200 idem
996 3133 1163 3200 Gerardus
1180 3156 1252 3201 can.
1269 3143 1304 3200 et
1320 3134 1505 3220 prebendas
1521 3133 1559 3200 B.
1577 3133 1626 3199 M.
1639 3133 1831 3220 Trajecten-

491 3238 522 3303 sis
533 3249 565 3306 et
581 3239 826 3318 Andennensis,
844 3237 1003 3303 Leodien.
1020 3238 1116 3318 dioc,
1134 3238 1350 3304 ecclesiarum
1368 3240 1546 3305 obtinet-
1569 3238 1645 3304 Fiat
1664 3239 1701 3304 R.

524 3370 622 3430 1342.
641 3361 730 3427 Item
745 3382 862 3447 supp...
878 3360 1060 3440 Johannes,
1077 3369 1176 3425 natus
1203 3360 1347 3425 Conradi
1372 3361 1414 3426 de
1431 3360 1696 3440 Titzercielde,...
1713 3370 1829 3445 quat...

491 3466 580 3532 eidem
597 3467 729 3532 decan.
754 3466 836 3530 eccl.
861 3465 892 3530 S.
919 3464 1010 3530 Pauli
1039 3463 1201 3529 Leodien.
1228 3464 1409 3547 dignemini
1436 3465 1620 3550 providere,
1637 3468 1727 3550 preb.
1753 3486 1831 3529 vero

492 3566 563 3652 [vac.
580 3573 634 3635 vel
652 3568 780 3654 vacat]
799 3569 907 3633 eidem
924 3589 1100 3633 reservare.
1118 3605 1159 3611 —
1179 3566 1254 3631 Fiat
1273 3566 1311 3631 R.

522 3676 594 3741 Dat.
612 3676 711 3739 Avin.
731 3695 746 3757 5
764 3674 831 3738 kal.
844 3674 928 3756 junii
945 3684 977 3738 a⁰
991 3683 1032 3756 7¹¹.
1051 3675 1121 3747 (15,
1142 3674 1224 3756 56Ἶ.

529 3789 669 3874 1343.
1544 3803 1636 3882 1548,
1654 3824 1694 3881 29
1712 3801 1788 3863 mai.

520 3908 618 3993 Supp.
636 3905 872 3987 G<uillelmus),
889 3903 990 3966 abbas
1006 3901 1200 3965 monasterii
1218 3902 1248 3966 S.
1262 3901 1397 3965 'l'aurini
1412 3901 1834 3989 Ebroicen.,quat.[clerico

488 4011 677 4077 cubiculario
692 4030 752 4074 suo
768 4007 913 4085 Johanni
930 4006 1080 4089 'l‘ourgis
1091 4005 1161 4091 lic]
1183 4006 1216 4068 in
1233 4006 1367 4084 artibus,
1386 4005 1560 4070 Ebroicen.
1574 4007 1669 4086 dioc,
1687 4007 1728 4071 de
1741 4027 1833 4092 perp.

488 4117 604 4203 capella
631 4136 689 4179 seu
706 4112 869 4198 capellan.
886 4112 998 4176 altaris
1023 4110 1064 4174 de
1081 4108 1215 4174 Luketo
1243 4109 1274 4172 in
1302 4111 1382 4173 eccl.
1410 4107 1586 4184 Morinen,
1613 4132 1685 4176 vac.
1702 4112 1744 4176 de
1759 4132 1833 4196 pre·

487 4222 560 4286 senti
585 4240 645 4307 per
671 4226 814 4283 mortem
842 4215 1008 4293 Jolrannis
1024 4214 1219 4278 Vavassoris
1235 4224 1255 4293 ³,
1282 4214 1389 4278 ultimi
1415 4215 1576 4298 capellani
1602 4215 1760 4299 ejusdem,
1777 4217 1832 4299 qui

487 4343 578 4412 nuper
600 4326 635 4390 in
651 4324 740 4389 curia
757 4322 854 4387 Rom.
867 4321 957 4386 diem
973 4321 1091 4386 clausit
1108 4330 1338 4398 extremum...
1354 4319 1534 4403 dignemini
1552 4319 1747 4404 providere;
1765 4340 1832 4384 non

489 4432 561 4496 obst.
577 4428 668 4516 quod
683 4427 773 4493 idem
789 4425 964 4503 Johannes
979 4427 1054 4490 ben.
1072 4425 1153 4489 eccl.
1171 4444 1199 4488 c.
1217 4444 1244 4488 c.
1262 4425 1315 4487 vel
1332 4444 1356 4489 s.
1383 4443 1421 4504 c,
1439 4423 1481 4488 ad
1508 4425 1594 4502 coll,
1611 4432 1686 4502 etc,
1703 4423 1833 4488 abbatis

490 4542 515 4598 et
528 4556 624 4601 conv.
640 4531 834 4598 monasterii
859 4530 896 4594 B.
915 4528 964 4595 M.
980 4529 1022 4594 de
1049 4528 1150 4613 Lyra,
1168 4527 1209 4592 O.
1227 4527 1257 4592 S.
1284 4526 1332 4606 B,
1360 4526 1536 4592 Ebroicen.
1563 4527 1659 4605 dioc,
1685 4548 1833 4592 commu-

491 4638 563 4704 niter
577 4641 631 4704 vel
646 4637 779 4704 divisim
795 4636 828 4700 in
855 4634 1023 4701 communi
1050 4633 1166 4711 forma,
1195 4632 1309 4717 vigore
1335 4631 1522 4696 litterarum
1546 4641 1740 4711 vestrarum,
1757 4652 1832 4695 nos-

493 4740 562 4806 citur
576 4749 764 4828 expectare,
781 4760 882 4824 quam
906 4738 1047 4822 gratiam
1075 4736 1134 4801 sibi
1160 4736 1201 4800 de
1229 4736 1375 4800 uberiors
1402 4734 1493 4800 dono
1519 4735 1623 4817 gratie
1650 4733 1831 4817 dignemini

495 4863 655 4926 reservare,
672 4845 806 4911 statutis
822 4843 994 4908 contrariis
1011 4849 1044 4905 et
1062 4840 1356 4905 constitutionibus
1372 4859 1438 4903 non
1456 4840 1542 4903 obst.
1560 4838 1832 4922 quibuscumque.

498 4984 529 4995 —-
543 4947 614 5015 Fiat
631 4950 670 5015 R.
689 4949 733 5014 Et
749 4955 923 5012 remaneat
940 4946 999 5011 sibi
1016 4946 1131 5029 gratia.
1151 4944 1190 5010 R.

533 5049 603 5118 Dat.
622 5053 722 5117 Avin.
740 5075 758 5136 4
774 5051 841 5116 kal.
859 5051 940 5135 junii
958 5059 991 5114 a⁰
1009 5057 1050 5133 7⁰.
1067 5056 1140 5130 q30,
1160 5048 1195 5113 P.
1214 5046 1258 5126 II,
1281 5053 1342 5127 19).

528 5164 597 5212 ivon
611 5167 697 5219 Euboi.
711 5165 813 5213 linllnr.
828 5165 964 5221 Μυσίαι,
978 5169 996 5211 t.
1009 5167 1030 5212 tt,
1044 5178 1086 5228 pp,
1100 5164 1212 5219 213-214,
1227 5163 1312 5208 initii,
1325 5188 1356 5197 -
1368 5163 1390 5208 2.
1405 5160 1466 5207 Voir
1478 5175 1502 5207 n.
1518 5161 1586 5206 1110.
1600 5186 1629 5192 -
1642 5160 1663 5206 ts,
1678 5156 1770 5203 Voirn.
1782 5157 1827 5202 379

505 5236 547 5292 usn,
558 5240 620 5292 1031.
