4650 6059
972 759 1062 834 1846,
1082 758 1102 822 6
1120 758 1198 840 juin.
1440 851 1442 855 ι
1706 763 1769 828 255

395 907 613 993 prebendam
629 908 664 973 in
678 908 799 975 eadem
815 910 897 975 eccl.
913 908 1064 973 similiter
1079 909 1293 992 expectabat,
1309 907 1431 991 quique
1457 907 1566 973 eidem
1591 910 1768 995 Amulpho

394 1022 431 1077 et
449 1012 528 1077 aliis
543 1013 804 1098 expectantibus
819 1011 1019 1098 supradictis
1033 1011 1237 1076 succedebat
1252 1010 1286 1075 in
1303 1011 1391 1091 data,
1412 1012 1631 1077 vacationem
1656 1013 1770 1097 hujus·

395 1115 494 1181 modi
510 1115 691 1201 presciens,
706 1116 848 1182 eandem
864 1117 956 1202 preb.
971 1114 1172 1200 acceptavit,
1199 1123 1235 1179 et
1259 1113 1302 1179 de
1326 1135 1367 1179 ea
1394 1115 1456 1180 sibi
1479 1123 1567 1180 auct.
1583 1116 1768 1181 litterarum

395 1228 588 1284 vestrarum
606 1219 752 1285 obtinuit
768 1218 947 1305 provideri,
963 1218 1065 1282 etiam
1082 1217 1166 1282 infra
1180 1238 1332 1282 mensem
1359 1238 1379 1282 a
1405 1226 1558 1303 tempore
1582 1220 1769 1286 vacationis

398 1321 841 1408 hujusmodi,preveniendo
857 1322 982 1408 primos
997 1328 1216 1406 expectantes
1231 1320 1409 1405 predictos
1425 1321 1582 1404 dictaque
1592 1322 1770 1404 Sanctitas,

401 1427 517 1492 audita
533 1427 713 1491 vacatione
728 1424 929 1511 hujusmodi,
945 1425 1094 1491 dedicta
1121 1427 1213 1509 preb.
1238 1434 1272 1489 et
1297 1445 1382 1502 can,
1408 1425 1463 1508 qui
1485 1435 1687 1491 vacaverant
1710 1449 1769 1512 per

402 1539 550 1595 mortem
564 1528 648 1595 dicti
664 1530 796 1614 Angeli,
813 1529 983 1613 quondam
1000 1527 1145 1612 Rogerio
1160 1527 1203 1591 de
1219 1526 1390 1607 Balehain,
1403 1528 1586 1594 dummodo
1602 1550 1670 1594 non
1680 1540 1769 1596 esset

404 1637 435 1697 in
451 1634 502 1698 eis
518 1633 616 1698 alteri
639 1634 693 1718 jus
719 1634 898 1717 quesitum,
919 1631 1076 1718 providit,
1102 1630 1258 1715 idemque
1286 1630 1447 1715 Rogerius
1471 1630 1608 1696 eosdem
1635 1654 1709 1698 can.
1734 1642 1769 1698 et

403 1740 495 1822 preb.
510 1736 627 1802 extitit
650 1746 830 1816 assecutus,
858 1737 1015 1821 ipsosque
1039 1755 1143 1818 usque
1167 1733 1211 1799 ad
1237 1743 1370 1820 tempus
1394 1735 1510 1799 mortis
1536 1756 1594 1800 sue
1611 1737 1719 1802 tenuit
1734 1747 1768 1802 et

403 1842 562 1927 possedit.
580 1840 627 1905 Et
642 1839 774 1919 deinde,
790 1840 922 1926 prefato
940 1837 1085 1923 Rogerio
1100 1839 1234 1903 sublato
1249 1837 1292 1903 de
1307 1838 1429 1916 medio,
1452 1848 1647 1924 procurator
1662 1841 1770 1925 legiti-

403 1967 475 2011 mus
490 1945 573 2011 dicti
591 1944 768 2029 Amulphi‚
785 1944 841 2027 qui
868 1944 994 2029 primus
1020 1951 1092 2007 erat
1118 1951 1311 2028 expectans
1335 1942 1462 2007 dietam
1488 1946 1580 2028 preb.
1607 1953 1769 2028 tanquam

405 2070 475 2114 vac.
490 2069 552 2135 per
566 2050 622 2113 ob.
639 2047 788 2133 eJusdem
805 2045 937 2131 Rogerii
955 2046 1160 2131 acceptavit,
1177 2054 1212 2110 et
1227 2045 1269 2111 de
1286 2046 1352 2125 illa,
1368 2055 1457 2111 auct.
1484 2047 1669 2112 litterarum
1687 2058 1769 2114 'ves-

407 2162 532 2218 trarum
548 2153 611 2217 sibi
627 2151 773 2217 obtinuit
788 2149 967 2237 provideri,
984 2151 1156 2236 ipsamque
1177 2149 1367 2234 aliquandiu
1378 2149 1561 2215 dinoscitur
1573 2152 1769 2237 possedisse.

408 2256 630 2322 Postmodum
647 2275 728 2320 vero
742 2254 893 2340 prefatus
907 2255 1073 2333 Alermus,
1089 2274 1239 2319 asserens
1254 2252 1380 2319 dictam
1397 2256 1499 2339 preb,
1521 2254 1634 2339 vigore
1650 2276 1770 2342 accep·

412 2359 547 2425 tationis
562 2379 623 2445 per
638 2379 716 2423 eum
733 2365 768 2422 et
783 2357 982 2443 provisionis
998 2356 1186 2441 hujusmodi
1199 2357 1261 2422 sibi
1274 2356 1361 2422 facte
1373 2357 1415 2422 de
1427 2358 1483 2423 illa
1497 2358 1540 2423 ad
1556 2380 1591 2423 se
1607 2368 1773 2445 spectare,

416 2472 446 2526 et
459 2462 549 2547 quod
563 2460 755 2546 hujusmodi
773 2461 920 2547 provisio
935 2460 1027 2526 dicto
1044 2459 1190 2544 Rogen'o
1205 2460 1292 2526 faeta
1307 2481 1375 2525 non
1392 2461 1552 2541 valuerat,
1566 2484 1607 2526 ex
1623 2483 1664 2528 eo
1680 2462 1771 2546 quod

418 2574 507 2632 antea
518 2566 580 2631 sibi
592 2566 625 2630 in
639 2564 730 2631 dicta
740 2568 833 2651 preb.
839 2565 893 2649 jus
902 2564 1069 2649 quesitum
1086 2563 1204 2644 fuerat,
1215 2565 1359 2628 eundem
1369 2574 1618 2650 procuratorem
1629 2566 1769 2652 predicti

363 2683 364 2753 l
420 2669 572 2755 Amulpbi
590 2689 690 2755 super
705 2669 770 2734 hoc
787 2689 932 2734 coram...
958 2670 1081 2733 abbate
1096 2668 1291 2734 monasterii
1308 2669 1339 2733 S.
1367 2669 1515 2755 Sepulcri
1541 2669 1769 2752 cameracen,

363 2784 364 2788 ’
422 2781 612 2857 exequutore
621 2772 731 2839 eidem
742 2773 880 2837 Alermo
890 2771 1087 2857 superdicta
1100 2791 1158 2836 sua
1169 2771 1275 2856 gratia
1284 2771 1458 2857 deputato,
1468 2773 1570 2837 traxit
1581 2774 1613 2836 in
1625 2794 1769 2840 causam.

424 2872 570 2960 Idemque
585 2877 691 2942 abbas
705 2874 890 2961 predictam
906 2877 998 2960 preb.
1014 2876 1145 2961 prefato
1160 2876 1300 2940 Alermo
1322 2896 1382 2960 per
1408 2875 1621 2940 diffinitivam
1637 2887 1774 2942 senten·-

426 2976 493 3042 tiam
507 2978 720 3063 adjudicavit,
736 2978 895 3062 dictoque
911 2978 1088 3063 Arnulpho
1105 2978 1266 3063 imposuit
1282 2978 1450 3042 silentium
1462 2999 1559 3064 super
1575 2982 1769 3065 ea,sibique

427 3080 466 3161 jus
480 3082 509 3145 in
525 3082 695 3168 prebenda
721 3082 786 3148 alia
812 3082 1005 3162 reservavit,
1031 3081 1187 3167 dictaque
1212 3082 1390 3160 sententia,
1415 3083 1506 3147 nulla
1529 3086 1775 3169 provocatione

431 3204 579 3270 suspensa,
597 3186 630 3250 in
648 3207 729 3266 rem,
746 3194 782 3250 ut
799 3186 928 3266 dicitur,
946 3187 1101 3251 transivit
1114 3186 1296 3271 judicatam
1312 3210 1319 3266 ;
1344 3186 1464 3250 eodem
1489 3189 1665 3274 Arnulplro
1689 3200 1770 3255 tunc

376 3251 381 3342 l
432 3286 455 3349 in
469 3291 598 3354 servitio
613 3290 694 3355 dicti
711 3290 804 3354 ducis
820 3291 985 3354 existente
1008 3301 1041 3355 et
1066 3291 1129 3355 hec
1156 3291 1289 3376 penitus
1315 3291 1497 3374 ignorante.
1514 3291 1598 3357 Cum
1614 3304 1727 3358 autem
1751 3318 1769 3359 a

374 3421 378 3484 3
432 3395 577 3457 nonnullis
589 3394 788 3478 jurisperitis
804 3404 977 3473 asseratur,
995 3394 1084 3478 quod
1109 3395 1218 3458 dictus
1243 3395 1407 3470 Alermus,
1435 3396 1547 3478 vigore
1572 3398 1770 3481 provisionis

373 3499 377 3524 ·'
432 3493 597 3577 hujusmodi
614 3498 676 3561 sibi
693 3497 790 3576 lacte,
809 3498 840 3560 in
858 3497 977 3561 eadem
994 3501 1085 3583 preb.
1099 3498 1152 3581 jus
1169 3518 1235 3562 non
1253 3498 1410 3577 habebat,
1433 3520 1473 3561 ex
1490 3520 1531 3563 eo
1547 3501 1637 3582 qnod
1652 3502 1769 3566 eadem

432 3602 556 3678 provisio
572 3601 662 3666 sacta
678 3600 784 3665 fuerat
799 3600 970 3685 pendente
986 3623 1101 3665 mense
1117 3602 1227 3665 eidem
1256 3601 1432 3685 Amulplro
1456 3611 1490 3664 et
1514 3603 1586 3666 aliis
1612 3605 1770 3688 predictis

432 3707 664 3788 expectantibus
681 3715 760 3771 ante
776 3727 853 3770 eum
870 3706 913 3769 ad
941 3706 1188 3790 acceptandum
1214 3726 1385 3783 concesso,
1413 3705 1604 3788 dictamque
1630 3708 1768 3789 gratiam

432 3808 556 3888 ejusdem
582 3810 761 3895 Amulplri,
789 3830 850 3894 pro
882 3830 923 3872 eo
955 3810 1045 3892 quod
1075 3831 1094 3873 a
1124 3810 1215 3873 dicta
1243 3809 1410 3872 sententia
1437 3829 1503 3873 non
1531 3811 1775 3893 appellaverat,

432 3929 550 3977 vacuam
568 3922 602 3978 et
621 3913 745 3978 irritam
762 3913 971 3991 remansisse,
990 3913 1163 3997 ipsumque
1180 3912 1389 3996 Amnlplrum
1403 3911 1445 3975 ad
1455 3912 1553 3974 aliam
1568 3914 1773 3996 prebendam

431 4028 607 4081 vacaturam
624 4037 692 4080 non
709 4037 806 4101 posse
823 4017 945 4080 habere
962 4037 1144 4099 regressum
1159 4040 1167 4095 ;
1185 4037 1279 4100 supp.
1296 4014 1362 4079 dux
1379 4014 1535 4099 prefatus,
1554 4024 1643 4099 quat.
1655 4016 1725 4095 sibi,
1738 4017 1769 4080 in

430 4136 588 4198 personam
606 4120 687 4184 dicti
704 4120 868 4204 Annrlplri
888 4140 976 4204 spec.
993 4141 1039 4202 gr.
1057 4120 1226 4198 iacientes,
1254 4140 1294 4182 ex
1321 4127 1410 4183 certa
1439 4119 1577 4183 scientia
1593 4119 1771 4184 decenrere

429 4233 451 4284 et
465 4224 629 4288 declarare
646 4224 829 4307 dignemini
847 4224 1031 4309 predictam
1059 4245 1105 4307 gr.
1134 4224 1244 4287 eidem
1269 4224 1445 4308 Anrnlplro
1472 4224 1607 4304 factam,
1636 4236 1772 4311 propter¹

428 4329 570 4405 premissa
599 4328 653 4391 vel
680 4328 793 4411 aliquo
818 4328 1070 4412 premissorum,
1098 4348 1249 4405 vacuam,
1267 4329 1453 4391 extinctam
1480 4338 1538 4391 aut
1565 4328 1690 4391 irritam
1714 4351 1772 4393 seu

383 4491 385 4496 .
428 4430 538 4494 nullam
555 4451 625 4494 non
644 4429 743 4494 fuisse
759 4450 822 4494 nec
839 4451 921 4508 esse,
939 4430 996 4494 sed
1013 4451 1097 4508 earn,
1114 4450 1190 4493 cum
1208 4431 1362 4494 omnibus
1379 4452 1418 4493 ex
1436 4452 1475 4494 ea
1491 4432 1638 4514 seqontis
1655 4442 1771 4496 atem-

427 4549 493 4612 pore
519 4533 598 4597 date
624 4532 735 4617 ipsius,
762 4533 794 4595 in
820 4534 920 4617 plena
947 4533 995 4597 sui
1024 4534 1150 4612 roboris
1177 4533 1336 4597 firmitate
1351 4555 1545 4618 permanere
1562 4533 1714 4600 debuisse
1738 4546 1771 4600 et

427 4633 543 4715 debere,
561 4636 690 4719 sibique
705 4636 841 4721 plenum
857 4637 909 4720 jus
926 4622 1138 4721 competiisse
1165 4647 1199 4699 et
1226 4649 1418 4722 competere
1445 4639 1476 4700 in
1503 4638 1566 4702 alia
1591 4640 1774 4723 prebenda,

427 4739 514 4823 siqua
530 4751 649 4826 postea
665 4741 698 4804 in
714 4742 805 4806 dicta
829 4743 910 4806 eccl.
928 4742 1061 4806 vacavit
1085 4743 1138 4804 vel
1156 4763 1231 4805 cum
1248 4743 1430 4819 vacaverit,
1457 4764 1557 4827 seque
1584 4744 1773 4826 hujusmodi

363 4861 366 4868 ·
428 4843 626 4921 prebendam,
643 4842 703 4906 sibi
720 4842 800 4906 alias
816 4843 940 4927 dejure
967 4843 1125 4921 debitam,
1143 4843 1290 4925 legitime
1307 4854 1499 4928 acceptasse
1526 4856 1560 4909 et
1585 4856 1770 4932 acceptare,

363 4985 365 4989 »
431 4951 455 5004 et
468 4944 504 5008 de
521 4946 577 5010 illa
594 4946 655 5010 sibi
672 4945 789 5010 fecisse
806 4956 839 5010 et
856 4946 965 5010 lacere
981 4946 1159 5031 provideri,
1177 4968 1320 5030 eamque
1333 4948 1423 5012 licite
1441 4960 1474 5012 et
1491 4950 1593 5013 libere
1610 4952 1770 5014 obtinere.

434 5040 468 5108 lt
480 5048 711 5113 nichilominus
726 5049 752 5113 si
770 5071 829 5135 per
845 5051 991 5134 aliquem
1008 5060 1258 5135 procuratorem
1272 5073 1365 5115 suum
1379 5053 1489 5136 aliqua
1502 5055 1603 5137 preb,
1618 5055 1698 5117 alias
1709 5055 1769 5117 sibi

436 5146 539 5233 dejure
555 5153 678 5233 debita,
695 5161 771 5238 post
787 5155 945 5238 premissa
962 5164 1149 5240 acceptata,
1174 5176 1232 5219 seu
1248 5156 1289 5219 de
1307 5156 1361 5218 illa
1379 5155 1485 5219 eidem
1503 5157 1679 5242 Arnulplro
1695 5178 1773 5242 pro-
