4650 6059
1003 757 1091 834 1842,
1114 757 1208 824 2829
1226 757 1337 845 juillet»
1814 767 1861 840 235

543 909 629 989 lll.
1345 944 1348 951 ·
1456 1004 1461 1012 .
1521 929 1617 1010 1342,
1634 928 1677 992 28
1685 926 1835 1009 juillet..

443 1100 444 1103 Ἴ
534 1025 626 1115 Snpp
658 1026 840 1109 Robertus,
868 1025 1045 1093 Bertrandi
1074 1026 1181 1107 miles,
1211 1026 1301 1095 dom.
1330 1026 1374 1112 de
1405 1025 1608 1117 -Briquebee,
1637 1033 1857 1101 marescallus

443 1129 446 1160 ³
495 1127 637 1212 aneie,
653 1138 746 1216 quat
761 1130 919 1197 familiari
941 1150 1003 1197 suo
1016 1129 1127 1196 Petro
1150 1128 1258 1217 Colay
1280 1130 1324 1197 de
1346 1129 1524 1206 (iebennis
1534 1132 1579 1200 de
1600 1152 1672 1200 can.
1693 1144 1734 1202 ,et
1758 1140 1851 1223 preb.

490 1233 563 1301 eoel
578 1232 800 1301 Camemeen.
830 1233 1014 1321 dignemini
1039 1234 1227 1322 providere,
1251 1254 1320 1301 non
1350 1236 1436 1319 obst.
1467 1235 1558 1320 quod
1583 1239 1737 1324 parroch.
1767 1241 1850 1308 eccl.

487 1334 765 1405 &Benedictide
774 1336 945 1405 Hebertot
958 1347 995 1405 et
1006 1339 1126 1425 erpell.
1137 1339 1170 1406 S.
1180 1337 1344 1406 Anthonii
1356 1337 1400 1421 de
1412 1337 1653 1424 Honnefluctu,
1666 1328 1849 1412 Lexovien.
1878 1333 1880 1338 ’

485 1439 580 1522 dion,
596 1460 640 1509 ae
653 1461 729 1509 ean
744 1450 781 1509 et
803 1445 896 1529 preb.
919 1443 999 1522 ecci
1024 1441 1259 1529 S'Oportune
1286 1441 1444 1532 Parisino.
1460 1442 1609 1511 noscitur
1631 1445 1790 1513 obtinere.
1807 1478 1849 1535 ε
1894 1472 1899 1481 ·

487 1541 564 1610 Fiat
587 1544 623 1610 in
647 1544 729 1611 ecel
744 1543 940 1612 Gebennen.
956 1545 996 1613 R
1192 1599 1195 1610 .
1537 1589 1540 1594 ·

528 1646 607 1716 Dat.
622 1668 678 1740 ap
693 1646 943 1716 villamnovam
961 1670 978 1735 5
995 1648 1061 1716 kal
1077 1670 1157 1735 aug.
1167 1658 1202 1716 a⁰
1221 1657 1259 1716 1⁰.
1274 1648 1317 1734 (I,
1331 1652 1411 1736 99').
1515 1734 1519 1742 Ι

514 1830 516 1833 ⁴
534 1784 638 1867 112.
1520 1818 1615 1884 1342,
1631 1801 1674 1867 28
1682 1798 1806 1882 juillet.

523 1900 630 1990 Snpp.
651 1901 803 1969 &canus
816 1911 854 1970 et
867 1923 943 1991 cap.
958 1904 1041 1971 eccl.
1056 1902 1279 1971 Tomacensis
1293 1910 1386 1987 quat.
1400 1901 1500 1987 dign,
1516 1911 1634 1991 pers...
1649 1903 1684 1969 in
1698 1903 1849 1991 predicta

480 2006 627 2074 eeclesia
642 2004 827 2093 Bompario
842 2005 886 2073 de
900 2004 1090 2093 Langiaco¹
1106 2025 1223 2073 eorum
1235 2005 1466 2074 concanonico
1477 2005 1658 2096 dignemini
1670 2027 1857 2090 reservare,

481 2129 553 2177 non
569 2111 658 2177 obst
673 2109 766 2195 quod
780 2110 815 2176 in
830 2110 911 2177 dict.
926 2111 1008 2177 eccl.
1024 2130 1099 2194 can.
1115 2118 1150 2177 et
1165 2112 1258 2197 preb.
1275 2109 1416 2176 obtinet.
1437 2146 1469 2158 -
1488 2107 1566 2191 Fiat
1582 2109 1620 2177 R.

526 2211 609 2279 Dat.
624 2232 681 2301 ap.
696 2209 982 2299 villamnovam'5
998 2212 1064 2279 kal
1080 2233 1154 2299 aug.
1171 2221 1205 2280 a⁰
1225 2221 1263 2281 1⁰.
1278 2212 1320 2298 (I,
1341 2216 1439 2299 106').

538 2351 641 2438 113
911 2375 913 2379 ’
1305 2418 1307 2423 .
1519 2388 1615 2457 ηρ,
1631 2370 1675 2434 28
1682 2366 1806 2451 juillet.

527 2470 636 2558 Supp.
650 2468 807 2550 Poneius,
821 2466 910 2535 dom.
926 2466 970 2535 de
984 2466 1157 2555 Langiaco
1172 2467 1206 2534 in
1218 2470 1390 2552 Arvernia,
1400 2470 1676 2557 quat·A1mando
1687 2471 1779 2539 fratri
1789 2491 1858 2540 suo

484 2573 528 2640 de
541 2593 621 2641 ean.
636 2573 721 2640 eccl.
735 2570 922 2639 Tomacen.
944 2570 1127 2658 dignemini
1142 2572 1334 2659 providere,
1357 2576 1450 2661 preb.
1473 2594 1555 2642 vero
1566 2608 1573 2650 ⁴:
1580 2573 1724 2667 [uacat]
1735 2643 1738 2650 ,
1749 2596 1857 2647 reser-¹

485 2697 577 2743 rare.
598 2713 634 2726 -
655 2673 735 2742 Fiat
748 2675 783 2741 in
800 2672 968 2742 Morinen.
986 2674 1031 2742 R.

528 2778 611 2847 Dat.
626 2787 665 2847 ut
679 2798 750 2866 sup.
765 2777 809 2863 (1,
830 2782 930 2864 106').
968 2832 970 2836 ,

537 2916 641 2998 114.
789 3013 792 3017 ¹
1270 2980 1271 2983 η
1523 2937 1618 3015 1342,
1627 2951 1683 3016 129.
1686 2930 1809 3014 juillet.
1829 2971 1834 2990 .

529 3034 634 3121 Supp.
648 3032 841 3119 Stephanus
855 3030 965 3098 dictus
986 3031 1020 3097 le
1043 3027 1168 3112 Chien,
1187 3030 1276 3098 dom.
1300 3033 1386 3119 regis
1412 3032 1554 3100 Francie
1577 3034 1738 3115 sorren'us,
1759 3044 1852 3119 quat.

492 3138 681 3225 [Stephano
695 3136 789 3202 dicto
804 3135 847 3200 de
859 3134 1108 3215 *Foucaumonh
1125 3134 1273 3219 ejusdem
1290 3134 1451 3222 Stephani
1467 3138 1592 3223 nepoti,
1611 3137 1705 3224 cler]
1725 3138 1853 3205 Rotho·

491 3262 618 3327 magen.
642 3240 739 3320 dioc,
755 3240 798 3304 de
814 3259 884 3305 can.
906 3246 941 3304 et
956 3242 1048 3324 preb.
1072 3239 1101 3304 S.
1125 3240 1308 3306 Andomari
1334 3242 1376 3308 de
1400 3243 1431 3307 S.
1452 3242 1657 3321 Audomaro,
1687 3242 1851 3313 Morinen.

491 3344 581 3424 dioc,
597 3343 779 3429 dignemini
795 3341 980 3427 providere,
996 3363 1063 3408 non
1080 3345 1164 3407 obst.
1180 3343 1271 3426 quod
1286 3364 1358 3409 can.
1375 3354 1411 3410 et
1425 3349 1514 3431 preb.
1536 3347 1615 3411 eccl.
1639 3345 1668 3410 S.
1693 3345 1850 3414 Germani

492 3447 780 3525 ,inrisiodorensis
799 3444 967 3523 Parisien.,
984 3446 1131 3511 noscitur
1146 3446 1306 3525 obtinere,
1322 3450 1374 3513 uel
1398 3450 1440 3515 de
1464 3470 1536 3515 can.
1552 3459 1587 3515 et
1603 3454 1694 3536 preb.
1718 3453 1800 3519 eccl.
1819 3451 1850 3515 S.

495 3550 627 3616 Martini
643 3550 687 3615 de
702 3547 885 3635 Campellis
900 3549 934 3613 in
950 3547 1037 3628 Bria,
1054 3548 1211 3613 Parisien.
1226 3549 1310 3616 dioc.
1327 3589 1359 3600 -
1381 3550 1457 3618 Fiat
1481 3552 1518 3618 R.

531 3656 610 3721 Dat.
628 3676 680 3741 ap.
699 3654 947 3719 Villamnovam
963 3677 983 3737 4
1000 3653 1063 3718 kal.
1088 3675 1161 3738 aug.
1179 3665 1212 3720 a⁰
1233 3665 1268 3721 1⁰.
1285 3655 1327 3740 (1,
1346 3660 1409 3739 96).

538 3790 642 3874 115.
1518 3828 1612 3890 1342,
1630 3829 1671 3890 29
1682 3807 1804 3888 juillet.

526 3909 628 3994 Supp.
646 3906 766 3971 Petrus
782 3905 893 3985 Gaite,
910 3907 1142 3988 subdiaconus,
1159 3919 1338 3995 prouectus
1354 3909 1387 3973 in
1400 3910 1472 3993 Jure
1489 3910 1560 3990 civ,
1577 3911 1662 3975 filius
1678 3911 1847 3994 quondam

492 4009 619 4077 iiathei
635 4009 746 4089 Gaite,
762 4010 960 4076 thesaurarii
978 4009 1118 4077 Francie
1133 4023 1153 4093 ²,
1171 4021 1263 4095 quat.
1285 4011 1404 4077 sibide
1426 4032 1497 4078 can.
1514 4021 1549 4077 et
1565 4016 1653 4098 preb.
1670 4034 1710 4078 ac
1726 4015 1848 4079 scolas-

490 4115 592 4180 ticatu
606 4114 690 4179 eccl.
705 4113 846 4191 Tullen,
862 4114 942 4179 dum
958 4118 1129 4179 vacabunt
1150 4123 1224 4191 etc,
1248 4116 1429 4200 dignemini
1454 4116 1628 4200 prouidere
1643 4139 1651 4194 ;
1669 4137 1737 4181 non
1764 4120 1846 4182 obst.

490 4218 575 4302 quod
598 4238 674 4283 can.
705 4225 741 4281 et
766 4219 855 4302 preb.
883 4218 998 4283 eccles.
1024 4217 1220 4299 Tomacen,
1252 4229 1286 4285 et
1317 4219 1345 4283 S.
1377 4219 1530 4303 Quintini
1561 4220 1594 4284 in
1622 4219 1847 4299 Viromandia,

492 4320 692 4388 Noiiomen.
708 4320 803 4400 dioc,
828 4341 868 4386 ac
891 4341 964 4386 ean.
987 4325 1048 4387 sub
1071 4343 1144 4408 exp.
1172 4326 1261 4409 preb.
1289 4324 1322 4387 in
1350 4324 1432 4389 eccl.
1459 4324 1670 4405 Ambianen,
1699 4325 1849 4390 obtinere

491 4434 651 4492 noscatur.
673 4461 706 4472 -
728 4422 805 4489 Fiat
820 4424 863 4489 de
878 4445 952 4490 ean.
968 4428 1028 4490 sub
1053 4446 1128 4511 exp.
1143 4430 1235 4512 preb.
1252 4427 1285 4490 in
1302 4427 1383 4491 ecel.
1401 4426 1555 4491 Parisien.
1574 4427 1611 4493 R.

529 4530 607 4595 Dat.
625 4550 680 4615 ap.
697 4527 947 4595 villamnovam
964 4552 983 4613 4
1000 4528 1066 4594 kal.
1090 4549 1165 4613 aug.
1183 4539 1216 4594 a⁰
1238 4537 1275 4595 1⁰.
1292 4529 1333 4613 (I,
1352 4532 1433 4613 96⁸).

539 4664 767 4749 116·l27.
1520 4698 1614 4761 1342,
1633 4698 1673 4762 29
1684 4677 1807 4759 juillet.

530 4783 629 4870 Supp.
658 4782 688 4846 S.
717 4779 754 4846 V.
781 4779 942 4861 Andreae,
970 4780 1069 4867 episc.
1097 4779 1318 4846 Tomacensis
1333 4792 1353 4861 ³,
1370 4790 1459 4867 quat.
1485 4782 1600 4866 nepoti
1625 4802 1685 4845 suo
1714 4780 1850 4865 Hugoni

497 4884 569 4973 lapi
585 4899 605 4968 ⁴,
622 4884 827 4951 cancellario
842 4885 922 4950 eccl.
941 4884 1137 4964 Tomacen,
1156 4885 1198 4950 de
1215 4906 1286 4949 can.
1309 4894 1343 4950 et
1359 4889 1447 4971 preb.
1470 4886 1549 4949 eccl.
1566 4885 1764 4960 Ambianen.
1781 4905 1852 4948 vac.

525 5050 543 5097 1.
561 5049 583 5097 li
599 5050 692 5098 derint
708 5046 868 5097 umhidiaore
879 5048 911 5096 de
931 5047 1027 5108 Bruges
1037 5047 1106 5107 (Vos,
1121 5047 1140 5105 l,
1153 5050 1219 5107 268).
1232 5076 1264 5082 a·
1281 5052 1303 5098 ’1,
1317 5049 1377 5097 l'oii·
1388 5058 1416 5096 ιιο
1428 5053 1466 5097 55.
1479 5076 1511 5083 -
1523 5052 1545 5097 3.
1559 5017 1645 5096 Andre
1659 5048 1744 5104 (lirini,
1758 5047 1854 5107 ovoque

497 5120 594 5240 sshrma
608 5120 738 5170 transfere
749 5124 765 5170 ἡ
778 5122 887 5169 Toumai
900 5136 932 5170 en
947 5122 1006 5169 1331
1020 5121 1121 5180 (Euhel,
1138 5122 1156 5181 l,
1169 5125 1235 5182 51⁴3).
1248 5151 1279 5157 —
1292 5124 1313 5170 1.
1327 5124 1474 5172 Chaucelier
1485 5123 1518 5171 de
1538 5124 1647 5170 'l'ournai
1659 5137 1691 5170 en
1712 5123 1771 5168 1339
1785 5120 1854 5179 (Vos,

522 5198 586 5257 ,rep
