4650 6059
552 764 594 828 -10
1110 757 1201 837 1342,
1224 757 1269 822 1-2
1289 756 1367 838 jun.

601 919 662 979 42.
682 911 768 978 Item
785 917 876 995 quat.
891 930 949 975 sex
964 910 1006 975 de
1027 909 1154 975 clericis
1180 908 1256 988 suis,
1281 927 1365 991 quos
1395 908 1526 974 duxerit
1550 908 1782 992 nominandos,
1803 912 1839 976 in
1860 933 1921 979 suo

557 1017 692 1082 servitio
704 1016 863 1082 continue
878 1014 1107 1093 existentibus,
1124 1012 1309 1078 concedere
1330 1011 1521 1096 dignemini,
1538 1021 1575 1077 ut
1590 1012 1652 1097 ipsi
1674 1014 1800 1081 fructus
1821 1018 1921 1083 bene-

557 1121 707 1185 ficiorum
737 1139 871 1185 suorum
902 1137 1198 1203 quorumcumque,
1219 1115 1506 1181 distributionibus
1535 1116 1714 1182 cotidianis
1743 1118 1922 1185 dumtaxat

555 1220 716 1309 exceptis,
732 1223 902 1309 percipere
918 1224 1055 1289 valeant
1070 1241 1130 1308 per
1144 1242 1203 1285 sex
1219 1240 1325 1285 annos
1340 1220 1527 1301 continuos,
1551 1241 1591 1286 ac
1607 1221 1634 1286 si
1654 1222 1689 1287 in
1712 1223 1864 1289 ecclesiis
1889 1225 1921 1289 in

557 1328 675 1411 quibus
690 1328 762 1413 ipsa
782 1328 945 1393 beneficia
968 1327 1124 1392 obtinent
1150 1346 1209 1391 seu
1232 1325 1449 1411 imposterum
1477 1324 1686 1404 obtinebunt,
1703 1327 1923 1411 personaliter

557 1430 748 1508 residerent,
771 1450 834 1496 nec
858 1451 878 1496 a
902 1451 1072 1515 quoquam
1088 1430 1130 1495 de
1146 1449 1214 1495 non
1230 1427 1406 1494 residendo
1421 1428 1455 1492 in
1472 1427 1551 1513 ipsis
1565 1428 1735 1494 beneficiis
1750 1430 1922 1496 licentiam

557 1545 671 1620 petere
686 1541 873 1599 teneantur.
890 1533 971 1600 Non
998 1537 1084 1599 obst.
1111 1532 1373 1617 quibuscumque
1400 1531 1589 1617 privilegiis,
1610 1531 1835 1616 indulgentiis
1857 1543 1922 1599 sta-

557 1636 647 1717 tutis,
664 1646 698 1702 et
714 1637 1009 1703 consuetudinibus
1024 1637 1246 1722 quarumlibet
1258 1634 1474 1701 ecclesiarum
1491 1635 1525 1698 in
1538 1635 1741 1701 contrarium
1754 1634 1856 1702 editis
1866 1658 1922 1702 seu

556 1740 716 1819 edendis;
739 1760 816 1805 cum
843 1741 915 1805 aliis
938 1740 1093 1805 omnibus
1116 1738 1422 1819 nonobstantibus,
1446 1745 1481 1803 et
1505 1738 1658 1803 clausulis
1681 1740 1867 1824 oportunis,
1890 1748 1922 1806 et

556 1845 798 1910 executoribus.
812 1884 852 1894 -
871 1843 946 1909 Fiat
961 1844 1004 1908 de
1020 1852 1162 1927 quatuor
1177 1842 1343 1909 continuis
1359 1841 1640 1907 commensalibus
1664 1862 1769 1927 usque
1785 1843 1830 1910 ad
1845 1864 1921 1929 qua·

559 1947 747 2012 driennium
763 1948 796 2012 in
812 1947 929 2013 sonna.

601 2051 679 2117 Dat.
695 2051 795 2116 Avin.
812 2074 831 2134 4
847 2070 926 2116 non.
940 2050 1023 2136 junii
1039 2058 1072 2117 a⁰
1088 2059 1127 2115 1⁰.
1140 2049 1183 2133 (1,
1202 2056 1285 2134 25V).

609 2187 794 2273 43-44.
1628 2212 1722 2277 1342,
1739 2200 1783 2258 r‘'r
1792 2194 1881 2277 juin.

603 2305 704 2391 Supp.
720 2304 740 2381 J
743 2306 868 2369 acobus
885 2300 1083 2388 Malabayia
1098 2301 1141 2368 de
1156 2303 1220 2366 Ast
1236 2311 1243 2335 ¹
1261 2307 1352 2384 quat.
1374 2299 1505 2386 [nepoti
1522 2320 1582 2364 suo
1593 2297 1613 2376 J
1617 2302 1725 2366 acobo
1737 2299 1922 2388 Catayrani

561 2409 637 2472 cler.
653 2408 798 2487 Astensi,
815 2404 900 2491 filio]
928 2406 1048 2472 sororis
1064 2427 1132 2485 sue,
1153 2405 1196 2470 de
1212 2425 1286 2469 can.
1303 2403 1384 2468 eccl.
1400 2402 1601 2468 Ambianen.
1617 2402 1800 2487 dignemini
1815 2407 1926 2491 provi·

560 2510 638 2576 dere
658 2509 725 2597 [et]
745 2513 836 2596 preb.
852 2528 1029 2574 reservare.
1046 2548 1087 2559 -
1112 2507 1188 2573 Fiat
1208 2508 1243 2572 in
1259 2506 1341 2573 eccl.
1358 2504 1517 2571 Leodien.
1535 2506 1575 2571 R.

603 2655 668 2714 44.
686 2648 772 2713 Item
788 2655 879 2732 quat.
896 2646 1053 2732 Philippo
1070 2645 1218 2711 Roctarii
1241 2626 1386 2725 Astensi,
1403 2645 1491 2725 cler,
1517 2655 1663 2730 cognato
1683 2667 1754 2727 suo,
1778 2647 1822 2713 de
1850 2668 1926 2716 can.

560 2753 641 2817 eccl.
667 2750 825 2817 Leodien.
853 2749 1034 2834 dignemini
1061 2748 1245 2834 providere,
1273 2755 1308 2812 et
1334 2750 1425 2833 preb.
1444 2767 1621 2816 reservare.
1638 2788 1681 2799 -
1698 2748 1776 2815 Fiat
1791 2749 1825 2814 in
1843 2751 1927 2816 eccl.

562 2856 692 2921 Pisana.
710 2855 751 2921 R.

604 2960 683 3025 Dat.
699 2959 798 3025 Asin.
814 2958 882 3025 kal.
896 2958 979 3044 junii
996 2966 1029 3023 a⁰
1050 2965 1079 3021 1⁰
1094 2966 1116 3022 ¹.
1134 2955 1178 3041 (I,
1196 2959 1258 3021 260
1274 2957 1315 3040 v).

609 3113 692 3195 45.
1648 3140 1743 3204 1342,
1760 3142 1778 3185 a
1790 3119 1882 3202 pitia

603 3229 690 3313 Sign.
707 3229 739 3294 S.
755 3227 795 3294 V.
820 3227 1011 3312 Stephanus
1034 3225 1143 3291 dictus
1168 3223 1309 3306 Malion,
1334 3229 1441 3311 presb.
1463 3224 1680 3290 Cameracen.
1707 3224 1806 3306 dioc,
1831 3224 1924 3291 dom.

557 3332 691 3409 comitis
718 3330 877 3396 Hanonie
893 3349 968 3416 cap.
980 3338 1000 3409 ²,
1024 3336 1060 3393 et
1083 3349 1142 3414 per
1166 3329 1274 3414 ipsum
1290 3348 1352 3414 pro
1378 3330 1476 3395 certis
1491 3330 1557 3394 suis
1576 3327 1724 3412 negociis
1739 3326 1783 3394 ad
1807 3326 1926 3394 sedem

558 3443 667 3520 apost.
684 3434 874 3519 specialiter
888 3432 1084 3513 destinatus,
1101 3431 1201 3516 quod,
1218 3432 1296 3497 licet
1320 3432 1411 3499 dom.
1432 3432 1644 3511 Benedictus,
1670 3440 1781 3496 vester
1804 3430 1924 3496 imme-

559 3539 650 3604 diate
666 3536 890 3622 predecessor,
907 3557 984 3601 eum
1000 3536 1154 3602 omnibus
1169 3539 1245 3601 ben.
1261 3536 1354 3616 eccl,
1370 3557 1435 3618 que
1452 3545 1534 3603 tunc
1557 3535 1719 3621 temporis
1744 3535 1924 3602 obtinebat

557 3639 802 3705 sententialiter
825 3647 913 3705 auct.
937 3647 1045 3726 apost.
1072 3640 1262 3725 privaverit,
1290 3660 1433 3724 eumque
1457 3639 1640 3704 inhabilem
1666 3638 1849 3704 reddiderit
1879 3639 1924 3704 ad

558 3742 780 3828 quodcunque
791 3744 872 3809 eccl.
889 3746 964 3808 ben.
981 3743 1200 3830 imposterum
1213 3742 1473 3823 obtinendum³;
1491 3763 1606 3809 secum
1630 3750 1745 3807 tamen
1770 3751 1923 3829 postmo-

558 3846 637 3912 dum
650 3848 767 3912 volens
782 3846 1038 3912 misericorditer
1050 3867 1149 3931 agere
1164 3847 1198 3910 in
1215 3846 1280 3911 bac
1295 3855 1401 3932 parte,
1417 3846 1527 3932 ipsum
1555 3853 1644 3912 auct.
1670 3853 1778 3932 apost.
1801 3846 1923 3913 habili-

558 3952 643 4016 tavit
659 3960 693 4017 et
709 3951 857 4017 habilem
872 3949 1016 4016 reddidit
1032 3949 1076 4015 ad
1091 3970 1289 4035 quecunque
1304 3950 1385 4016 eccl.
1401 3952 1488 4030 ben,
1505 3959 1720 4036 preterquam
1743 3949 1777 4014 in
1801 3947 1923 4015 Came-

558 4075 668 4120 racen.
682 4056 744 4119 civ.
760 4062 795 4120 et
818 4054 953 4136 diocesi,
981 4053 1174 4120 obtinenda.
1202 4054 1314 4138 Quare
1339 4052 1449 4119 dictus
1476 4053 1667 4140 Stephanus
1687 4052 1797 4119 eidem
1822 4052 1855 4118 S.
1882 4051 1923 4118 V.

559 4158 727 4223 humiliter
742 4180 847 4244 supp,
861 4168 953 4243 quat.
969 4158 1080 4244 ipsum
1095 4158 1242 4242 benigno
1257 4157 1371 4224 favore
1397 4166 1647 4243 prosequentes,
1671 4178 1749 4222 eum
1775 4155 1819 4222 ad
1843 4177 1924 4242 que·

559 4280 689 4344 cunque
704 4263 779 4324 ben.
796 4261 888 4339 eccl,
905 4261 1009 4325 etiam
1033 4261 1065 4323 in
1090 4261 1152 4325 civ.
1181 4270 1215 4325 et
1239 4260 1326 4325 dioc.
1351 4259 1579 4342 Cameracen,
1605 4261 1647 4326 de
1671 4281 1736 4346 qua
1764 4259 1924 4327 oriundus

560 4364 681 4443 existit,
698 4373 806 4448 apost.
823 4371 910 4428 auct.
927 4364 1103 4428 habilitare
1127 4373 1161 4429 et
1185 4364 1331 4429 habilem
1358 4363 1496 4429 reddere
1520 4363 1562 4429 de
1582 4363 1791 4448 benignitate
1813 4372 1922 4450 apost.

591 4554 617 4610 u)
634 4552 674 4599 On
690 4565 706 4598 a
719 4549 845 4613 renqilace
856 4552 872 4597 3
885 4556 997 4600 revincet.
1010 4565 1056 4614 par
1067 4550 1119 4600 lul.
1125 4551 1185 4614 jan.
1199 4552 1238 4599 En
1252 4565 1338 4613 margo
1354 4568 1359 4599 :
1372 4557 1509 4601 crura-tuni
1523 4552 1554 4600 de
1561 4557 1681 4616 prerupto
1692 4550 1788 4600 ‘lorraine'
1800 4554 1891 4602 meari.

593 4737 614 4782 l.
634 4735 762 4796 llauquier
777 4735 861 4782 ‹l'Asti
873 4751 879 4785 ι
890 4736 924 4783 cf.
944 4734 1048 4792 lliezlur,
1061 4749 1087 4785 n.
1105 4738 1186 4793 222&
1207 4736 1303 4794 Kirscb,
1317 4735 1392 4796 Keil,
1406 4739 1472 4795 292;
1491 4736 1595 4799 derez,
1614 4750 1639 4784 n.
1657 4739 1712 4785 aiut.
1725 4763 1756 4770 -
1773 4738 1796 4785 2.
1811 4721 1924 4784 dtienne

560 4808 663 4864 Mallon,
681 4808 806 4856 clianoine
822 4808 855 4855 do
872 4809 1036 4856 ‚st-Genuam
1053 4808 1086 4856 do
1104 4808 1185 4866 lions,
1203 4809 1236 4857 ‹lc
1253 4810 1375 4870 Soignies
1394 4817 1449 4868 etc,
1471 4809 1561 4873 prdi'bt
1577 4809 1623 4858 des
1642 4809 1733 4871 eglises
1748 4808 1781 4857 de
1802 4807 1879 4857 Mons
1898 4811 1925 4857 et

559 4880 676 4928 trasarici·
687 4881 722 4927 du
734 4881 817 4929 corute‘
829 4882 860 4929 de
875 4882 996 4936 Huinaut,
1008 4880 1035 4931 *i⁴
1047 4884 1076 4929 15
1094 4888 1143 4930 oet.
1163 4883 1232 4930 1370.
1251 4883 1289 4931 ut.
1312 4883 1442 4943 lievillcrs,
1464 4882 1562 4933 (total.
1580 4882 1624 4931 der
1639 4882 1732 4932 dimica
1742 4879 1774 4929 de
1793 4881 1923 4939 Halm,

562 4954 604 5012 Vl,
625 4955 671 5000 sor
691 4970 697 5010 ς
718 4955 874 5016 ilemeuldre,
897 4956 975 5017 (lurp.
993 4953 1024 5001 da
1042 4955 1161 5017 Soipniex,
1175 4956 1283 5003 aus-:sui
1298 4970 1304 5013 ;
1318 4956 1347 5004 Ε.
1366 4956 1496 5005 Matthieu
1513 4971 1556 5019 ap.
1574 4957 1663 5019 Bioqr.
1677 4958 1728 5004 arri.
1745 4953 1777 5002 de
1788 4954 1923 5018 Belqique,

560 5027 626 5085 xlv,
640 5030 781 5077 98-1oo.-
794 5031 816 5077 3.
829 5029 941 5077 Actedu
953 5033 967 5075 ⁸
980 5043 1048 5076 mars
1062 5032 1123 5077 1310
1142 5029 1260 5090 (Riezler,
1281 5029 1333 5079 isat.
1352 5029 1442 5089 aliteri,
1460 5045 1485 5079 n.
1503 5032 1563 5079 2071
1579 5045 1585 5088 ;
1605 5030 1723 5088 Dnuruet,
1742 5026 1837 5077 Berroia
1855 5026 1923 5086 XII,

559 5116 585 5149 n.
598 5103 663 5160 iul.)
675 5102 736 5149 Voir
748 5117 797 5149 une
809 5103 946 5165 supplique
957 5103 993 5150 du
1011 5105 1026 5149 3
1038 5103 1104 5150 avril
1117 5104 1180 5150 13113
1191 5102 1224 5151 de
1235 5101 1349 5164 leveque
1365 5103 1398 5151 de
1416 5104 1535 5152 Cambrai
1547 5104 1654 5151 relative
1671 5103 1687 5150 rt
1704 5103 1774 5149 cette
1791 5103 1923 5163 privation

561 5174 663 5238 (sappi.
683 5174 811 5238 dsubuia
835 5176 860 5236 Γ,
874 5181 892 5226 t.
910 5178 948 5236 au,
961 5177 979 5225 f.
998 5178 1043 5225 117
1059 5192 1065 5236 ;
1084 5175 1145 5239 Περ.
1158 5177 1241 5235 Aria,
1256 5178 1308 5234 155,
1321 5178 1339 5225 f.
1352 5179 1398 5225 105
1411 5194 1417 5237 ;
1428 5178 1462 5227 cf.
1482 5177 1553 5237 Bliss,
1567 5175 1876 5238 Paiirtrns,l,41ussl).
