4650 6059
482 781 538 845 168
1034 778 1120 849 1344.
1144 778 1184 841 20
1206 779 1290 842 avril.

481 929 571 994 idem
587 950 674 1014 mag.
692 928 853 995 Nicolaus
869 928 979 995 adbuc
995 934 1107 1012 ageret
1135 926 1167 989 in
1192 927 1357 1007 humanis,
1374 927 1548 994 donationi
1572 937 1680 1014 apost.
1695 950 1845 996 reserva-

482 1034 541 1113 vit,
557 1033 738 1116 dignemini
754 1031 929 1118 providere
943 1055 951 1112 ;
968 1052 1036 1097 non
1052 1032 1138 1096 obst.
1154 1030 1245 1113 quod
1260 1050 1319 1115 per
1334 1030 1366 1097 S.
1382 1029 1423 1096 V.
1439 1030 1548 1096 eidem
1563 1029 1695 1109 Jacobo
1711 1032 1754 1098 de
1770 1054 1844 1100 can.

482 1146 517 1201 et
532 1140 624 1221 preb.
641 1138 723 1203 eccl.
739 1137 771 1202 S.
787 1136 880 1203 Pauli
897 1134 1068 1215 Leodien.,
1092 1143 1257 1217 tanquam
1281 1154 1357 1200 vac.
1371 1134 1405 1199 in
1431 1134 1524 1200 dicta
1539 1134 1630 1200 curia
1656 1135 1718 1202 fuit
1732 1140 1844 1224 provi-

483 1260 566 1318 sum,
583 1260 723 1323 quorum
739 1241 947 1326 possessione
962 1238 1107 1325 gaudere
1122 1258 1192 1306 non
1207 1245 1320 1324 potest
1334 1258 1396 1324 pro
1407 1258 1449 1304 eo
1465 1239 1623 1325 quodper
1636 1240 1744 1326 ipsam
1761 1243 1792 1308 S.
1803 1234 1843 1308 V.

483 1345 572 1430 prius
588 1345 683 1409 alteri
699 1344 807 1410 fuerat
823 1345 865 1410 de
881 1345 960 1431 ipsis
975 1344 1156 1429 provisum.
1172 1381 1214 1393 —
1231 1341 1308 1408 Fiat
1325 1342 1365 1409 R.

526 1490 610 1550 709.
628 1481 716 1548 Item
741 1504 835 1569 supp.
851 1483 941 1549 idem
964 1481 1148 1562 Johannes,
1176 1490 1267 1565 quat.
1287 1479 1443 1567 [Galtero
1471 1481 1504 1545 le
1533 1480 1623 1563 Bart,
1647 1482 1735 1564 cler,
1759 1482 1842 1568 filio]

483 1586 654 1672 quondam
670 1586 798 1652 Galteri
814 1589 845 1652 le
862 1586 954 1667 Bart,
968 1584 1135 1651 Morinen.
1145 1584 1243 1665 dioc,
1252 1585 1376 1651 decan.
1387 1595 1421 1649 et
1434 1588 1525 1671 preb.
1541 1587 1623 1652 eccl.
1635 1607 1694 1652 seu
1708 1588 1843 1654 abbatie

483 1692 638 1757 secularis
654 1690 759 1757 Viseti
783 1711 881 1776 supra
898 1687 1043 1769 Mosam,
1060 1687 1220 1755 Leodien.
1235 1689 1333 1769 dioc,
1349 1708 1422 1755 vac.
1442 1688 1476 1753 in
1492 1688 1584 1755 dicta
1604 1690 1694 1756 curia
1709 1711 1771 1777 per
1789 1696 1843 1759 ob.

483 1794 644 1860 Bemardi
668 1796 711 1862 de
727 1795 944 1875 Kensewilre,
969 1794 1054 1859 alias
1068 1792 1110 1860 de
1127 1792 1307 1877 Ghuylove
1324 1802 1342 1874 ¹,
1359 1791 1530 1876 quondam
1546 1792 1648 1880 ipsius
1662 1796 1745 1861 eccl.
1770 1816 1842 1861 can.

482 1901 584 1984 preb,
595 1919 637 1963 ex
653 1919 694 1965 eo
706 1898 797 1983 quod
806 1898 838 1963 S.
848 1896 889 1965 V.
900 1898 992 1984 ipsos
1001 1918 1076 1963 can.
1087 1904 1121 1962 et
1133 1898 1236 1983 preb,
1245 1896 1326 1962 dum
1338 1896 1426 1962 idem
1442 1894 1629 1962 Bemardus
1645 1897 1757 1964 adhuc
1768 1919 1844 1984 age·

481 2010 533 2066 ret
548 2001 581 2066 in
592 2002 757 2082 humanis,
768 2001 941 2068 donationi
954 2009 1062 2087 apost.
1071 2000 1264 2081 reservavit,
1274 2000 1455 2085 dignemini
1465 2000 1700 2086 providere-
1713 2000 1791 2083 Fiat
1802 2002 1841 2067 R·

527 2105 605 2170 Dat.
620 2104 722 2170 Avin.
742 2125 778 2169 12
795 2104 863 2171 kal.
878 2105 956 2170 maii
972 2111 1006 2171 a⁰
1022 2111 1064 2170 2⁰.
1082 2106 1134 2188 (4,
1152 2103 1242 2188 300).

533 2242 762 2324 710-711.
1531 2277 1626 2341 1544,
1642 2277 1684 2321 ao
1700 2260 1798 2324 avril.

525 2361 626 2447 Supp.
650 2360 836 2426 Ademarus
859 2358 1073 2444 Laubrayria,
1097 2360 1185 2438 cler,
1199 2358 1252 2425 lic.
1269 2360 1303 2423 in
1319 2359 1393 2444 leg,
1408 2361 1481 2425 bac.
1499 2360 1532 2425 in
1547 2361 1647 2442 decr,
1664 2360 1841 2429 Caturcen.

481 2464 578 2544 dioc„
610 2464 712 2530 famil.
737 2473 772 2529 et
796 2464 958 2530 collector
984 2463 1016 2529 S.
1041 2461 1081 2528 V.
1107 2463 1140 2527 in
1167 2463 1231 2528 civ.
1262 2471 1297 2527 et
1327 2462 1413 2529 dioc.
1445 2463 1633 2545 Caturcen.,
1663 2464 1842 2547 Tutellen.,

482 2569 684 2650 Ruthenen.,
700 2568 855 2649 Vabren,
881 2568 1025 2649 Albien.,
1051 2567 1212 2648 Castren,
1237 2566 1416 2653 deputatus
1438 2589 1498 2655 per
1522 2568 1594 2635 RR.
1619 2568 1684 2636 ΡΡ.
1700 2578 1736 2635 et
1751 2570 1842 2637 dom.

481 2672 688 2757 Stephanum
710 2679 745 2737 et
758 2670 983 2754 Guillelmum‚
1000 2673 1064 2737 Dei
1079 2673 1185 2758 gratia
1203 2671 1356 2737 Casinen.
1381 2679 1416 2737 et
1438 2672 1639 2759 Forojulien.
1655 2675 1842 2761 episcopos

480 2797 501 2840 a
516 2776 547 2841 S.
564 2773 604 2841 V.
619 2775 843 2841 tbesaurarios
867 2775 1008 2842 Camere
1031 2783 1138 2862 apost.
1166 2775 1346 2855 ordinatos,
1370 2784 1461 2861 quat.
1488 2777 1549 2842 sibi
1573 2784 1608 2843 et
1639 2777 1842 2861 Raimundo,

480 2880 550 2965 ejus
577 2879 680 2960 fiatri,
707 2899 747 2945 ac
772 2879 934 2961 Alinosie,
950 2881 1098 2966 ejusdem
1128 2880 1306 2946 Raimundi
1333 2880 1438 2961 uxori,
1462 2891 1497 2947 et
1519 2881 1609 2948 dom.
1635 2880 1784 2960 Jobanni
1799 2885 1843 2950 de

481 2982 604 3065 Lodiis,
628 2986 736 3070 presb.
761 2993 796 3050 et
820 2984 941 3050 rectori
966 2987 1049 3051 eccl.
1076 2986 1107 3051 S.
1135 2983 1299 3063 Jobannis
1325 2985 1367 3050 de
1390 2984 1562 3066 Somardo,
1585 2987 1718 3052 Albien.
1743 2987 1842 3068 dioc,

480 3087 714 3153 subcollectori
738 3086 880 3153 Camere
907 3098 1014 3175 apost.
1039 3090 1073 3153 in
1096 3088 1187 3154 dicta
1209 3088 1306 3169 dioc,
1323 3090 1457 3173 plenam
1484 3088 1724 3175 indulgentiam
1748 3093 1841 3157 utin

481 3191 587 3255 forma
604 3190 790 3257 concedere
805 3191 998 3276 dignemini.
1014 3235 1057 3242 —
1074 3192 1150 3257 Fiat
1167 3192 1207 3258 R.

526 3333 600 3392 711.
619 3326 707 3391 Item
723 3348 817 3412 supp.
833 3328 943 3394 dictus
959 3330 1130 3409 collector,
1147 3336 1238 3413 quat.
1254 3328 1314 3393 sibi
1330 3327 1484 3413 dignetur
1509 3327 1616 3393 facere
1631 3346 1678 3412 gr.
1694 3348 1785 3413 spec.
1800 3327 1842 3393 de

482 3430 582 3513 dign,
612 3450 709 3514 pers,
740 3429 806 3509 off,
838 3432 997 3513 cantoria,
1027 3432 1183 3498 scolastia
1212 3433 1267 3496 vel
1293 3431 1513 3517 precentoria,
1551 3450 1640 3495 nunc
1676 3418 1751 3496 vac.
1788 3432 1841 3496 vel

482 3533 637 3618 proximo
659 3541 768 3599 vacat.
792 3534 824 3598 in
853 3536 935 3600 eccl.
950 3534 1138 3601 Tomacen.
1154 3536 1344 3620 pertinente
1359 3534 1403 3599 ad
1428 3533 1644 3599 collationem
1671 3533 1773 3619 episc.
1789 3537 1841 3600 vel

483 3657 556 3721 cap.
572 3636 662 3702 dicte
686 3639 767 3703 eccl.
786 3637 984 3719 Tomacen.,
1000 3639 1224 3705 communiter
1238 3640 1292 3703 vel
1307 3637 1450 3719 divisim,
1466 3639 1520 3701 vel
1535 3636 1707 3702 adsedem
1723 3648 1842 3723 apost,

482 3761 541 3805 seu
567 3761 800 3826 quamcunque
826 3743 926 3808 aliam
948 3763 1126 3829 personam
1148 3742 1215 3807 hoc
1237 3741 1421 3820 facientes;
1448 3761 1517 3805 non
1533 3742 1619 3806 obst.
1635 3739 1725 3824 quod
1741 3742 1841 3827 episc.

482 3865 540 3909 seu
572 3865 644 3930 cap.
675 3847 756 3910 eccl.
787 3845 974 3914 Tomacen.
1007 3829 1214 3932 supradictas
1250 3844 1438 3929 dignitates,
1476 3851 1682 3929 personatus,
1721 3845 1841 3928 officia,

482 3948 659 4029 cantorias,
690 3949 861 4015 scolastias
891 3952 945 4015 vel
975 3949 1212 4036 precentorias,
1242 3948 1465 4014 communiter
1493 3950 1548 4012 vel
1581 3947 1724 4028 divisim,
1764 3949 1841 4015 dare

482 4051 740 4131 consueverint;
768 4061 803 4117 et
825 4073 893 4118 non
917 4056 1003 4119 obst.
1027 4053 1290 4137 quibuscumque
1316 4051 1504 4136 privilegiis,
1536 4052 1840 4133 consuetudinibus,

481 4155 615 4218 statutis
631 4155 720 4220 dicte
736 4158 818 4221 eccl.
830 4155 1028 4236 Tomacen.,
1039 4157 1142 4221 etiam
1158 4164 1284 4222 auctor.
1297 4162 1404 4241 apost.
1418 4155 1631 4236 confirmatis,
1644 4164 1679 4221 et
1691 4158 1841 4240 quolibet

481 4256 673 4339 juramento
688 4258 830 4339 vallatis
847 4268 881 4324 et
897 4260 969 4324 aliis
985 4260 1247 4343 quibuscumque
1262 4279 1330 4324 non
1347 4258 1566 4325 obstantibus.
1581 4299 1625 4308 -
1641 4257 1718 4326 Fiat
1736 4261 1775 4326 R.

525 4360 603 4424 Dat.
619 4360 719 4426 Avin.
740 4383 776 4426 12
793 4361 859 4427 kal.
875 4362 953 4427 maii
970 4370 1003 4428 a⁰
1020 4370 1062 4427 2⁰.
1079 4364 1131 4447 (4,
1150 4363 1255 4447 3ool).

533 4493 638 4573 712.
1530 4531 1624 4595 1344,
1641 4532 1683 4575 ao
1698 4516 1797 4579 avril.

516 4609 617 4695 Supp.
628 4611 665 4676 fr.
677 4610 803 4691 Petrus,
814 4613 972 4696 magister
982 4614 1051 4679 ord.
1062 4614 1331 4699 predicatorum,²
1340 4623 1430 4699 quat.
1444 4614 1599 4700 [Symoni
1610 4614 1841 4701 Longini,ejus

480 4712 609 4800 famil.,]
628 4714 670 4779 de
687 4716 838 4780 custodia
853 4737 912 4781 seu
927 4718 1148 4782 matricularia
1165 4727 1222 4782 aut
1244 4718 1299 4783 off.
1322 4719 1363 4783 ad
1385 4721 1461 4783 coll.
1474 4721 1549 4783 abb.
1565 4727 1600 4783 et
1615 4739 1713 4783 conv.
1724 4740 1841 4784 mona-

480 4817 569 4984 sterFii
592 4818 623 4883 S.
641 4817 730 4883 Petri
755 4818 950 4901 Gaudensis,
968 4820 1009 4887 O.
1027 4822 1057 4887 S.
1074 4821 1123 4901 B.,
1140 4820 1326 4887 Tomacen.
1342 4822 1439 4901 dioc„
1456 4821 1637 4906 dignemini
1653 4822 1840 4907 providere.

480 4960 522 4969 -
566 4921 612 4986 iat
630 4921 669 4986 R.

525 5022 602 5089 Dat.
620 5024 718 5089 Avin.
737 5044 773 5088 12
790 5023 856 5090 kal.
873 5027 951 5092 maii
968 5036 1001 5094 a⁰
1018 5036 1060 5094 2⁰.
1078 5030 1128 5112 (4,
1146 5030 1234 5114 307).

514 5207 532 5251 l.
549 5170 646 5262 liirscb,
664 5205 736 5260 ΜΛ,
750 5206 796 5251 446
809 5221 814 5262 ;
827 5209 882 5253 voir
894 5222 918 5255 n.
930 5209 986 5256 607.
998 5236 1029 5242 -
1043 5211 1064 5257 2.
1076 5209 1159 5256 Pierre
1170 5209 1202 5257 do
1215 5208 1304 5256 Palma
1316 5210 1353 5270 (v.
1367 5208 1471 5268 Deniflo,
1488 5207 1613 5267 Cleua-tal.
1626 5207 1666 5268 ΙΙ,
1677 5209 1794 5273 passim.)
