4650 6059
486 807 547 869 570
1045 806 1126 877 1351,
1150 806 1191 869 20
1209 806 1285 887 juin.

486 980 560 1024 cum
578 959 812 1044 supplemento
822 959 923 1043 ipsius
935 958 1085 1039 ecclesie,
1097 978 1163 1024 una
1177 979 1254 1024 cum
1266 958 1441 1044 dignitate,
1454 968 1640 1047 personatu
1658 960 1717 1025 vel
1730 959 1834 1037 officio,

486 1085 515 1129 c.
539 1084 567 1128 c.
593 1063 648 1126 vel
682 1082 707 1127 s.
731 1082 760 1127 c.
794 1061 923 1127 etiarnsi
948 1061 991 1127 ad
1018 1062 1118 1141 illam,
1143 1062 1236 1127 illum
1263 1064 1318 1126 vel
1345 1062 1425 1129 illud
1452 1062 1669 1129 consueverit
1694 1064 1770 1148 quis
1792 1084 1834 1149 per

486 1165 685 1231 electionem
702 1165 835 1246 assumi,
851 1165 877 1229 si
893 1184 982 1230 nunc
998 1174 1133 1246 vacant,
1150 1167 1203 1230 vel
1221 1186 1296 1231 cum
1313 1167 1346 1231 in
1363 1168 1504 1233 ecclesia
1522 1168 1678 1254 predicta
1696 1175 1758 1233 aut
1772 1189 1834 1252 qua·

486 1289 617 1353 cunque
633 1269 699 1333 alia
713 1269 747 1333 in
763 1268 902 1335 civitate
918 1270 972 1334 vel
988 1268 1075 1335 dioc.
1092 1268 1289 1349 Tornacen,
1307 1278 1365 1336 aut
1388 1271 1478 1356 apud
1492 1271 1606 1337 sedern
1625 1279 1741 1357 apost.
1757 1271 1835 1336 simul

485 1375 538 1438 vel
555 1373 740 1439 successive
752 1374 957 1454 vacaverint,
973 1383 1031 1439 aut
1047 1374 1073 1440 si
1090 1374 1157 1456 illa,
1174 1375 1230 1439 ille
1255 1375 1309 1438 vel
1326 1374 1406 1439 illud
1422 1375 1660 1441 consueverint
1676 1396 1741 1462 per
1752 1395 1835 1441 cano
1867 1353 1870 1466 l

484 1477 596 1544 nicurn
620 1478 674 1542 vel
698 1498 766 1543 non
790 1478 992 1544 canonicum
1008 1478 1196 1564 Trajecten.
1220 1478 1393 1564 gubemari
1407 1500 1415 1556 ;
1431 1478 1689 1563 quibuscunque
1705 1499 1835 1545 resena·

484 1580 630 1646 tionibus
652 1582 861 1666 generalibus
885 1582 939 1647 vel
963 1582 1161 1668 specialibus
1185 1582 1280 1649 lactis
1296 1582 1348 1646 vel
1366 1581 1524 1647 faciendis
1539 1603 1609 1649 non
1625 1583 1835 1675 obstantibus,

484 1683 666 1768 dignemini
682 1684 878 1770 providere;
895 1684 1128 1772 dispensantes
1140 1707 1182 1751 ex
1193 1685 1335 1751 uberiori
1348 1684 1439 1751 dono
1450 1686 1556 1770 gratie
1568 1707 1648 1752 cum
1661 1686 1750 1772 ipso,
1762 1685 1836 1772 quod
1868 1736 1870 1749 .

485 1788 673 1874 hujusmodi
688 1788 898 1873 dignitatern,
914 1799 1131 1876 personatum
1148 1790 1202 1854 vel
1219 1788 1365 1855 officium
1378 1809 1532 1854 unacum
1548 1789 1689 1855 abbatia
1701 1791 1837 1877 predicte

484 1892 624 1959 ecclesie
649 1891 884 1974 Cennacensis,
909 1913 974 1977 que
1001 1902 1052 1959 est
1078 1894 1224 1979 dignitas
1244 1915 1269 1959 s.
1291 1914 1331 1974 c.,
1354 1892 1502 1979 recipere
1518 1902 1554 1959 et
1568 1892 1722 1959 retinere
1736 1895 1836 1981 possit,

484 1996 724 2063 constitutione
740 2017 940 2082 quacunque
956 2000 1122 2066 contraria
1137 2018 1206 2065 non
1219 2001 1315 2079 obst,
1327 2007 1361 2064 et
1373 1998 1440 2064 suis
1448 1998 1621 2065 beneficiis
1631 2019 1700 2084 que
1710 2000 1838 2082 obtinet,

484 2121 549 2185 que
564 2099 745 2185 dignemini
762 2122 804 2166 ex
820 2110 909 2167 certa
927 2102 1067 2168 scientia
1083 2102 1207 2169 habere
1223 2123 1284 2189 pro
1300 2104 1472 2188 expressis.
1492 2140 1523 2150 -
1546 2101 1625 2168 Fiat
1636 2102 1682 2169 de
1700 2124 1774 2170 can.
1787 2095 1837 2168 sub

483 2226 558 2293 exp.
575 2208 677 2292 preb,
693 2205 877 2291 dignitatis,
894 2205 1006 2289 officii,
1022 2215 1221 2294 personatus
1242 2216 1306 2273 etc.
1324 2207 1357 2270 in
1376 2205 1480 2272 forma
1499 2205 1539 2275 R.

527 2311 606 2378 Dat.
622 2310 721 2377 Avin.
742 2332 778 2395 13
795 2310 861 2378 kal.
874 2310 946 2396 julii
961 2319 994 2378 a⁰
1014 2319 1075 2382 10⁰.
1092 2312 1164 2397 (21,
1183 2315 1267 2397 38⁷).

535 2430 678 2514 2199.
1550 2464 1646 2530 1351,
1664 2468 1710 2512 ao
1719 2445 1802 2529 juin.

528 2548 628 2636 Supp.
652 2547 908 2614 Bartholomeus
922 2549 965 2616 de
981 2549 1138 2616 Boscario
1155 2562 1173 2630 ¹,
1190 2550 1290 2616 vestri
1306 2550 1388 2616 sacri
1407 2549 1522 2636 palatii
1538 2548 1683 2633 auditor,
1701 2560 1789 2637 quat.
1803 2550 1837 2616 de

485 2674 559 2720 can.
583 2661 618 2718 et
642 2656 744 2739 preb,
760 2672 844 2738 quos
871 2651 1031 2720 Matheus
1045 2654 1088 2720 de
1115 2653 1293 2721 Colrarello
1309 2654 1440 2721 obtinet
1455 2654 1489 2719 in
1506 2654 1588 2720 eccl.
1604 2655 1806 2721 Ambianen.
1820 2666 1836 2728 ²,

484 2758 654 2824 collationi
670 2758 757 2823 sedis
772 2764 879 2844 apost.
895 2759 1079 2839 reservatis,
1096 2779 1172 2824 cum
1188 2780 1248 2846 per
1263 2758 1494 2825 uxorationem
1507 2758 1560 2822 vel
1576 2758 1737 2826 militiam
1748 2760 1836 2847 ipsius

485 2859 625 2942 Matlrei,
643 2861 696 2926 vel
712 2861 794 2926 alias
809 2882 910 2945 quam
925 2882 985 2948 per
996 2871 1139 2928 mortem
1152 2883 1273 2928 vacare
1283 2862 1471 2948 contigerit,
1481 2861 1592 2928 eidem
1605 2861 1834 2932 Bartholomeo

483 2964 664 3050 dignemini
681 2965 855 3052 providere
868 2988 877 3045 ;
894 2986 962 3031 non
979 2968 1064 3031 obst.
1080 2966 1191 3051 aliqua
1202 2967 1449 3053 permutatione
1463 2974 1540 3052 post
1555 2966 1686 3033 dictam
1702 2987 1832 3035 reserva-

483 3070 610 3136 tionem
626 3070 668 3136 de
684 3071 731 3135 eis
747 3073 873 3154 absque
889 3069 979 3136 dicte
995 3069 1082 3136 sedis
1102 3071 1303 3137 auctoritate
1320 3070 1416 3153 lacta,
1432 3071 1487 3136 vel
1504 3071 1536 3135 in
1552 3079 1729 3157 posterum
1744 3073 1830 3139 etiam

483 3174 631 3260 ejusdem
648 3175 734 3240 sedis
750 3173 951 3239 auctoritate
968 3175 1131 3255 facienda,
1142 3196 1200 3240 seu
1212 3175 1302 3260 quod
1318 3174 1407 3240 idern
1425 3174 1686 3243 Bartholomeus
1701 3175 1829 3265 preposi-

483 3286 592 3343 turam
609 3278 747 3343 §.Petri
771 3277 983 3359 Casletensis,
1008 3277 1176 3344 Morinen.
1200 3278 1298 3358 dioc,
1316 3300 1356 3344 ac
1371 3279 1645 3364 penitentiariam
1662 3301 1739 3347 cum
1755 3282 1826 3368 preb.
1869 3327 1870 3331 ,

484 3382 516 3445 in
544 3380 720 3462 Morinen,
738 3389 771 3445 et
788 3383 847 3446 sub
864 3402 939 3466 exp.
956 3385 1047 3466 preb.
1064 3391 1098 3446 et
1122 3382 1223 3448 ollrcii
1239 3403 1308 3447 non
1325 3383 1428 3448 curati
1445 3383 1478 3447 in
1496 3382 1671 3450 Pictaven.
1689 3381 1825 3451 ecclesiis
1863 3393 1868 3454 J

484 3484 701 3550 canonicatus
730 3484 878 3549 noscitur
908 3485 1086 3565 obtinere;
1119 3507 1195 3550 cunr
1233 3486 1306 3551 aliis
1344 3486 1507 3562 clausulis,
1539 3495 1572 3551 et
1611 3488 1824 3555 executoribus
1861 3494 1870 3534 ἲ

484 3588 666 3674 oportunis.
682 3629 724 3636 —
742 3587 819 3651 Fiat
836 3587 876 3651 R.
1868 3582 1870 3587 '

526 3693 603 3757 Dat.
620 3693 720 3759 Avin.
742 3713 776 3755 12
794 3691 859 3756 kal.
874 3692 947 3776 julii
964 3703 996 3758 a⁰
1017 3704 1076 3758 10⁰.
1094 3697 1166 3776 (21,
1185 3705 1265 3779 35⁸).

532 3812 841 3897 2200-2201.
1542 3849 1638 3912 1551,
1660 3830 1792 3913 aojuin.
1861 3837 1868 3847 ”

524 3932 625 4018 Supp.
641 3932 660 4009 J
664 3935 787 3998 acobus
803 3933 992 3998 Wastebles
1010 3944 1029 4008 ³,
1057 3931 1194 3995 clericus
1217 3930 1416 4010 Tomacen,
1434 3940 1525 4015 quat.
1541 3932 1602 3997 sibi
1620 3933 1663 4000 de
1679 3935 1822 4001 decanatu
1862 4012 1869 4020 .

479 4057 518 4101 ac
535 4057 609 4102 can.
627 4045 660 4101 et
677 4040 768 4122 preb.
786 4038 926 4102 ecclesie
943 4036 974 4100 S.
992 4034 1080 4099 Petri
1098 4034 1318 4112 Cominensis,
1335 4034 1523 4101 Tornacen.
1540 4036 1638 4117 dioc,
1656 4036 1822 4108 reservatis,
1863 4049 1865 4053 ’

481 4162 553 4206 vac.
585 4140 674 4227 apud
704 4141 818 4206 sedem
849 4148 958 4226 apost.
989 4159 1048 4221 per
1078 4142 1132 4204 ob.
1163 4138 1309 4223 magistri
1342 4138 1487 4226 Philippi
1516 4139 1667 4222 Roberti,
1695 4144 1771 4209 alias
1791 4140 1821 4206 de
1863 4150 1870 4157 '

483 4243 635 4323 Parisius,
663 4244 781 4309 decani
808 4245 908 4330 ipsius
933 4241 1083 4322 ecclesie,
1108 4251 1202 4307 extra
1219 4240 1316 4307 Rom.
1334 4242 1457 4308 curiam
1473 4241 1634 4326 defuncti,
1661 4242 1820 4334 dignemini
1864 4254 1870 4329 ξ

481 4347 657 4431 providere
673 4369 681 4426 ;
708 4368 775 4413 non
793 4350 877 4413 obst.
894 4345 1066 4412 beneficiis
1082 4345 1115 4409 in
1132 4345 1328 4410 cancellaria
1347 4346 1581 4431 exprimendis
1599 4369 1640 4415 ac
1657 4349 1821 4417 executori·
1863 4396 1870 4408 .

482 4452 542 4514 bus
558 4459 622 4515 etc.
635 4491 677 4498 —
692 4450 768 4515 Fiat
786 4451 825 4516 R.

526 4572 633 4636 2201.
652 4571 738 4636 Item
754 4571 772 4648 J
776 4571 900 4637 ohanni
918 4571 1054 4652 Pietart,
1070 4572 1254 4657 presbitero
1266 4571 1463 4655 Tomacen,
1476 4573 1518 4640 de
1530 4576 1686 4661 parroch.
1703 4573 1821 4646 ecclesia
1864 4635 1870 4645 ..

482 4674 512 4739 S.
543 4673 724 4739 Karberine
751 4675 780 4740 T
782 4696 926 4741 ornacen
951 4694 973 4757 ⁴,
998 4685 1177 4755 reservata,
1206 4698 1278 4743 vac.
1305 4698 1364 4762 per
1389 4679 1442 4743 ob.
1469 4677 1634 4755 Johannis
1664 4681 1820 4768 Fronguet

481 4777 663 4863 dignemini
695 4781 892 4865 providere;
931 4802 999 4847 non
1037 4784 1123 4847 obst.
1155 4782 1245 4864 quod
1284 4782 1450 4865 quandam
1488 4804 1580 4870 perp.
1621 4787 1822 4873 capellaniam
1866 4847 1870 4853 .

482 4882 621 4947 obtinet.
638 4925 680 4931 —
698 4884 772 4949 Fiat
790 4885 829 4949 R.

526 4987 602 5051 Dat.
620 4989 719 5052 rivin.
741 5010 776 5051 12
795 4988 996 5074 1111111111υ
1017 4997 1076 5055 10⁰.
1094 4993 1164 5073 (21,
1184 5000 1260 5074 35⁹).

516 5169 537 5215 l.
553 5167 773 5214 1111112163.-
796 5173 818 5215 2.
833 5169 892 5215 l'oir·
906 5172 1054 5217 11.211“1“.-
1075 5173 1097 5218 3.
1111 5171 1171 5217 Voir
1183 5186 1207 5219 n.
1221 5174 1290 5228 alst,
1305 5175 1419 5221 111111-
1441 5174 1462 5220 l.
1477 5174 1525 5217 v0<
1546 5175 1700 5238 (Porciam,
1715 5181 1733 5237 1,
1747 5194 1770 5243 p.
1783 5176 1828 5226 1011

485 5242 535 5286 circ
549 5254 581 5285 nn
595 5239 660 5285 «leun
673 5240 806 5288 riklrelain
820 5241 880 5287 cure
891 5258 922 5290 cn
937 5246 1006 5289 133u.
