4650 6059
481 798 542 861 624
1015 794 1100 866 1352,
1125 793 1211 856 15-18
1230 792 1307 873 J'uin.

481 950 658 1027 dimittere,
670 956 704 1013 et
716 949 792 1014 loco
807 947 1016 1012 dimissorum
1034 946 1097 1010 alia
1114 945 1262 1031 recipere
1275 954 1308 1010 et
1321 945 1443 1010 babere
1454 945 1593 1024 valeret,
1607 944 1706 1010 dicto
1718 944 1833 1011 deiectu

480 1074 548 1118 non
576 1056 741 1132 obstante,
769 1050 1082 1137 apostauctoritate
1111 1049 1172 1115 suit
1199 1049 1428 1135 dispensatum
1449 1071 1457 1128 ;
1480 1055 1516 1114 et
1538 1046 1632 1131 quod
1661 1048 1833 1132 hujusmodi

481 1156 738 1242 dispensationis
753 1156 868 1241 vigore
895 1155 1036 1240 adeptus
1063 1152 1124 1217 fuit
1150 1173 1253 1218 unum
1277 1153 1477 1219 beneficium
1493 1150 1770 1218 ecclesiasticum
1784 1172 1834 1216 non

481 1267 661 1338 curatum;
689 1280 784 1345 supp.
814 1266 904 1343 quat.
932 1256 992 1322 sibi
1018 1255 1204 1322 uberiorem
1229 1256 1372 1340 gratiam
1396 1255 1566 1336 facientes
1583 1264 1623 1322 ut
1639 1276 1750 1322 unum
1765 1254 1835 1322 aliud

481 1364 683 1429 beneficium
711 1362 984 1441 ecclesiasticum,
1013 1380 1089 1426 cum
1116 1359 1274 1446 predictis
1300 1359 1544 1446 compassibile,
1571 1360 1710 1427 etiamsi
1739 1380 1835 1427 eorum

482 1470 624 1534 alterum
652 1468 808 1554 dignitas,
832 1476 1030 1554 personatus
1055 1464 1111 1529 rel
1135 1463 1284 1530 officium
1308 1464 1440 1545 existat,
1456 1464 1628 1549 adquam,
1658 1485 1773 1550 quem,
1796 1465 1836 1530 rel

480 1572 594 1657 quod¹⁸
610 1573 686 1650 eligi
703 1572 889 1652 consuevit,
914 1570 1077 1648 obtinere,
1094 1577 1129 1635 et
1145 1568 1235 1654 quod
1257 1568 1315 1640 illa
1339 1569 1440 1635 libere
1456 1577 1491 1635 et
1507 1588 1549 1636 ex
1564 1588 1669 1636 causa
1683 1577 1836 1656 pennula·
1870 1573 1872 1600 ²

481 1677 582 1742 tionis
598 1685 632 1742 et
649 1678 733 1743 alias
757 1677 937 1755 dimittere,
962 1682 997 1739 et
1024 1675 1101 1739 loco
1127 1673 1338 1739 dimissorum
1363 1673 1429 1739 alia
1444 1673 1592 1760 recipere
1609 1681 1645 1739 et
1662 1674 1797 1752 habere,
1810 1681 1836 1737 ut

481 1781 621 1863 quilibet
637 1781 786 1865 legitime
801 1782 942 1865 genitus,
953 1788 988 1846 et
999 1778 1155 1863 quotiens
1171 1779 1231 1844 sibi
1247 1778 1409 1864 placuerit
1424 1778 1530 1865 possit
1541 1777 1635 1844 dicta
1645 1799 1709 1844 sua
1719 1778 1837 1865 dispeu-

481 1885 611 1950 satioue
627 1885 660 1949 in
677 1906 737 1952 suo
752 1885 866 1970 vigore
882 1892 1103 1971 permanente
1119 1893 1153 1947 et
1169 1883 1303 1948 delectu
1319 1882 1471 1969 predicto
1487 1891 1521 1948 et
1536 1882 1611 1949 aliis
1635 1903 1838 1969 nequaqnam

483 1991 579 2068 obst,
596 2010 708 2055 secum
725 1990 906 2075 dignemini
923 1989 1125 2075 dispensare.
1142 2029 1185 2037 —
1202 1985 1229 2051 F
1232 1988 1277 2052 iat
1295 1986 1334 2052 R.

528 2092 606 2158 Dat.
622 2093 722 2159 Avin.
741 2114 758 2179 3
777 2093 819 2161 id.
832 2093 916 2178 junii
933 2101 967 2158 a⁰
987 2100 1048 2158 11⁰.
1065 2093 1141 2177 (22,
1159 2096 1241 2176 30‘).

539 2244 690 2331 2403.
1550 2279 1648 2345 1352,
1667 2279 1712 2345 15
1721 2258 1805 2342 juin.

530 2360 628 2427 Motu
644 2362 777 2448 proprio
792 2362 1006 2449 providemus
1031 2363 1220 2445 Pictavino,
1233 2365 1369 2430 basilice
1385 2363 1453 2429 XII
1472 2365 1710 2452 apostolorum
1727 2363 1841 2452 presbi-

484 2474 557 2531 tero
582 2463 740 2531 cardinali
754 2477 774 2547 ¹,
810 2468 851 2532 de
876 2478 1056 2554 personatu
1081 2470 1123 2534 de
1150 2468 1268 2550 Gbele,
1297 2469 1456 2536 Leodien.
1481 2470 1579 2552 dioc,
1607 2490 1686 2536 vac.
1716 2490 1775 2558 per
1796 2471 1841 2535 ob.

483 2570 600 2634 ultime
625 2590 765 2657 persone
793 2572 952 2656 ejusdem,
980 2573 1086 2658 quiin
1104 2573 1202 2640 Rom.
1230 2574 1319 2640 curia
1342 2574 1431 2640 diem
1455 2574 1574 2641 clausit
1590 2582 1793 2640 extremum.
1808 2612 1842 2624 -

486 2672 562 2739 Fiat
579 2685 672 2739 motu
696 2677 831 2762 proprio
849 2676 888 2742 R.

528 2778 608 2844 Dat.
624 2779 722 2845 Avin.
743 2799 779 2864 17
796 2780 863 2847 lral.
876 2782 948 2866 julii
965 2789 998 2847 a⁰
1019 2790 1079 2849 11⁰.
1096 2783 1172 2867 (22,
1191 2783 1259 2868 24).

536 2930 690 3016 2404.
1549 2972 1588 3037 13
1589 2972 1647 3035 52,
1664 2956 1710 3020 18
1719 2954 1804 3036 juin.

528 3052 628 3137 Supp.
668 3052 834 3119 Robertus
865 3052 1009 3122 Infantis
1033 3073 1054 3136 ²,
1082 3056 1185 3142 judex
1223 3058 1329 3142 major
1366 3057 1559 3123 senescallie
1594 3057 1775 3126 Bellicadri
1811 3064 1838 3123 et

485 3154 656 3237 Nemausi,
674 3166 765 3241 quat.
782 3158 1008 3243 provisionem
1024 3161 1084 3226 sibi
1102 3161 1225 3226 factam
1242 3162 1284 3227 de
1300 3164 1391 3247 preb.
1405 3163 1544 3227 ecclesie
1558 3162 1762 3245 Tornacen,
1775 3184 1838 3228 rac.

483 3281 541 3345 per
571 3271 713 3326 mortem
732 3262 864 3329 Nicolai
896 3263 938 3329 de
963 3264 1105 3350 Nouroy
1116 3278 1137 3346 ³,
1163 3266 1219 3349 qui
1237 3275 1331 3331 extra
1348 3267 1471 3332 curiam
1484 3266 1582 3332 Rom.
1610 3268 1705 3333 diern
1732 3267 1837 3334 clausit

484 3367 865 3452 extrernurn,dignemini
894 3364 1090 3436 continuare
1118 3393 1174 3436 seu
1192 3372 1339 3437 donoro
1367 3372 1525 3452 conferre,
1554 3392 1624 3437 non
1641 3376 1731 3439 obst.
1748 3377 1835 3439 bene·

483 3470 565 3535 liciis
581 3492 644 3554 que
662 3473 791 3537 obtinet
809 3476 861 3538 rel
878 3484 1044 3559 expectat,
1073 3497 1136 3560 que
1164 3496 1224 3560 pro
1251 3477 1413 3560 expressis
1436 3476 1560 3541 habere
1584 3476 1780 3561 dignemini.
1803 3514 1835 3526 -

488 3572 564 3638 Fiat
583 3574 622 3638 lt.

528 3678 607 3742 Dat.
624 3680 723 3746 driu.
746 3700 780 3765 14
799 3682 864 3747 kal.
883 3684 1000 3764 julita·
1022 3693 1081 3750 11⁰.
1099 3687 1173 3767 (22,
1192 3693 1254 3768 31).

533 3833 1644 3937 2405·1552,
1664 3834 1796 3937 18jrrirr.

526 3954 625 4039 Supp.
645 3952 876 4034 Blemardus),
895 3955 925 4019 S.
944 3955 1114 4021 Eustachii
1143 3955 1305 4021 diaconus
1332 3955 1518 4037 cardinalis,
1535 3969 1629 4041 quat.
1650 3958 1786 4046 [Pontio
1797 3955 1828 4021 de

485 4055 598 4137 Metri,
625 4058 789 4123 canonico
815 4057 991 4145 llletensil,
1017 4061 1149 4125 decan.
1175 4070 1209 4125 et
1234 4064 1324 4145 preb.
1354 4061 1493 4126 ecclesie
1521 4060 1662 4144 Meten,
1690 4086 1761 4130 vac.
1783 4078 1828 4147 per

482 4175 624 4228 mortem
643 4162 782 4228 Henrici
800 4162 841 4227 de
860 4163 1081 4230 Hornbourclr
1092 4180 1113 4245 ⁴,
1139 4166 1240 4250 ipsius
1267 4167 1407 4230 ecclesie
1431 4166 1511 4231 dum
1536 4167 1669 4233 vireret
1695 4162 1826 4234 canonici

480 4266 687 4352 prebendati,
716 4287 792 4331 curn
817 4268 883 4331 suis
904 4269 1031 4352 juribus
1058 4279 1091 4334 et
1117 4270 1329 4355 pertinentiis
1354 4270 1523 4350 universis,
1549 4271 1683 4338 etiamsi
1707 4274 1749 4353 sit
1762 4269 1825 4335 alias

482 4371 653 4436 collationi
671 4380 728 4435 aut
744 4371 954 4455 dispositioni
983 4383 1092 4439 vestre
1109 4396 1167 4440 seu
1194 4376 1280 4440 sedis
1303 4384 1410 4460 apost.
1433 4375 1634 4458 generaliter
1650 4379 1705 4441 vel
1721 4373 1824 4462 specia-

481 4477 556 4541 liter
583 4485 762 4555 reservata,
779 4476 820 4541 de
837 4478 1043 4560 benignitate
1069 4489 1179 4543 restra
1206 4480 1303 4544 solita
1331 4479 1480 4544 conterre
1496 4488 1530 4543 et
1546 4479 1588 4543 de
1613 4501 1654 4545 ea
1671 4477 1823 4568 providere

481 4581 662 4665 dignemini
690 4590 725 4645 et
750 4581 861 4646 relitis
891 4605 900 4660 ;
933 4603 999 4646 non
1028 4585 1115 4647 obst.
1144 4584 1235 4666 quod
1263 4583 1350 4647 idem
1380 4583 1529 4662 Pontius
1556 4593 1716 4668 pretextu
1740 4579 1823 4668 gratie

481 4686 633 4770 specialis
649 4706 706 4769 per
722 4685 753 4749 S.
771 4683 809 4750 V.
827 4685 886 4750 sibi
917 4684 1004 4750 facte
1032 4685 1074 4749 de
1102 4707 1175 4751 can.
1201 4687 1290 4750 dicte
1307 4687 1448 4751 ecclesie
1465 4689 1524 4750 sub
1541 4707 1617 4772 exp.
1635 4691 1737 4773 preb,
1752 4692 1823 4772 posi·

481 4791 617 4855 modurn
635 4788 839 4874 prebendam
857 4790 945 4853 dicte
962 4789 1112 4868 ecclesie,
1141 4811 1205 4873 que
1233 4790 1293 4854 luit
1309 4790 1327 4866 J
1333 4791 1474 4855 ohannis
1490 4790 1531 4855 de
1551 4790 1730 4874 Ragecort,
1743 4787 1823 4876 ipsius

513 4979 702 5041 mffidwm

518 5163 536 5206 l.
553 5161 668 5207 l‘icrnrin
680 5160 711 5207 ‹lc
724 5161 910 5220 llontcsruireu.
923 5163 960 5209 tir.
974 5163 1066 5212 ‹l'nlbt
1081 5165 1182 5212 nomme
1195 5163 1217 5212 lc
1232 5165 1259 5213 li
1272 5164 1405 5214 ‹lerenrlrrc
1418 5169 1478 5213 13:10
1491 5165 1595 5227 (liulrcl.
1611 5168 1630 5227 l,
1646 5172 1697 5229 lb’).
1707 5198 1736 5205 -
1748 5172 1767 5217 2.
1780 5165 1825 5210 l'oir

483 5235 1276 5296 imme-affimmffiffl—lffimbmffihffiffll
