4650 6059
740 815 829 893 1346,
852 815 892 877 21
914 813 1067 880 dteenbre
1088 816 1236 888 -1347,
1260 817 1299 880 1er
1315 818 1443 899 janviar.
1717 824 1773 890 291

462 982 487 1024 us
500 960 648 1038 Johanni
666 961 767 1049 Regis
783 974 802 1044 ¹,
818 966 893 1030 bac.
908 964 943 1028 in
958 964 1033 1049 leg,
1055 963 1272 1032 Lemovicen.
1297 968 1384 1034 dioc.
1400 992 1450 1050 3...
1470 991 1537 1036 non
1562 973 1647 1037 obst.
1663 974 1774 1057 provi-

462 1065 557 1131 ›nibus
568 1087 630 1152 per
645 1086 708 1133 nos
723 1067 806 1133 alias
821 1069 883 1133 sibi
899 1069 995 1145 factis
1010 1068 1052 1134 de
1068 1071 1222 1154 parroch.
1235 1072 1317 1136 eccl.
1330 1072 1372 1137 de
1383 1071 1584 1141 Guialhiaco
1595 1076 1681 1141 etde
1692 1076 1773 1141 Cor-

465 1190 538 1235 sone
554 1172 719 1237 canonice
734 1173 845 1253 unitis,
860 1172 948 1239 dioc.
966 1171 1169 1253 Ruthenen,
1186 1182 1220 1238 et
1236 1174 1278 1240 de
1294 1176 1445 1261 parroch.
1462 1179 1544 1244 eccl.
1557 1177 1599 1243 de
1609 1178 1773 1244 Walvrin-

463 1294 509 1353 en,
524 1272 614 1340 dioc.
632 1273 799 1341 Morinen.
821 1313 854 1324 -
876 1275 954 1342 Fiat
968 1285 1065 1342 motu
1080 1277 1217 1362 proprio
1234 1278 1274 1345 R.

462 1377 531 1443 Dat
545 1378 649 1443 Avin.
669 1400 706 1464 14
722 1379 788 1446 kal.
800 1380 929 1465 januar.
952 1387 985 1446 a⁰
1009 1388 1051 1465 5⁰.
1069 1382 1139 1466 (12,
1160 1383 1263 1466 158').

466 1518 592 1598 1118.
1377 1533 1472 1617 1346,
1490 1557 1530 1618 24
1548 1538 1726 1602 decembre.

462 1635 553 1722 Supp.
581 1635 730 1713 Jacobus
756 1635 898 1716 Storem,
922 1637 1000 1702 cler.
1027 1636 1218 1702 Tomacen.
1244 1636 1342 1716 dioc,
1367 1638 1420 1703 lic.
1449 1637 1481 1701 in
1498 1646 1560 1703 art.
1581 1647 1616 1703 et
1640 1639 1672 1703 in
1696 1640 1770 1723 leg,

462 1750 500 1803 at.
515 1760 607 1825 spec.
622 1760 670 1824 gr.
686 1738 848 1805 facientes
864 1740 983 1821 eidem,
1000 1739 1042 1805 de
1059 1761 1133 1806 can.
1150 1749 1185 1805 et
1200 1743 1292 1826 preb.
1308 1741 1390 1806 eccl.
1418 1740 1455 1805 B.
1474 1739 1522 1805 M.
1539 1742 1580 1807 de
1597 1741 1770 1823 Curtraco,

462 1829 597 1909 macen.
621 1843 719 1926 dioc,
736 1865 811 1910 vac.
827 1866 886 1930 per
901 1848 956 1911 ob.
972 1845 1142 1930 quondam
1158 1844 1178 1922 J
1181 1846 1323 1910 ohannis
1349 1844 1521 1926 Ellebode,
1538 1846 1594 1930 qui
1610 1855 1688 1911 ante
1704 1846 1771 1915 kal.

462 1949 558 2012 tobris
573 1948 726 2034 proxime
742 1949 892 2033 preteriti
904 1956 999 2014 extra
1014 1947 1112 2013 Rom.
1126 1969 1194 2013 cur.
1206 1948 1360 2024 decessit,
1372 1948 1682 2034 addispositionem
1698 1971 1771 2014 ves-

462 2071 498 2114 tm
513 2059 629 2137 spect,
645 2072 707 2136 pro
731 2072 773 2117 eo
793 2052 884 2136 quod
899 2052 930 2118 S.
941 2051 981 2119 V.
1002 2054 1078 2117 ben.
1095 2052 1188 2132 eccl,
1202 2072 1266 2135 que
1282 2052 1391 2117 dictus
1406 2052 1576 2136 quondam
1599 2052 1618 2130 J
1622 2054 1772 2118 ohannes

463 2176 492 2217 m
505 2155 635 2219 viveret
651 2155 838 2235 obtinebat,
854 2154 1030 2222 donationi
1047 2163 1156 2240 apost.
1173 2155 1365 2235 reservavit,
1381 2155 1563 2240 dignemini
1576 2156 1770 2242 providere;

464 2278 481 2319 n
496 2260 579 2322 obst.
596 2258 688 2341 quod
703 2258 774 2344 ipse
789 2257 808 2335 J
812 2261 938 2324 acobus
954 2279 1029 2324 can.
1047 2260 1106 2323 sub
1128 2279 1203 2343 exp.
1220 2260 1312 2342 preb.
1338 2259 1371 2322 in
1386 2260 1468 2324 eccl.
1485 2258 1673 2325 Tornacen.
1696 2279 1771 2325 nos-

463 2382 498 2423 ur
511 2362 664 2426 obtinere
679 2384 688 2442 ;
705 2383 765 2427 seu
780 2361 871 2447 quod
887 2363 988 2447 aliqui
1006 2382 1105 2446 super
1119 2361 1218 2428 dictis
1234 2382 1309 2427 can.
1337 2371 1372 2426 et
1396 2365 1499 2448 preb,
1516 2384 1599 2447 quos
1625 2364 1772 2448 ipsorum

462 2465 550 2531 ilibet
580 2466 624 2531 ad
650 2486 686 2531 se
712 2475 864 2551 spectare
886 2466 1068 2553 pretendit,
1097 2486 1299 2550 quamquam
1322 2467 1451 2531 nullum
1475 2467 1529 2551 jus
1558 2467 1709 2531 habeant
1738 2468 1772 2530 in

462 2569 547 2650 dem,
563 2570 779 2655 litigaverint,
795 2578 840 2650 et,
857 2578 894 2635 ut
908 2570 1021 2650 fertur,
1038 2568 1171 2653 litigent
1196 2569 1229 2632 in
1256 2570 1413 2655 presenti.
1428 2609 1473 2618 —
1488 2567 1573 2649 Fiat,
1597 2569 1622 2633 si
1638 2590 1707 2635 non
1731 2570 1773 2633 sit

462 2674 506 2737 :eri
523 2675 557 2738 in
572 2695 609 2738 re
625 2674 676 2754 ius
691 2674 869 2759 quesitum.
887 2674 926 2740 R.

466 2775 535 2843 Dat.
551 2778 654 2842 Avin.
672 2798 690 2858 9
706 2777 774 2844 kal.
787 2778 918 2863 januar.
934 2787 967 2843 a⁰
984 2785 1026 2862 5⁰.
1044 2779 1115 2860 (12,
1136 2777 1223 2860 171).

473 2916 513 2994 ll
524 2914 595 2996 19.
1383 2924 1478 3009 1546,
1495 2944 1537 3009 27
1553 2926 1730 2990 decembre.

466 3031 557 3118 Supp.
574 3032 749 3110 Johannes
766 3031 944 3117 Radulphi,
973 3032 1050 3097 cler.
1078 3029 1295 3096 Lemovicen.
1320 3028 1418 3109 dioc,
1445 3037 1538 3113 quat.
1562 3029 1604 3094 de
1619 3027 1774 3114 parroch.

464 3137 495 3199 cl.
510 3136 552 3200 de
567 3135 843 3219 Walvrimghem,
862 3133 1029 3199 Morinen.
1045 3134 1142 3214 dioc,
1159 3154 1232 3198 vac.
1249 3152 1308 3216 per
1332 3140 1476 3195 mortem
1504 3131 1612 3196 ultimi
1638 3132 1774 3196 rectoris

462 3249 503 3302 rte
518 3241 611 3319 eccl,
629 3259 694 3322 que
710 3246 789 3302 ante
805 3240 875 3322 ejus
891 3247 1035 3302 mortem
1052 3238 1161 3302 suerat
1178 3236 1349 3301 collationi
1366 3235 1453 3300 sedis
1470 3244 1578 3320 apost.
1595 3245 1773 3314 reservata,

462 3343 593 3423 memini
611 3341 809 3427 providere;
827 3362 894 3405 non
912 3345 997 3405 obst.
1019 3339 1110 3423 quod
1132 3360 1192 3424 per
1208 3341 1239 3404 S.
1257 3339 1296 3404 V.
1312 3339 1354 3404 de
1371 3339 1489 3404 eadem
1506 3341 1588 3404 eccl.
1605 3339 1773 3425 provisum

464 3446 560 3511 titerit
575 3466 665 3528 mag.
681 3444 830 3522 Johanni
849 3444 948 3528 Regis
965 3456 984 3524 ²,
1002 3467 1101 3529 quarn
1128 3465 1196 3507 non
1221 3444 1414 3527 acceptavit
1438 3464 1502 3508 nec
1529 3444 1632 3508 etiam
1656 3463 1773 3528 accep-

462 3569 484 3612 sse
499 3559 595 3614 curat
611 3573 619 3627 ;
637 3570 713 3613 curn
730 3549 838 3613 eidem
856 3549 887 3613 S.
898 3548 936 3613 V.
950 3550 992 3613 de
1005 3550 1068 3613 alia
1079 3548 1232 3633 parroch.
1250 3548 1331 3611 eccl.
1344 3548 1519 3631 proviserit
1534 3570 1574 3611 ex
1586 3556 1662 3632 post
1673 3548 1772 3627 fact0,

463 3654 520 3734 juri
538 3653 630 3736 quod
646 3653 748 3716 habet
763 3652 797 3715 in
814 3652 930 3717 eadem
948 3653 1065 3716 cedere
1082 3659 1247 3715 teneatur.
1263 3690 1306 3697 —
1324 3648 1400 3713 Fiat
1418 3650 1457 3714 R.

462 3756 533 3822 Dat.
550 3757 652 3821 Avin.
672 3762 688 3820 6
705 3756 772 3820 kal.
785 3756 912 3840 januar.
929 3765 962 3820 a⁰
980 3765 1018 3839 5⁰.
1037 3757 1107 3835 (12,
1129 3755 1212 3836 169).

464 3896 599 3977 1120.
1419 3903 1725 3987 1347,<r‘'janar'rr.

462 4015 504 4077 {¹¹¹⁶
530 4021 639 4099 pater.
665 4011 798 4076 Pridem
822 4011 989 4097 provideri
1017 4013 1200 4077 mandastis
1217 4011 1378 4077 Durando
1395 4010 1533 4074 Cornuti
1550 4019 1570 4088 ³,
1588 4009 1769 4073 camerario

463 4141 496 4181 n.
517 4114 729 4203 [Gnidonis],
746 4115 834 4180 card.
852 4115 1071 4195 Boloniensis,
1088 4116 1130 4180 de
1147 4137 1222 4180 can.
1239 4124 1273 4180 et
1285 4119 1376 4200 preb.
1394 4134 1477 4197 quos
1493 4113 1650 4197 Spinotus
1668 4112 1769 4177 Rota-

462 4223 493 4286 in
512 4221 597 4285 eccl.
615 4220 775 4286 Leodien.
803 4221 958 4300 obtinuit,
975 4228 1057 4284 tunc
1082 4230 1177 4285 extra
1196 4220 1293 4285 Rom.
1320 4241 1386 4285 cur.
1412 4239 1485 4283 vac.
1502 4230 1521 4297 ⁴,
1539 4239 1599 4303 pro
1615 4240 1656 4282 eo
1680 4218 1769 4301 quod

462 4348 496 4389 m
514 4324 674 4409 Spinotus
689 4324 732 4388 ad
747 4333 828 4389 vota
843 4325 974 4389 laicalia
1001 4325 1163 4404 transivit,
1182 4326 1206 4389 si
1235 4334 1348 4389 tamen
1374 4333 1526 4407 tempore
1549 4323 1628 4388 date
1644 4324 1770 4386 littera-

462 4452 480 4494 n
508 4435 697 4493 vestrarum
723 4450 791 4493 non
819 4437 907 4493 esset
932 4430 965 4492 in
993 4430 1040 4492 eis
1052 4430 1105 4512 jus
1130 4430 1318 4513 specialiter
1344 4428 1554 4511 acquisitum,
1580 4428 1678 4492 certis
1709 4427 1769 4491 sibi

462 4554 507 4597 »er
523 4533 591 4597 lroc
607 4533 840 4597 executoribus
856 4531 1036 4617 deputatis,
1052 4541 1152 4617 prout
1169 4533 1201 4596 in
1227 4533 1346 4597 litteris
1362 4530 1480 4595 vestris
1497 4552 1595 4616 super
1611 4532 1675 4595 lroc
1692 4552 1770 4595 con-

462 4639 505 4702 tis
538 4637 670 4722 plenius
701 4637 892 4702 continetur
908 4661 916 4717 ;
949 4659 1101 4721 cumque,
1134 4638 1230 4702 factis
1260 4637 1469 4723 processibus
1499 4634 1630 4714 debitis,
1662 4632 1770 4696 eidem

463 4740 574 4805 rando
604 4760 664 4824 per
695 4740 863 4823 quendam
896 4762 937 4804 ex
963 4742 1061 4805 dictis
1088 4742 1322 4806 executoribus
1346 4740 1515 4825 provisum
1544 4738 1708 4801 extitisset
1731 4735 1772 4800 de

462 4847 548 4924 dem,
566 4854 601 4908 et
616 4845 687 4928 ejus
704 4845 904 4908 auctoritate
922 4845 1009 4909 idern
1028 4845 1206 4909 Durandus
1222 4846 1256 4910 in
1274 4846 1419 4930 ipsorum
1437 4864 1509 4908 can.
1526 4854 1560 4906 et
1577 4844 1668 4926 preb.
1685 4847 1772 4902 esset

462 4948 660 5013 ssessionem
677 4948 841 5029 inductus
859 4948 1025 5013 Gerardus
1040 4949 1081 5014 de
1099 4949 1222 5030 Glrore,
1240 4950 1295 5033 qui
1312 4949 1447 5013 dicebat
1457 4968 1492 5011 se
1509 4949 1585 5010 cler.
1599 4942 1774 5008 Colonien.

462 5073 513 5133 rc,
530 5074 681 5117 asserens
702 5053 762 5116 sibi
779 5052 820 5117 de
837 5053 962 5118 eisdem
990 5064 1078 5119 auct.
1092 5054 1258 5119 ordinaria
1274 5054 1455 5139 provisum,
1472 5049 1644 5115 adsedem
1668 5054 1775 5130 apost.

462 5263 480 5308 l.
490 5264 548 5313 l'oir
560 5281 585 5314 n.
597 5268 653 5314 938.
666 5293 697 5300 -
709 5268 732 5313 2.
744 5266 806 5313 Voir
818 5281 843 5314 n.
857 5269 927 5315 llll.
939 5294 971 5301 —
981 5269 1003 5315 3.
1016 5267 1077 5314 Voir
1089 5282 1113 5315 n.
1126 5270 1181 5324 605,
1194 5267 1249 5315 913.
1261 5293 1293 5300 -
1305 5266 1327 5314 l.
1339 5264 1401 5311 l'oir
1412 5278 1438 5312 n.
1451 5264 1506 5313 913.
