4650 6059
557 492 616 559 att
1097 490 1184 567 1347,
1207 493 1291 559 13-15
1312 481 1382 560 mei.

558 642 592 708 in
617 642 700 709 eccl.
716 642 961 710 cathedralibus
975 642 989 723 ;'
1008 642 1068 709 sed
1093 642 1128 707 in
1155 645 1355 711 cancellaria
1380 644 1556 711 tradantur
1571 647 1620 713 eis
1634 648 1842 731 collationes,
1864 651 1910 716 rel

559 746 602 812 ad
626 747 852 828 collationem,
869 756 945 828 etc,
960 748 1016 812 vel
1032 747 1065 812 in
1080 749 1163 814 eccl.
1181 748 1367 834 collegiatis
1382 771 1390 829 ;
1408 757 1443 814 et
1458 751 1653 817 attendatur
1675 754 1767 839 quod
1782 775 1851 821 non
1876 756 1911 821 sit

560 871 750 931 concursus,
766 859 811 932 et,
828 852 854 916 si
870 860 969 932 esset,
985 852 1194 936 assignentur
1209 853 1287 919 alibi
1305 853 1338 918 in
1354 854 1564 922 cancellaria.
1576 855 1616 923 R.

604 955 683 1021 Dat.
699 955 798 1020 Avin.
813 975 893 1021 non.
908 955 986 1021 maii
1002 962 1035 1020 a⁰
1052 962 1094 1040 5⁰.
1107 956 1180 1040 (10,
1201 958 1259 1042 185
1279 958 1304 1042 ).

612 1101 749 1183 1210.
1628 1138 1781 1204 1347,13
1799 1125 1876 1186 mai.

604 1220 705 1305 Supp.
721 1220 842 1300 Guido,
858 1219 911 1285 tit.
938 1219 970 1285 S.
996 1218 1122 1285 Cecilie
1145 1222 1255 1305 presb.
1282 1222 1382 1301 card,
1398 1230 1489 1306 quat.
1512 1221 1555 1287 de
1579 1243 1653 1289 can.
1669 1231 1704 1289 et
1719 1227 1813 1310 preb.
1839 1228 1916 1291 eccl.

561 1319 740 1404 Morinen.,
756 1343 830 1389 vac.
846 1344 905 1408 per
921 1326 975 1389 ob.
991 1321 1082 1389 dom.
1098 1321 1217 1400 Jacobi
1233 1324 1276 1390 de
1292 1325 1458 1407 Souastre,
1474 1327 1645 1410 quondam
1672 1327 1824 1412 ejusdem
1838 1330 1916 1395 eccl.

561 1448 634 1493 can.
651 1430 742 1513 preb.
759 1434 794 1492 et
810 1427 988 1508 scolastici,
1005 1426 1155 1512 ejusdem
1179 1429 1268 1494 card.
1284 1429 1399 1510 famil,
1425 1430 1480 1515 qui
1507 1451 1614 1517 nuper
1625 1439 1721 1497 extra
1738 1429 1838 1498 Rom.
1852 1452 1917 1498 cur.

560 1532 650 1596 diem
666 1531 784 1597 clausit
800 1539 988 1596 extremum
999 1546 1019 1610 ¹,
1036 1538 1162 1595 stante
1178 1529 1353 1596 decessum
1368 1531 1471 1617 ipsius
1485 1531 1695 1618 dispositioni
1712 1534 1800 1600 sedis
1814 1544 1918 1624 appst.

561 1644 596 1700 et
611 1634 643 1699 S.
656 1634 695 1700 V.
708 1634 899 1721 specialiter
913 1633 1100 1715 reservatis,
1113 1634 1302 1718 capellan0,
1318 1634 1497 1700 secretario
1513 1643 1548 1701 et
1564 1635 1729 1702 continuo
1744 1623 1919 1704 famil'suo

564 1738 702 1823 Hugoni
729 1739 772 1803 de
797 1737 828 1803 S.
857 1736 1023 1803 Medardo
1034 1747 1054 1818 ²,
1071 1736 1256 1821 dignemini
1279 1737 1456 1823 providere
1475 1761 1484 1818 ;
1508 1760 1577 1805 non
1601 1742 1687 1806 obst.
1718 1740 1811 1825 quod
1833 1739 1918 1807 idern

564 1842 667 1926 Hugo
683 1842 716 1906 in
732 1841 764 1907 S.
781 1840 952 1906 Laurentii
967 1841 1010 1907 de
1026 1839 1163 1919 Roseto,
1176 1841 1208 1905 S.
1225 1838 1381 1907 Machuti
1398 1842 1440 1907 de
1456 1840 1559 1910 Barro
1575 1862 1674 1929 super
1688 1845 1824 1925 Albam,
1838 1854 1875 1910 et
1889 1843 1921 1910 S

561 1946 651 2010 Petri
666 1946 710 2010 de
726 1944 866 2010 Muxeio
881 1964 955 2010 can.
970 1952 1005 2008 et
1015 1947 1118 2031 preb,
1134 1964 1175 2010 ac
1190 1944 1225 2009 in
1235 1945 1376 2011 Trecen.
1390 1947 1540 2013 ecclesiis
1551 1967 1626 2014 can.
1641 1950 1702 2013 sub
1724 1969 1801 2035 exp.
1816 1951 1920 2036 preb,

561 2069 694 2114 necnon
711 2056 746 2112 et
761 2048 912 2133 parroch.
929 2048 1011 2113 eccl.
1028 2046 1070 2113 de
1086 2047 1327 2127 Bouzancuria,
1354 2047 1550 2116 Laudunen.
1566 2059 1602 2115 et
1620 2051 1807 2136 Lingonen.
1823 2051 1920 2130 dioc,

561 2153 709 2217 noscitur
725 2152 877 2218 obtinere
890 2174 898 2230 ;
914 2152 1147 2237 dispensantes
1157 2152 1347 2237 benigniter
1359 2173 1437 2218 cum
1449 2154 1569 2220 eodem
1580 2154 1728 2240 Hugone
1743 2157 1836 2241 quod
1849 2175 1920 2242 pre-

562 2257 687 2323 dictam
714 2256 866 2342 parroch.
882 2257 964 2322 eccl.
980 2257 1023 2322 de
1050 2256 1280 2323 Bouzancuria
1304 2277 1380 2322 curn
1404 2241 1699 2339 dictascolastria,
1723 2259 1817 2343 cujus
1838 2258 1919 2324 fruc·
1966 2277 1968 2316 ;

562 2369 657 2427 tus...
680 2382 739 2426 roo
754 2360 815 2426 sol.
832 2359 987 2426 Parisien.
1014 2382 1083 2428 non
1108 2360 1286 2442 excedunt,
1301 2361 1405 2427 libere
1428 2361 1541 2426 valeat
1556 2360 1711 2428 retinere.
1726 2399 1772 2412 -
1790 2360 1866 2428 Fiat
1881 2360 1917 2426 R.

607 2466 687 2531 Dat.
702 2466 803 2531 Avin.
820 2485 838 2550 3
855 2464 898 2531 id.
914 2466 993 2531 maii
1010 2473 1043 2531 a⁰
1061 2472 1102 2551 5⁰.
1119 2467 1193 2550 (10,
1213 2467 1301 2551 177).

619 2619 746 2699 1211.
1635 2650 1786 2718 1347,13
1805 2635 1878 2699 moi.
1963 2699 1968 2706 ,

607 2738 708 2822 Supp.
725 2736 972 2823 G[uillelmus]‚
988 2738 1020 2802 S.
1038 2735 1087 2803 M.
1104 2738 1138 2801 in
1155 2737 1347 2818 Cosmedin,
1364 2737 1448 2803 diac.
1475 2736 1574 2817 card,
1601 2745 1692 2822 quat.
1709 2738 1771 2802 sibi
1788 2738 1823 2802 in
1837 2755 1911 2824 pers

564 2840 734 2905 Guillelmi
750 2841 793 2906 de
820 2842 956 2926 Stagno,
980 2844 1054 2907 bac.
1080 2842 1113 2905 in
1138 2843 1213 2925 leg,
1242 2840 1434 2906 Ruthenen.
1449 2840 1547 2920 dioc,
1572 2860 1662 2927 spec.
1677 2859 1726 2925 gr.
1754 2841 1911 2915 facientes,
1964 2885 1968 2892 -

564 2945 674 3010 eidem
687 2945 868 3010 Guillelmo
883 2946 926 3011 de
942 2946 1069 3029 Stagno
1084 2945 1126 3011 de
1142 2946 1295 3031 parroch.
1307 2946 1389 3010 ecel.
1410 2944 1453 3009 de
1476 2944 1607 3025 Brossa,
1623 2943 1713 3010 dicte
1736 2945 1836 3025 dioc,
1850 2961 1910 3009 rac

566 3050 600 3113 in
616 3069 683 3113 cur.
700 3069 759 3133 per
775 3051 829 3114 ob.
845 3049 1017 3133 quondam
1032 3069 1121 3134 mag.
1144 3049 1305 3114 Bemardi
1326 3047 1369 3113 de
1385 3045 1649 3135 Novodompn0,
1666 3069 1742 3135 cap.
1758 3049 1911 3129 vestrim

567 3153 599 3215 S.
616 3151 731 3237 palatii
746 3152 905 3217 auditoris
920 3163 940 3231 ³,
956 3151 1138 3236 dignemini
1154 3152 1330 3237 providere
1350 3176 1358 3232 ;
1375 3173 1443 3217 non
1460 3154 1545 3218 obst.
1562 3150 1653 3235 quod
1667 3151 1701 3215 in
1720 3149 1911 3217 Ulixbonen.
1966 3183 1968 3190 ·

569 3276 642 3320 can.
659 3258 718 3319 sub
731 3276 806 3340 exp.
822 3258 925 3340 preb,
941 3254 1041 3340 dign,
1058 3276 1143 3341 pers.
1160 3277 1219 3320 seu
1246 3255 1302 3320 off.
1320 3276 1348 3321 c.
1365 3276 1393 3321 c.
1409 3256 1465 3319 vel
1487 3276 1512 3320 s.
1529 3274 1558 3319 c.
1576 3254 1718 3335 obtinet,
1734 3263 1770 3319 et
1786 3254 1873 3340 quod
1885 3252 1910 3315 in

570 3358 751 3424 Virdunen.
768 3368 802 3424 et
818 3359 860 3424 de
876 3358 995 3439 Leusa,
1017 3356 1234 3424 Cameracen.
1261 3358 1359 3439 dioc,
1384 3357 1533 3424 ecclesiis
1556 3356 1648 3423 dicta
1672 3356 1705 3422 S.
1726 3356 1770 3423 de
1795 3378 1864 3424 can.
1885 3360 1912 3417 et
1966 3418 1968 3422 .

567 3467 659 3549 preb.
673 3485 778 3548 nuper
792 3484 852 3549 per
863 3484 940 3528 suas
954 3464 1083 3528 litteras
1097 3463 1309 3528 mandaverit
1324 3461 1501 3548 provideri.
1517 3502 1560 3510 -
1576 3460 1654 3526 Fiat
1666 3460 1707 3527 R.

610 3568 691 3632 Dat.
706 3567 805 3632 Avin.
823 3587 840 3650 3
858 3566 901 3631 id.
917 3566 995 3631 maii
1012 3573 1046 3630 a⁰
1070 3573 1111 3650 5⁰.
1126 3567 1197 3649 (10,
1219 3568 1320 3649 178il.

618 3720 749 3801 1212.
1633 3736 1879 3815 1547,15mm'.

609 3840 709 3924 Supp.
736 3838 934 3903 Lambertus
958 3836 1095 3916 Viseric,
1121 3839 1230 3921 presb.
1259 3833 1427 3901 Morinen.
1455 3835 1553 3916 dioc,
1579 3836 1710 3900 nullum
1741 3838 1819 3902 ben.
1842 3835 1913 3902 eccl.

565 3951 744 4021 assecutus,
761 3948 851 4024 quat.
869 3940 929 4004 sibi
947 3961 1036 4026 spec.
1052 3960 1098 4024 gr.
1114 3939 1285 4020 facientes,
1302 3939 1344 4005 de
1370 3942 1446 4005 ben.
1463 3938 1556 4019 eccl,
1573 3959 1601 4004 0.
1617 3959 1646 4004 0.
1663 3940 1718 4004 vel
1733 3960 1759 4006 s.
1776 3960 1816 4021 c.,
1832 3959 1914 4027 spec-
1965 4013 1968 4028 Ι

566 4055 660 4109 tante
677 4044 719 4109 ad
735 4046 840 4109 coll...
860 4047 935 4108 abb.
952 4051 987 4107 et
1003 4064 1101 4108 conv.
1118 4042 1310 4107 monasterii
1332 4042 1363 4107 S.
1381 4040 1528 4107 Bavonis
1551 4040 1751 4123 Gandensis,
1768 4042 1811 4108 O.
1826 4044 1859 4109 S.
1875 4042 1915 4122 Β,

566 4148 754 4213 Tomacen.
775 4148 872 4228 (1100,
900 4148 992 4232 cujus
1015 4147 1150 4227 fructus,
1238 4147 1264 4211 si
1284 4168 1312 4212 c.
1335 4167 1363 4211 c.
1382 4148 1422 4211 80
1448 4146 1515 4226 lib,
1528 4131 1651 4210 sivero
1666 4166 1691 4210 s.
1708 4167 1738 4212 c.
1764 4145 1862 4213 fuerit
1884 4167 1916 4232 50

566 4251 622 4316 lib.
637 4250 716 4317 Tur.
732 4272 833 4336 parv,
851 4271 916 4316 sec.
932 4260 1001 4315 tax.
1013 4250 1154 4329 decime,
1175 4251 1324 4314 valorem
1350 4270 1497 4314 annuum
1514 4269 1582 4313 non
1599 4250 1777 4331 excedant,
1794 4252 1822 4317 si
1837 4250 1919 4337 quod

566 4375 654 4420 nunc
681 4362 789 4433 vacat,
815 4356 868 4418 vel
894 4374 994 4437 quarn
1021 4353 1166 4437 primum
1194 4352 1374 4431 vacaverit,
1398 4351 1509 4416 eidem
1534 4351 1717 4418 Lamberto
1743 4353 1918 4439 dignemini

564 4460 741 4544 providere
755 4483 763 4538 ;
777 4480 846 4524 non
864 4462 949 4524 obst.
963 4458 1053 4541 quod
1077 4457 1166 4522 idem
1182 4458 1291 4542 presb.
1307 4455 1350 4520 ad
1367 4455 1453 4535 coll,
1470 4462 1547 4535 ete,
1563 4455 1636 4521 dec.
1652 4463 1687 4521 et
1703 4477 1779 4543 cap.
1795 4460 1878 4524 eccl.
1892 4459 1920 4522 S.

566 4564 655 4629 Petri
680 4563 892 4644 CasletensiS,
911 4562 1078 4628 Morinen.
1095 4562 1193 4641 dioc,
1210 4565 1287 4626 ben.
1304 4562 1385 4626 eccl.
1410 4581 1435 4626 s.
1453 4581 1492 4639 c.,
1509 4560 1633 4625 virtute
1653 4562 1760 4646 gratie
1785 4564 1819 4628 in
1836 4584 1920 4630 com·

564 4669 657 4733 muni
680 4689 864 4753 pauperum
890 4668 994 4732 forma
1021 4688 1081 4752 per
1108 4667 1139 4732 S.
1167 4665 1207 4730 V.
1235 4666 1297 4729 sibi
1324 4664 1421 4745 facte,
1449 4673 1627 4751 expectare
1650 4676 1834 4748 noscatur;
1858 4688 1920 4734 non

599 4944 620 4990 l.
632 4941 694 4988 l'oir
705 4956 731 4989 n.
745 4942 815 4990 1040.
827 4970 859 4975 —
870 4943 893 4989 2.
905 4940 967 4987 Voir
979 4954 1004 4988 n.
1018 4940 1071 4988 568.
1084 4967 1116 4973 -
1127 4940 1150 4986 3.
1161 4938 1224 4984 Voir
1236 4952 1261 4986 n.
1274 4938 1328 4986 111.
