4650 6059
856 519 858 521 ·
924 487 1010 556 1345,
1034 485 1097 548 4-11
1118 485 1245 565 janvier.
1715 491 1765 554 191

392 661 566 705 summam
585 660 628 724 50
643 639 700 704 lib.
717 638 821 705 Paris.
838 631 1023 717 annuatim,
1036 657 1102 702 sec.
1115 644 1183 702 tax.
1195 637 1333 721 antique
1348 636 1489 718 decime,
1505 659 1573 703 non
1591 640 1766 722 excedunt,

395 744 583 829 dignemini
605 743 785 829 providere
797 766 807 822 ;
834 764 902 808 non
929 744 1015 807 obst.
1043 740 1134 824 quod
1157 741 1275 825 capell.
1298 761 1391 826 perp.
1416 741 1447 806 S.
1464 740 1618 826 Dyonisii
1635 743 1668 808 in
1686 746 1767 810 eccl.

399 844 582 923 Morinen.,
611 854 647 910 et
671 866 744 912 can.
772 848 832 911 sub
857 865 931 932 exp.
956 846 1049 929 preb.
1087 844 1119 907 in
1145 844 1227 908 eccl.
1251 841 1394 909 Vauren.
1422 844 1574 910 obtinere
1601 855 1767 913 noscatur.

401 991 440 1000 -
451 949 532 1015 Fiat
552 949 593 1015 R.

444 1056 526 1120 Dat.
543 1055 645 1121 Avin.
664 1076 681 1119 2
698 1075 778 1121 non.
792 1055 918 1140 januar.
942 1060 974 1117 a⁰
991 1061 1033 1136 3⁰.
1051 1053 1099 1136 (7,-
1117 1053 1204 1136 133).

455 1196 571 1280 783-
1439 1225 1534 1289 1345,
1551 1230 1569 1290 4
1580 1206 1725 1287 janvier.

447 1313 501 1379 Ad
516 1312 803 1397 supplicationem
819 1310 1004 1389 Baldevini,
1020 1309 1120 1396 episc.
1137 1308 1367 1374 Padebumen.
1385 1320 1405 1388 ¹,
1429 1310 1600 1393 provisum
1615 1321 1666 1377 est
1682 1334 1768 1398 mag.

411 1417 594 1498 Hermano,
604 1424 687 1482 nato
698 1416 869 1480 Wilhelmi
880 1415 923 1481 de
944 1414 1123 1508 Vilrebeke
1139 1413 1265 1493 militis,
1276 1414 1365 1492 cler,
1381 1411 1509 1477 decan.
1525 1421 1560 1477 et
1576 1417 1668 1499 preb.
1687 1419 1769 1482 eccl.

410 1520 629 1601 Assindensis,
640 1518 816 1585 Colonien.
832 1519 929 1601 dioc,
946 1540 1020 1586 vac.
1035 1517 1124 1604 apud
1140 1517 1255 1583 sedem
1270 1522 1378 1601 apost.
1394 1535 1456 1600 pro
1471 1536 1513 1581 eo
1529 1517 1619 1601 quod
1634 1518 1687 1584 fel.
1704 1540 1769 1586 rec.

411 1624 494 1691 dom.
507 1623 714 1689 Benedictus
726 1643 813 1709 papa
828 1622 910 1705 Xll,
924 1623 1082 1708 Reynero
1098 1622 1140 1688 de
1161 1621 1254 1707 Reys
1265 1632 1287 1699 ²,
1303 1619 1385 1685 olim
1397 1622 1605 1704 procuratori
1619 1623 1653 1687 in
1672 1622 1770 1690 Rom.

413 1748 484 1808 cur,
492 1728 536 1793 de
546 1749 621 1793 can.
634 1737 669 1792 et
684 1730 777 1812 preb.
794 1729 876 1793 eccl.
888 1725 1164 1812 Antwerpiensis,
1175 1725 1391 1798 Cameracen.
1407 1723 1504 1803 dioc,
1517 1723 1647 1791 duxerit
1660 1728 1771 1813 provi-

412 1831 602 1911 dendmn,et
610 1831 719 1897 voluit
730 1830 821 1915 quod
830 1851 930 1915 quam
941 1831 1086 1915 primum
1096 1828 1322 1915 predictorum
1333 1833 1420 1891 esset
1430 1830 1674 1912 possessionem
1685 1853 1772 1898 asse-

413 1946 513 2015 cutus,
523 1935 635 2001 dictos
645 1955 719 1999 can.
729 1941 765 1999 et
775 1934 1098 2020 prebAssindenses
1108 1939 1232 1997 extunc
1242 1930 1381 1997 omnino
1392 1929 1562 1999 dimittere
1577 1942 1747 2001 teneretur
1763 1960 1770 2015 ;
1813 2006 1818 2017 ,

413 2060 477 2105 non
493 2042 582 2105 obst.
598 2038 688 2122 quod
702 2038 784 2103 dicti
801 2059 874 2104 can.
897 2047 932 2103 et
947 2040 1040 2123 preb.
1063 2057 1122 2122 per
1140 2035 1159 2113 J
1163 2035 1333 2100 ohannem
1359 2036 1488 2103 dictum
1514 2036 1557 2102 de
1581 2036 1771 2120 Varstusen,

413 2145 464 2208 vel
479 2144 584 2208 alium
600 2141 763 2225 quemvis,
780 2140 822 2206 de
842 2140 931 2206 iacto
948 2140 1102 2225 occupati
1119 2146 1287 2218 tenentur,
1304 2147 1338 2203 et
1354 2139 1444 2224 quod
1468 2139 1557 2205 idem
1582 2140 1773 2208 Hennanus

413 2249 442 2311 in
465 2245 707 2312 Monasterien.
723 2252 758 2309 et
782 2244 814 2309 S.
829 2243 849 2322 J
852 2244 995 2309 ohannis
1010 2242 1241 2326 Osnaburgen.
1258 2262 1331 2307 can.
1355 2246 1415 2309 sub
1431 2263 1507 2328 exp.
1523 2247 1625 2329 preb,
1642 2266 1715 2311 can.
1739 2255 1773 2311 et

412 2353 502 2437 preb.
536 2349 568 2414 S.
585 2347 743 2414 Nicholai
766 2346 1038 2432 Magdeburgen,
1059 2355 1094 2411 et
1120 2348 1202 2412 eccl.
1226 2346 1260 2409 in
1284 2345 1388 2427 Reue,
1413 2346 1654 2414 Monasterien.
1675 2350 1772 2433 dioc,

411 2475 493 2533 mc,
503 2453 626 2537 dejure
638 2451 779 2530 obtinet,
790 2459 824 2516 et
836 2471 934 2537 super
946 2472 1020 2516 can.
1032 2460 1066 2514 et
1078 2453 1170 2535 preb.
1183 2451 1264 2515 eccl.
1275 2449 1475 2529 Zeflicensis,
1489 2450 1664 2518 Colonien.
1674 2454 1772 2536 dioc,

409 2556 595 2622 dinoscitur
608 2555 749 2639 litigare,
765 2576 906 2640 quorum
921 2556 1043 2620 nullius
1058 2554 1169 2620 adhuc
1180 2554 1296 2619 habuit
1311 2554 1566 2639 possessionem.
1579 2598 1622 2606 —
1638 2556 1715 2623 Fiat
1733 2559 1772 2623 R.

455 2662 535 2726 Dat.
549 2659 651 2724 Avin.
669 2680 685 2723 2
702 2679 782 2724 non.
795 2659 923 2743 januar.
935 2667 968 2723 a⁰
985 2666 1026 2742 3⁰.
1043 2659 1209 2742 (7,133’).

462 2795 579 2877 784.
1411 2829 1427 2872 1
1522 2830 1562 2874 10
1590 2808 1716 2876 11111111.

455 2916 558 3002 Supp.
576 2913 694 2979 Helias
709 2912 858 2993 Galterii,
876 2913 953 2978 cler.
964 2911 1180 2976 Lemovicen.
1197 2910 1294 2991 dioc,
1305 2920 1396 2996 quat.
1412 2829 1660 3000 sdiddecdpeu.
1671 2935 1773 3001 perp,

416 3040 512 3102 quam
528 3016 675 3095 Jacobus
691 3015 850 3081 Fressens
865 3017 898 3079 in
915 3015 997 3079 eccl.
1024 3011 1191 3079 Morinen.
1209 3015 1360 3079 obtinere
1376 3017 1515 3097 solebat,
1528 3037 1588 3101 per
1602 3017 1704 3103 ipsius
1720 3021 1774 3084 ob.

418 3142 495 3193 vac„
513 3121 568 3203 qui
585 3140 691 3205 nuper
707 3127 800 3183 extra
826 3118 925 3182 Rom.
942 3137 1009 3181 cur.
1037 3115 1126 3180 diem
1152 3118 1270 3181 clausit
1295 3126 1492 3200 extremum,
1508 3129 1587 3185 ante
1603 3121 1704 3204 ipsius
1721 3125 1773 3186 ob.

374 3249 380 3329 p
419 3233 591 3301 reservata,
607 3223 789 3306 dignemini
807 3224 991 3308 providere.
1008 3264 1051 3271 -
1069 3222 1153 3300 Fiat,
1176 3223 1200 3286 si
1223 3243 1290 3286 non
1308 3224 1351 3287 sit
1367 3225 1461 3288 alteri
1475 3226 1527 3308 jus
1551 3227 1715 3309 quesitum
1735 3226 1774 3291 R.

458 3329 534 3393 Dat.
550 3327 652 3391 rivin.
668 3350 687 3409 4
705 3326 748 3391 id.
761 3327 888 3409 januar.
905 3334 937 3390 a⁰
961 3334 1003 3409 3⁰.
1028 3328 1076 3409 (7,
1098 3328 1182 3409 137).

465 3466 577 3547 785
1428 3498 1520 3560 1345,
1539 3501 1576 3542 11
1588 3478 1731 3559 3111111111,

458 3585 544 3669 Sign.
569 3583 754 3661 lohannes,
770 3601 828 3666 rex
842 3579 979 3644 Boemie
995 3591 1014 3660 ³,
1029 3582 1119 3665 quod
1134 3604 1241 3667 nuper
1256 3583 1287 3645 S.
1305 3581 1353 3660 V,
1371 3582 1412 3645 ad
1436 3582 1582 3663 ejusdem
1600 3585 1684 3667 regis
1701 3606 1776 3668 sup-

422 3689 641 3770 plicationem,
659 3685 825 3752 concessit
842 3684 931 3748 fratri
947 3685 1094 3762 Johaooi
1111 3688 1152 3751 de
1176 3687 1348 3751 Dionanto
1363 3697 1383 3763 ⁴,
1401 3687 1568 3750 monacho
1585 3690 1775 3752 monasterii

423 3791 604 3858 §.Huberti
622 3792 654 3855 in
686 3790 856 3867 Ardenna,
874 3789 915 3853 Ο.
943 3790 974 3855 S.
998 3789 1046 3868 B,
1064 3790 1224 3855 Leodien.
1249 3791 1347 3869 dioc,
1375 3811 1414 3853 ac
1439 3789 1538 3873 priori
1565 3791 1728 3874 prioratus
1745 3793 1776 3857 S.

423 3894 601 3960 Theobaldi
618 3895 660 3960 de
677 3894 969 3978 Castroportiensi,
985 3894 1164 3974 dictiord,
1183 3895 1323 3963 Remeu.
1340 3894 1437 3974 dioc,
1455 3893 1484 3957 ei
1501 3914 1560 3978 per
1574 3895 1664 3960 dom.
1683 3895 1777 3960 Hen-

423 4000 516 4064 ricum
533 4002 612 4064 abb.
628 3999 710 4064 dicti
725 3997 930 4076 monasterii,
947 4019 1050 4081 usque
1078 3999 1120 4063 ad
1147 3999 1294 4081 ejusdem
1311 3998 1440 4061 abbatis
1456 4000 1701 4082 beneplacitum
1719 4022 1778 4086 per

424 4122 489 4167 suas
505 4104 648 4183 litteras,
662 4112 698 4168 ut
715 4104 817 4167 moris
833 4112 894 4181 est,
911 4102 1139 4166 commendati
1156 4110 1178 4181 ¹¹,
1196 4102 1286 4186 quod
1302 4105 1344 4166 ab
1361 4102 1433 4186 ipso
1456 4102 1602 4186 prioratu
1619 4106 1777 4186 quamdiu

384 4173 389 4322 ι
423 4207 543 4285 111ε111,
560 4226 623 4291 pro
638 4208 710 4272 sola
726 4209 912 4284 voluntate,
930 4208 1054 4289 absque
1082 4206 1147 4270 alia
1173 4227 1280 4285 causa,
1298 4206 1444 4270 amoveri
1462 4227 1528 4269 non
1552 4217 1673 4289 posset.
1691 4208 1776 4272 Cum

423 4322 526 4375 autem
546 4311 579 4373 in
596 4310 687 4375 dicta
703 4311 947 4397 supplicatione
963 4311 1110 4394 positum
1139 4310 1238 4374 fuerit
1254 4331 1313 4394 per
1338 4330 1491 4386 errorem,
1509 4310 1597 4392 quod
1618 4314 1719 4377 abbas
1743 4324 1777 4379 et

448 4500 474 4556 a]
489 4498 548 4546 (lui.
561 4499 754 4546 s'ommenrlato.

451 4703 470 4747 l.
491 4700 628 4748 Baudouin
649 4700 681 4747 de
702 4700 829 4748 Steiniurt
852 4700 955 4761 (Eubcl.
970 4700 989 4748 l.
1003 4700 1072 4755 403).
1085 4727 1116 4732 -a
1134 4701 1155 4745 2.
1170 4699 1191 4744 ll
1205 4697 1312 4744 succida
1323 4698 1338 4743 b
1350 4696 1497 4745 Guilluume
1511 4699 1573 4745 Losc
1585 4697 1608 4743 le
1622 4700 1634 4743 1”
1646 4697 1701 4757 juin
1716 4700 1777 4745 1333

423 4773 512 4828 11111111,
528 4774 652 4832 mobili).
666 4801 696 4807 -
713 4775 735 4821 3.
749 4774 785 4820 La
796 4774 933 4835 suppliquc
944 4779 969 4819 ot
984 4774 1008 4819 ln
1020 4772 1089 4818 bullo
1101 4771 1315 4832 correspondente
1327 4775 1372 4815 ont
1386 4769 1426 4817 cte
1439 4771 1552 4832 publides
1563 4770 1627 4817 dans
1640 4771 1706 4819 Mon.
1723 4771 1777 4818 Vnt.

425 4846 518 4901 11111,
534 4848 730 4902 11413411.-
743 4850 764 4894 4.
785 4848 806 4894 11
819 4849 899 4906 ligure
915 4861 1006 4894 encore
1024 4861 1122 4892 commo
1141 4847 1227 4906 pricur
1246 4844 1277 4892 de
1297 4844 1528 4891 Chateau-Porcten
1547 4859 1578 4891 cn
1599 4846 1660 4890 1348
1672 4852 1696 4892 et
1717 4847 1777 4891 1343

362 4917 382 5315 Ι
422 4921 526 4976 (Kurtlu
547 4919 1022 4980 11111111111111113111311111111,
1038 4921 1055 4977 l,
1070 4922 1123 4977 561,
1137 4919 1206 4976 539).
