4650 6059
1023 780 1114 861 1847,
1134 780 1171 850 19
1188 779 1298 867 juillet
1782 771 1846 851 323

481 934 657 1005 nationem
674 934 754 1004 Ursi
781 934 823 1003 de
849 935 925 1003 filiis
941 932 1031 1017 Ursi,
1055 934 1164 1001 fratris
1191 936 1340 1021 ejusdem
1366 935 1546 1022 Raynaldi,
1568 957 1627 1023 per
1650 943 1845 1024 procurato-

479 1063 551 1109 rem
566 1041 612 1109 ad
629 1039 698 1130 [id]
717 1039 907 1130 specialiter
930 1039 1152 1110 constitutum
1179 1039 1303 1107 factam
1318 1040 1352 1106 in
1368 1041 1522 1108 manibus
1537 1040 1629 1107 dom.
1651 1038 1845 1108 Portuensis

484 1144 625 1234 [episc]
648 1145 739 1234 apud
752 1154 861 1233 apost.
885 1145 1000 1215 sedern
1016 1153 1209 1227 vacantem,
1237 1145 1406 1233 quondam
1424 1144 1568 1213 Matheo
1584 1144 1753 1232 Raynaldi
1769 1144 1845 1211 Cal·

482 1249 553 1317 villi
576 1248 622 1317 de
648 1246 829 1318 Vicovario
853 1270 915 1339 per
937 1250 1068 1317 litteras
1091 1258 1222 1318 vestras
1247 1250 1389 1318 conferri
1403 1260 1422 1331 ¹,
1438 1258 1473 1317 et
1488 1250 1609 1318 deinde
1634 1270 1711 1316 curn
1735 1249 1844 1316 dictus

484 1351 657 1436 Matheus,
672 1361 752 1420 ante
766 1355 1053 1441 presentationem
1068 1363 1103 1423 et
1119 1355 1354 1423 executionem
1370 1352 1535 1422 dictarum
1550 1355 1748 1435 litterarum,
1767 1352 1844 1420 fuis·

481 1467 533 1526 set
548 1458 622 1526 vita
636 1456 780 1539 functus,
797 1456 943 1526 Nicolao
959 1458 1079 1526 Nuntii
1097 1458 1268 1528 Francisci
1283 1458 1326 1527 de
1341 1458 1540 1541 Taliacotio,
1556 1459 1599 1526 de
1614 1458 1671 1525 illa
1688 1478 1748 1545 per
1763 1458 1844 1525 alias

481 1571 613 1630 vestras
627 1560 757 1629 litteras
770 1561 938 1650 provideri
953 1562 1148 1647 mandastis,
1157 1563 1238 1631 licet
1254 1564 1288 1632 in
1299 1564 1425 1633 eisdem
1437 1565 1592 1633 secundis
1607 1564 1737 1645 litteris,
1754 1562 1845 1649 quod

482 1666 595 1735 eidem
613 1664 758 1735 Matheo
771 1666 815 1733 de
829 1666 920 1735 dicta
934 1668 1143 1756 prepositura
1159 1669 1389 1755 provideretis,
1399 1668 1547 1757 positum
1570 1669 1667 1736 fuerit
1682 1688 1742 1755 per
1757 1688 1846 1734 erro·

483 1793 567 1839 rem.
582 1769 670 1838 Cum
685 1777 800 1838 autern
814 1771 964 1859 prefatus
980 1771 1144 1840 Nicolaus
1168 1773 1211 1839 de
1237 1773 1329 1843 dicta
1355 1775 1565 1864 prepositura
1592 1774 1654 1841 sibi
1678 1773 1846 1862 provideri

485 1876 598 1945 facere
620 1897 691 1944 nou
715 1876 882 1944 curaverit
905 1896 1015 1962 neque
1045 1885 1150 1958 curet,
1174 1899 1238 1945 nec
1265 1880 1367 1948 ctiam
1393 1880 1521 1948 dictam
1544 1879 1685 1966 gratiam
1699 1878 1742 1945 de
1757 1878 1848 1945 dicta

485 1980 698 2071 prepositrua
712 1980 868 2067 prosequi
884 1978 1047 2062 intendat,
1063 1980 1132 2049 imo
1158 2002 1260 2048 omne
1271 1984 1335 2069 jus,
1362 1982 1389 2050 si
1416 1984 1507 2069 quod
1521 2004 1581 2070 per
1596 1983 1704 2050 dictas
1719 1982 1848 2048 litteras

486 2087 522 2153 in
537 2085 661 2153 eadem
676 2085 884 2174 prepositura
898 2084 960 2153 sibi
976 2086 1150 2174 competit,
1160 2087 1204 2153 sit
1213 2088 1404 2155 renuntiare
1419 2087 1737 2176 paratus,humiliter
1752 2106 1849 2174 supp,

487 2189 600 2257 dictus
612 2188 808 2276 Raynaldus
822 2196 836 2225 ⁸
850 2197 941 2275 quat.
957 2190 1019 2257 sibi
1036 2190 1070 2257 in
1085 2211 1266 2279 personam
1290 2192 1410 2279 Angeli
1427 2190 1545 2272 Jacobl
1563 2191 1793 2279 Neapoleonis
1807 2190 1854 2257 de*
1884 2186 1886 2190 ⁴

489 2294 567 2361 filiis
583 2292 673 2377 Ursi,
699 2293 849 2381 germani
874 2295 934 2378 sui,
955 2295 1135 2383 specialem
1149 2296 1292 2382 gratiam
1302 2297 1473 2378 facientes,
1489 2297 1600 2363 eidem
1615 2295 1657 2362 de
1672 2295 1763 2365 dicta
1778 2314 1851 2383 pre·

488 2399 653 2487 positura,
680 2397 812 2466 etiarnsi
843 2419 959 2466 curam
984 2399 1107 2467 habeat
1131 2400 1328 2483 animarum,
1344 2400 1527 2487 dignemini
1557 2400 1734 2489 providere
1746 2420 1756 2483 ;
1783 2418 1853 2467 nou

490 2506 580 2571 obst.
596 2502 688 2590 quod
711 2502 801 2570 idem
824 2504 974 2590 Angelus
999 2504 1246 2592 preposituram
1271 2513 1421 2572 curatam
1445 2505 1586 2572 ecclesie
1612 2504 1817 2591 Tongrensis
1832 2513 1853 2585 ',

491 2606 657 2675 Leodien.
672 2607 771 2692 dioc,
786 2615 821 2675 et
841 2607 876 2674 in
891 2607 1070 2677 Tholetau.
1086 2630 1163 2676 cum
1190 2609 1426 2698 prestimoniis,
1442 2618 1477 2677 et
1493 2609 1527 2675 in
1548 2609 1730 2677 Belvacen.
1748 2607 1857 2676 eccle·

492 2711 550 2780 siis
566 2712 787 2780 canonicatus
804 2710 872 2801 [et]
890 2714 982 2800 preb.
998 2713 1148 2781 noscitur
1163 2713 1327 2797 obtinere,
1343 2736 1402 2782 seu
1424 2714 1516 2801 quod
1531 2714 1667 2800 quidam
1682 2711 1702 2792 J
1705 2712 1856 2781 ohannes

492 2816 537 2885 de
554 2814 671 2884 Penna
685 2816 814 2884 dictam
829 2818 1073 2905 preposituram
1095 2816 1138 2885 de
1162 2817 1255 2886 facto
1281 2818 1413 2887 detinet
1440 2826 1652 2905 occupatam,
1669 2838 1745 2883 cum
1762 2837 1804 2882 eo
1819 2823 1857 2880 ut

492 2922 626 2989 dictam
639 2920 886 3009 preposituram
902 2922 941 2989 Β.
959 2920 1008 2988 Μ.
1024 2923 1127 2989 libere
1138 2923 1298 3011 recipere,
1315 2932 1350 2991 et
1365 2943 1432 2991 una
1448 2941 1525 2990 cunr
1541 2922 1633 2989 dicta
1647 2920 1857 3012 prepositura

492 3026 580 3093 eccl.
595 3024 798 3112 Tongrcnsis
813 3025 905 3092 licite
920 3026 1033 3092 valeat
1047 3025 1203 3108 retinere,
1219 3027 1382 3113 generalis
1398 3026 1531 3094 concilii
1557 3032 1591 3091 et
1618 3023 1769 3110 qualibet
1792 3021 1858 3089 alia

494 3129 742 3197 constitutione
757 3130 923 3197 contraria
938 3151 1006 3197 uon
1023 3133 1119 3212 obst,
1130 3130 1172 3197 de
1188 3131 1353 3198 ulterioris
1369 3131 1459 3198 dono
1474 3129 1580 3216 gratie
1596 3128 1856 3215 dispensantes...

499 3272 532 3286 -
563 3233 640 3301 Fiat
655 3242 690 3301 et
705 3235 947 3323 dispensamus.
965 3234 1005 3301 R.

539 3340 620 3406 Dat.
637 3340 737 3406 Avin.
753 3362 774 3425 4
789 3359 867 3407 non.
880 3340 952 3425 julii
970 3346 1003 3405 a⁰
1021 3344 1062 3406 6⁰.
1080 3341 1150 3425 (13,
1168 3342 1250 3424 88l).

550 3496 690 3580 1227
1529 3528 1624 3596 1347,
1642 3531 1682 3595 19
1692 3510 1777 3593 juill
1794 3514 1815 3577 i.

540 3616 644 3704 Supp.
662 3612 915 3702 Ray(mundus)
931 3613 973 3683 de
990 3613 1126 3682 Poioliis
1141 3622 1232 3700 quat.
1254 3613 1315 3680 sibi
1332 3614 1513 3700 specialem
1529 3615 1672 3700 gratiam
1689 3615 1858 3695 facientes,

495 3721 538 3788 de
563 3742 639 3789 can.
663 3720 746 3788 eccl.
770 3721 944 3805 Agennerr.
971 3718 1080 3786 eidem
1103 3717 1340 3804 Ray(mun)d0
1360 3718 1542 3804 dignemini
1566 3718 1749 3806 providere,
1766 3722 1857 3807 preb.

496 3846 587 3909 vero,
611 3823 704 3914 [rac.
729 3823 772 3889 ad
795 3843 940 3910 presens,
957 3824 1011 3889 vel
1037 3842 1139 3907 quam
1166 3822 1309 3910 primunr
1337 3821 1474 3910 vacat.,]
1503 3822 1738 3889 conserendam
1765 3823 1857 3888 dicto

496 3927 747 4015 Ray(mun)do,
770 3947 847 3994 cum
870 3928 1025 3993 omnibus
1043 3927 1170 4013 juribus
1185 3934 1219 3992 ct
1234 3926 1444 4014 pertinentiis
1467 3927 1542 4007 suis,
1558 3925 1739 4012 dignemini
1755 3947 1856 3991 reser-

496 4054 574 4100 vare
587 4056 639 4114 ;...
655 4032 835 4119 cumidem
851 4030 1103 4118 Ray(1nun)dus
1115 4036 1157 4097 ab
1170 4031 1289 4098 eadem
1306 4031 1337 4097 S.
1350 4031 1390 4097 V.
1403 4032 1541 4111 nullum,
1557 4031 1658 4096 etiarn
1675 4031 1855 4112 modicum,

495 4137 697 4206 beneficium
723 4137 820 4203 fuerit
844 4144 1035 4216 assecutus;
1063 4157 1132 4203 non
1159 4138 1244 4202 obst.
1262 4135 1352 4220 quod
1373 4135 1460 4202 idern
1478 4134 1733 4220 Ray(munldus
1750 4134 1856 4202 archi-

497 4245 715 4311 diaconatum
741 4241 904 4328 Urgelleti
932 4249 967 4307 et
985 4239 1088 4307 Vallis
1103 4239 1256 4306 Andorre
1272 4239 1305 4306 in
1323 4239 1505 4325 Urgellen,
1521 4260 1561 4306 ac
1576 4240 1609 4306 in
1627 4240 1755 4320 eadem,
1772 4240 1855 4305 etin

499 4350 698 4429 Tomacen,
713 4356 725 4393 ³
739 4353 774 4413 et
797 4346 829 4414 S.
845 4345 1036 4427 Gaudentii,
1061 4344 1296 4411 Convenarum
1319 4344 1417 4425 dioc,
1434 4365 1509 4412 can.
1531 4353 1565 4411 et
1580 4348 1682 4433 preb,
1705 4345 1792 4410 etin
1815 4344 1857 4410 dc

500 4454 695 4538 Lumberiis,
720 4451 852 4521 Albien.
879 4451 976 4534 dioc,
1003 4451 1205 4539 portionem,
1230 4469 1270 4518 ac
1294 4448 1325 4515 in
1353 4449 1606 4536 Petragoricen,
1623 4448 1780 4531 ecclesiis,
1797 4450 1857 4516 snb

501 4583 574 4653 exp.
588 4562 684 4652 preb.
699 4556 848 4628 noscitur
864 4557 1026 4627 obtinere.
1043 4595 1075 4605 -
1097 4553 1174 4624 Fiat
1191 4555 1232 4623 R.

541 4666 622 4734 Dat.
637 4663 740 4731 Avin.
759 4683 797 4749 14
812 4660 882 4730 kal.
896 4681 970 4749 aug.
986 4668 1020 4728 a⁰
1037 4667 1080 4729 6⁰.
1096 4662 1172 4747 (29,
1192 4660 1281 4746 157).

533 4823 559 4884 a)
572 4820 630 4873 aad.
643 4818 821 4883 Reymundur.

538 4970 558 5018 l.
568 4969 632 5018 Voir
649 4983 675 5017 n.
694 4968 750 5016 504.
768 4994 801 5002 —
821 4967 844 5015 2.
862 4964 886 5013 ll
903 4967 942 5014 cst
962 4961 1013 5014 citd
1029 4978 1127 5013 comme
1139 4961 1230 5028 prevdt
1241 4978 1273 5013 on
1290 4963 1351 5012 1331
1362 4960 1450 5025 (Thya,
1464 4962 1498 5020 Il,
1511 4962 1556 5025 31)
1567 4962 1627 5011 ctlc
1640 4964 1670 5010 13
1681 4961 1784 5009 octobre
1798 4963 1859 5010 1333

514 5040 565 5102 (ll,
578 5043 630 5105 32).
638 5071 671 5078 -
688 5042 712 5090 3.
725 5040 750 5090 11
760 5040 803 5089 rut
814 5038 917 5089 nomnrc'·
934 5039 1008 5088 chan.
1020 5054 1082 5088 avec
1093 5040 1254 5101 cxpectulive
1265 5036 1297 5087 dc
1309 5036 1437 5101 prebende
1450 5036 1473 5085 lc
1486 5037 1516 5084 17
1528 5036 1664 5084 novembro
1677 5036 1739 5082 1316
1751 5034 1860 5096 (llrrllar,

515 5129 535 5165 u.
545 5119 622 5180 1911).
634 5118 665 5167 ll.
676 5117 710 5166 de
721 5116 803 5179 Puyol
827 5120 870 5185 'est
886 5113 937 5165 cite
953 5129 1051 5164 comme
1062 5114 1188 5162 chanoinc
1199 5113 1222 5162 le
1234 5115 1264 5160 24
1277 5126 1344 5162 mors
1356 5116 1382 5159 et
1393 5110 1417 5160 le
1430 5113 1459 5159 ll
1472 5111 1523 5159 mai
1537 5112 1597 5158 1328
1610 5108 1747 5172 (Bethuue,
1764 5109 1863 5158 Cardrrl.

443 5181 449 5264 Ι
518 5187 546 5236 dr
557 5190 706 5256 Be'priaaqe
716 5190 749 5239 de
759 5191 800 5241 δ”
808 5188 941 5241 Elisabeth
953 5188 967 5236 ὰ
983 5188 1065 5246 Gand,
1076 5188 1179 5250 Bruges,
1192 5188 1260 5247 1883,
1271 5199 1315 5252 pp.
1325 5186 1410 5245 73-77.)
1422 5188 1449 5233 et
1460 5196 1490 5235 en
1502 5185 1564 5234 1329
1573 5183 1680 5242 (Iacent.
1690 5179 1732 5233 der
1742 5180 1864 5234 arelao

443 5281 448 5300 ⁸
520 5259 543 5306 dr
556 5260 658 5328 Brrdm.
675 5252 787 5321 (barte-e
801 5262 821 5312 1.
837 5263 894 5315 11131
909 5279 914 5289 ·
929 5262 1042 5311 llolrtint
1056 5263 1080 5311 lu
1093 5259 1221 5324 prebende
1232 5259 1256 5309 le
1268 5262 1298 5310 25¹
1311 5258 1414 5309 octobre
1428 5260 1488 5308 1333
1501 5254 1592 5321 pl'idnl.
1607 5271 1631 5304 n.
1644 5255 1706 5304 25⁴³?
1720 5273 1725 5312 3
1738 5255 1771 5304 ci.
1784 5254 1865 5310 aaut).
