4650 6059
560 495 622 562 240
977 495 1065 568 1345.
1088 494 1126 559 21*
1145 492 1311 558 octobre-12
1335 494 1499 560 novembro.

559 648 735 729 decanatu,
756 648 808 715 cui
834 669 913 715 cura
939 649 1093 714 imminet
1118 647 1315 728 animarum,
1333 655 1368 713 et
1383 647 1425 713 ad
1441 668 1542 733 quem
1557 647 1630 713 dec.
1646 667 1706 732 per
1721 643 1927 714 electionem

560 753 746 834 assumitur,
762 753 862 818 aliam
877 754 967 838 dign.
984 775 1042 819 seu
1069 773 1154 838 pers.
1172 761 1231 817 aut
1247 751 1303 817 off.
1319 753 1373 816 νε]
1395 755 1473 818 ben.
1489 750 1579 818 aliud
1594 750 1687 831 eccl,
1704 750 1758 816 cui
1774 750 1928 817 similiter

560 877 639 923 cura
661 857 847 922 animarum
868 857 1052 937 immineat,
1069 857 1095 922 si
1112 877 1187 941 que,
1204 856 1258 921 vel
1275 856 1358 939 quis,
1374 864 1432 922 aut
1448 856 1474 922 si
1491 855 1582 940 quod
1597 857 1638 920 ab
1654 854 1768 939 aliquo
1785 855 1926 921 seculari

559 961 711 1047 principe
727 963 780 1026 νε]
796 970 940 1047 patrono
955 961 1027 1041 sibi,
1044 961 1125 1026 alias
1140 969 1256 1026 tamen
1273 961 1448 1040 canonice,
1462 961 1661 1040 conferatur,
1674 959 1765 1025 licite
1778 959 1925 1046 recipere

560 1067 674 1129 valeat
699 1072 733 1129 et
759 1065 862 1131 etiam
888 1066 1041 1146 retinere,
1069 1085 1184 1131 secum
1211 1064 1393 1149 dignemini
1418 1065 1634 1151 dispensare;
1659 1062 1925 1148 quibuscumque

560 1169 856 1236 constitutionibus
873 1170 905 1234 in
923 1169 1129 1235 contrarium
1145 1168 1244 1233 editis
1259 1188 1473 1254 nequaquam
1489 1172 1575 1236 obst.
1592 1207 1634 1220 -
1651 1165 1728 1233 Fiat
1745 1166 1786 1234 R.

605 1274 682 1340 Dat.
698 1274 799 1340 Avin.
820 1296 856 1359 13
874 1274 939 1340 kal.
956 1294 1035 1340 nov.
1053 1281 1086 1338 a⁰
1101 1281 1144 1357 4⁰.
1163 1274 1213 1356 (8,
1231 1277 1314 1357 74]).

613 1412 732 1495 950.
1573 1443 1668 1509 1545,
1685 1445 1725 1489 ar
1742 1424 1885 1491 octobre.

604 1531 706 1615 Supp.
722 1528 741 1607 J
745 1529 895 1595 ohannes
910 1529 953 1596 de
969 1528 1075 1608 Serra,
1092 1529 1201 1612 presb.
1218 1525 1434 1593 Lemovicen.
1450 1525 1548 1608 dioc,
1561 1527 1616 1594 lic.
1629 1528 1662 1593 in
1675 1528 1748 1595 dec.
1760 1536 1798 1595 et
1812 1529 1926 1616 injure

561 1634 624 1699 civ.
648 1642 836 1719 provectus,
854 1643 946 1720 quat.
962 1633 1023 1698 sibi
1039 1632 1081 1698 de
1097 1652 1173 1698 can.
1190 1640 1224 1696 et
1240 1633 1332 1718 preb.
1348 1631 1430 1697 eccl.
1447 1631 1479 1697 S.
1496 1630 1671 1717 Gangerici
1696 1631 1925 1714 Cameracen,

563 1754 635 1799 vac.
660 1755 719 1820 per
746 1743 891 1799 mortem
917 1734 1102 1801 Theobaldi
1127 1735 1170 1801 de
1195 1734 1318 1801 Meldis
1337 1749 1357 1816 ¹,
1393 1736 1449 1820 qui
1477 1743 1571 1801 extra
1594 1757 1661 1802 cur.
1684 1737 1774 1802 diem
1808 1738 1927 1803 clausit

565 1845 761 1917 extremum,
778 1836 961 1920 dignemini
978 1838 1153 1924 providere
1167 1860 1175 1917 ;
1192 1859 1261 1904 non
1278 1840 1364 1904 obst.
1380 1838 1470 1923 quod
1486 1842 1571 1933 eccl.¹
1584 1841 1736 1926 parroch.
1752 1839 1795 1906 de
1812 1840 1927 1907 Villari

565 1941 664 2020 sicce,
690 1940 848 2006 Parisien.
873 1941 971 2023 dioc,
998 1951 1033 2008 et
1060 1963 1133 2009 can.
1159 1925 1221 2008 sub
1248 1962 1323 2029 exp.
1347 1946 1438 2029 preb.
1463 1944 1545 2010 eccl.
1560 1943 1932 2031 Ambianen.,noscitqr

566 2045 727 2110 obtinere.
743 2086 786 2093 —
802 2044 879 2112 Fiat
897 2046 936 2128 R,
954 2048 979 2113 si
996 2047 1131 2115 vacavit
1147 2055 1227 2113 ante
1243 2048 1487 2113 relaxationem
1510 2055 1661 2114 nostram
1676 2048 1730 2113 vel
1747 2047 1773 2113 si
1792 2048 1856 2114 fuit
1871 2069 1934 2136 per

564 2149 812 2235 predecessores
833 2158 967 2218 nostros
981 2153 1036 2217 νε]
1043 2146 1163 2218 'eorum
1175 2152 1320 2236 aliquem
1336 2151 1506 2234 reservati,
1524 2151 1578 2217 vel
1594 2152 1705 2217 sinon
1722 2151 1764 2218 sit
1781 2152 1878 2217 alteri
1895 2153 1933 2217 in

564 2274 599 2318 re
612 2254 666 2338 jus
681 2254 858 2338 quesitum.
875 2254 916 2322 R.

608 2356 696 2422 Item
713 2379 807 2445 supp.
827 2358 904 2445 [pro
921 2360 987 2427 ind.
1005 2361 1036 2425 in
1054 2369 1115 2427 art.
1132 2357 1253 2446 mort]
1273 2402 1316 2411 -
1332 2359 1409 2427 Fiat
1425 2361 1466 2428 R.

607 2460 685 2528 Dat.
701 2462 802 2529 Avin.
823 2484 859 2529 12
877 2464 943 2531 kal.
959 2486 1037 2531 nov.
1054 2475 1088 2530 a⁰
1104 2472 1147 2550 4⁰.
1164 2466 1215 2549 (8,
1233 2467 1299 2549 76).
1413 2513 1417 2519 -

542 2584 544 2590 Ι
615 2599 723 2683 95].
1575 2638 1668 2703 1345,
1683 2639 1726 2703 31
1744 2621 1883 2685 octobre.

606 2718 707 2803 Supp.
725 2716 833 2784 Maria
850 2717 1004 2800 Damide,
1020 2741 1113 2787 soror
1127 2724 1216 2789 tertii
1233 2724 1304 2790 ord.
1321 2723 1352 2789 S.
1371 2722 1549 2805 Francisci,
1566 2722 1726 2789 Leodien.
1737 2724 1837 2805 dioc,
1850 2724 1926 2811 [pro

563 2823 631 2889 ind.
647 2824 681 2887 in
698 2832 759 2889 art.
775 2823 890 2910 mort]
915 2862 947 2873 -
969 2824 1045 2891 Fiat
1063 2826 1103 2892 R.

607 2926 687 2992 Dat.
704 2927 802 2993 Acin.
821 2949 837 2993 2
855 2927 921 2994 kal.
937 2949 1015 2995 nov.
1032 2938 1066 2995 a⁰
1082 2939 1125 3015 4⁰.
1139 2933 1189 3016 (8,
1205 2936 1272 3019 77).

614 3063 727 3147 952.
1114 3127 1117 3134 ,
1577 3103 1671 3168 1315,
1686 3104 1729 3168 31
1744 3086 1884 3150 octobre.

606 3181 708 3268 Supp.
735 3181 871 3263 Cecilia‚
900 3184 967 3249 filia
991 3183 1157 3262 Jolrannis
1191 3188 1233 3253 de
1258 3188 1375 3267 Pute0,
1402 3187 1515 3273 puella
1538 3187 1685 3253 litterata
1709 3186 1921 3254 Cameracen.

563 3285 661 3368 dioc„
689 3298 780 3371 quat.
812 3289 973 3355 mandare
1004 3290 1188 3375 dignemini
1214 3300 1251 3357 ut
1278 3293 1350 3378 ipsa
1380 3292 1412 3356 in
1437 3292 1643 3357 monasterio
1666 3291 1708 3357 de
1732 3290 1922 3380 Belliprat0,

563 3390 605 3458 O.
622 3392 714 3473 Cist,
732 3392 950 3460 Cameraceu.
966 3395 1064 3478 dioc,
1084 3396 1309 3483 [recipiatur].
1325 3437 1368 3446 —
1385 3395 1461 3461 Fiat
1478 3396 1519 3463 R.

607 3497 687 3563 Dat.
704 3497 802 3564 Avin.
821 3521 837 3564 2
855 3499 920 3565 kal.
938 3521 1015 3566 nov.
1032 3511 1064 3567 a⁴¹
1081 3511 1123 3586 4⁰.
1142 3504 1192 3586 (8,
1210 3503 1277 3586 85).

614 3637 1645 3737 953.1345,
1660 3671 1684 3735 5
1701 3653 1886 3720 novembre.

607 3756 695 3840 Sign.
721 3754 895 3833 Jolrannes
922 3755 963 3822 de
988 3756 1176 3823 Aurelianis
1192 3766 1211 3837 ²,
1229 3756 1262 3821 in
1285 3757 1357 3842 jure
1380 3757 1445 3843 civ.
1467 3757 1531 3837 lic„
1551 3777 1624 3823 can.
1643 3754 1823 3840 Morinen.,
1840 3756 1928 3845 quod

562 3859 652 3925 dom.
679 3859 862 3940 lohannes,
894 3882 983 3926 nunc
1014 3862 1115 3947 episc.
1146 3861 1358 3941 Ambianen„
1390 3860 1434 3926 ad
1465 3882 1564 3945 quem
1595 3868 1727 3945 spectat
1754 3861 1929 3948 dispositio

563 3971 597 4027 et
614 3963 779 4029 ordinatio
792 3965 968 4050 hospitalis
983 3986 1040 4029 seu
1057 3965 1176 4030 domus
1193 3965 1255 4029 Dei
1272 3965 1303 4030 S.
1322 3963 1478 4030 Nicbolai
1496 3966 1528 4029 in
1554 3965 1585 4029 S.
1604 3964 1774 4047 Richario,
1791 3966 1928 4032 Ambia-

563 4087 639 4131 nen.
665 4066 761 4147 dioc..
787 4067 914 4133 dictum
941 4068 1105 4153 hospitale
1129 4069 1281 4154 predicto
1296 4067 1455 4149 Johanni,
1486 4068 1646 4153 quamdiu
1662 4069 1795 4151 vixerit,
1811 4080 1929 4136 contu·

564 4170 662 4249 lerit;
684 4191 778 4255 supp.
796 4181 886 4254 quat.
912 4193 976 4255 que
1004 4173 1091 4237 circa
1115 4172 1178 4238 hec
1201 4181 1277 4239 acta
1300 4173 1431 4238 suerunt
1452 4171 1636 4258 dignemini
1661 4172 1872 4242 confirmare.
1888 4215 1930 4225 -

566 4271 652 4354 Fiat,
670 4274 695 4338 si
713 4276 885 4340 concessio
901 4268 990 4341 sacta
1006 4277 1048 4340 sit
1061 4277 1155 4361 juxta
1173 4278 1312 4343 fomlam
1330 4278 1463 4343 concilii
1480 4276 1681 4344 Viennensis
1698 4277 1738 4344 R.

609 4378 688 4443 Dat.
705 4378 804 4443 Avin.
820 4399 900 4446 non.
916 4400 995 4446 nov.
1012 4388 1045 4445 a⁰
1061 4388 1104 4465 4⁰.
1121 4382 1171 4463 (8,
1190 4385 1260 4467 94‘)

616 4515 732 4600 954.
1529 4552 1682 4619 131512
1702 4535 1887 4601 novembre.

609 4634 698 4720 Sign.
727 4634 904 4701 Bertoldus
932 4634 1050 4702 Barres
1066 4645 1085 4719 ³,
1103 4636 1198 4703 miles
1225 4635 1394 4720 Leodien,
1420 4639 1509 4724 quod
1533 4640 1657 4705 dudum
1678 4639 1709 4705 S.
1726 4639 1766 4705 V.
1783 4639 1929 4727 providit

567 4790 816 4803 μ.-

599 4882 620 4929 l.
633 4877 695 4928 Volr
707 4896 731 4928 n.
744 4881 798 4938 681,
814 4879 884 4948 ibb-
906 4911 911 4917 -
930 4885 952 4929 2.
976 4882 1081 4934 llus-lior.
1103 4887 1156 4942 328,
1179 4888 1232 4934 38].
1297 4888 1319 4932 3.
1341 4883 1468 4933 l‘oncolet.
1495 4881 1571 4945 Fiefr,
1585 4883 1639 4943 aru,
1653 4885 1716 4933 loo:
1737 4883 1836 4945 Kirscu
1857 4882 1927 4945 nou,

566 4951 613 5001 279
625 4972 629 5014 ;
642 4957 673 5004 dc
687 4956 804 5013 Burman,
819 4955 949 5011 bobeno,
964 4958 982 5014 Ι,
999 4959 1044 5003 lou
1058 4975 1063 5015 ;
1077 4961 1157 5010 Anal..
1172 4960 1228 5017 XV,
1242 4963 1281 5006 bl.
