4650 6059
480 809 541 873 286
969 806 1055 877 1346,
1080 805 1167 868 21-22
1190 806 1356 871 novembre.

481 980 539 1045 per
556 959 595 1023 E.
612 958 643 1024 S.
659 957 849 1043 specialiter
872 957 969 1023 factis
986 959 1038 1021 vel
1062 956 1166 1021 etiam
1182 956 1343 1023 faciendis
1361 981 1369 1038 ;
1388 958 1543 1043 qnodque
1559 959 1668 1024 eidem
1685 960 1837 1025 commis·

480 1065 566 1129 sario
582 1062 794 1128 committere
809 1061 992 1146 dignemini
1009 1069 1043 1126 et
1059 1060 1228 1141 mandare,
1252 1062 1351 1145 quod,
1373 1072 1509 1148 recepta
1525 1063 1752 1147 resignatione
1768 1085 1837 1150 pre·

480 1168 580 1248 dicta,
598 1168 668 1252 ipse
683 1165 813 1250 prefato
830 1165 976 1231 Gnidoni
1000 1166 1042 1231 de
1065 1166 1227 1230 ambobus
1248 1166 1501 1232 canonicatibus
1511 1175 1545 1232 et
1561 1170 1653 1252 preb.
1670 1167 1837 1252 predictis,

481 1293 540 1336 seu
554 1272 596 1337 de
612 1271 717 1335 altero
732 1269 864 1335 iliorum
881 1270 937 1353 qui
950 1269 1072 1334 fuerint
1088 1268 1255 1352 resignati,
1266 1279 1374 1353 apost.
1391 1278 1480 1336 auct.
1497 1269 1672 1355 provideat
1684 1271 1838 1355 ipsosque

482 1375 633 1441 conferat
649 1373 757 1438 eidem
774 1393 851 1437 cum
868 1393 983 1438 eorum
1004 1372 1131 1458 juribus
1146 1380 1181 1436 et
1202 1373 1413 1456 pertinentiis
1428 1373 1598 1453 universis,
1614 1374 1839 1458 eumdemque

482 1478 672 1543 Guidonem
687 1497 746 1542 seu
761 1485 1013 1562 procuratorem
1037 1495 1133 1541 suum
1157 1474 1330 1540 addictas
1352 1478 1443 1560 preb.
1460 1475 1561 1561 recipi
1578 1475 1678 1540 faciat
1704 1476 1739 1540 in
1766 1497 1839 1541 can.

481 1593 514 1647 et
531 1583 564 1646 in
581 1583 725 1662 fratrem,
742 1582 842 1647 stallo
857 1582 918 1648 sibi
935 1581 970 1645 iu
985 1582 1089 1647 choro
1101 1588 1136 1646 et
1151 1582 1229 1646 loco
1244 1580 1276 1644 in
1301 1579 1449 1665 capitulo
1465 1579 1648 1664 assignatis,
1665 1579 1840 1664 ipsumque

481 1686 669 1751 Guidonem
680 1706 738 1751 seu
753 1694 1004 1770 procuratorem
1020 1685 1208 1771 predictum
1224 1683 1361 1749 inducat
1370 1704 1430 1768 per
1439 1704 1474 1749 se
1483 1683 1537 1748 vel
1550 1683 1651 1748 alium
1665 1683 1699 1747 in
1711 1704 1840 1769 posses·

481 1790 610 1854 sionem
625 1789 801 1875 pacificam
817 1790 907 1873 preb.
924 1797 959 1853 et
975 1808 1048 1853 can.
1058 1788 1284 1874 predictorum
1297 1796 1331 1852 et
1346 1786 1505 1852 defendat
1519 1786 1757 1852 inductum-
1767 1787 1840 1853 Fiat

481 1914 540 1978 per
549 1892 755 1959 cardinalem
768 1892 1242 1977 Claromonten.,presentibus
1253 1900 1329 1977 post
1343 1911 1468 1955 annum
1480 1890 1618 1955 minime
1628 1891 1789 1957 valituris.
1801 1891 1839 1956 R.

526 1998 603 2063 Dat.
619 1998 718 2061 Avin.
740 2018 774 2061 11
793 1995 859 2062 kal.
875 1997 949 2062 dec.
966 2004 1000 2060 a⁰
1017 2004 1058 2081 5⁰.
1075 1997 1145 2079 (12,
1166 1998 1249 2079 108).

535 2136 680 2218 1099
1443 2146 1538 2230 1346,
1555 2166 1595 2211 21
1614 2147 1799 2210 novembre.

525 2256 613 2339 Sign.
630 2251 838 2317 ambasiator
855 2250 1015 2316 Leodien.
1034 2261 1052 2331 ¹,
1069 2250 1159 2335 quod
1176 2250 1312 2335 qnidam
1331 2249 1616 2317 Robertusdictus
1632 2248 1839 2333 Bobbregch,

483 2359 562 2421 olim
579 2378 653 2423 can.
669 2355 810 2421 ecclesie
835 2354 878 2419 de
904 2352 1033 2435 Fosses,
1061 2353 1221 2420 Leodien.
1237 2354 1335 2434 dioc,
1351 2375 1398 2439 gr.
1414 2354 1457 2419 de
1478 2373 1553 2419 can.
1569 2356 1629 2418 sub
1646 2375 1722 2439 exp.
1739 2354 1840 2439 preb,

481 2462 582 2545 dign,
598 2481 683 2546 pers.
700 2461 753 2523 vel
770 2458 825 2522 off.
842 2458 876 2522 in
892 2460 974 2524 eccl.
991 2457 1152 2524 Leodien.
1168 2479 1188 2523 a
1204 2458 1283 2524 sede
1298 2467 1406 2544 apost.
1419 2455 1621 2543 impetravit,
1632 2454 1792 2539 adjuncto
1808 2454 1839 2517 io

483 2566 554 2650 ipsa
570 2585 627 2649 gr,
644 2563 734 2647 quod
749 2562 964 2648 postmodum
991 2562 1106 2647 vigore
1130 2562 1220 2628 dicte
1245 2562 1350 2647 gratie
1378 2582 1462 2642 can..
1478 2562 1581 2647 preb,
1596 2558 1697 2643 dign,
1713 2559 1769 2622 vel
1785 2556 1841 2623 off.

483 2669 515 2733 in
532 2669 623 2734 dicta
636 2666 797 2732 Leodien.
813 2667 895 2731 eccl.
912 2665 1011 2731 fuerit
1026 2674 1205 2746 assecutus,
1222 2667 1369 2752 prefatos
1396 2685 1470 2731 can.
1486 2671 1520 2729 et
1547 2666 1638 2749 preb.
1661 2661 1703 2726 de
1721 2660 1842 2727 Fosses

483 2773 620 2837 omnino
635 2770 805 2837 dimittere
821 2778 1001 2850 teneretur,
1026 2791 1065 2836 ac
1090 2779 1168 2855 post
1183 2769 1456 2855 impetrationem
1483 2767 1671 2854 predictam
1695 2773 1731 2830 et
1748 2774 1841 2829 aute·

482 2897 583 2960 quam
599 2875 690 2940 dicta
704 2894 752 2957 gr.
768 2873 927 2939 effectum
943 2873 1092 2953 haberet,
1109 2874 1142 2938 in
1159 2873 1308 2939 fraudem
1326 2872 1514 2938 collationis
1529 2878 1636 2956 apost.
1647 2868 1759 2934 dictos
1769 2889 1840 2934 can.

482 2990 516 3045 et
532 2982 624 3066 preb.
640 2980 682 3044 (16
700 2978 819 3043 Fosses
835 2978 868 3041 in
885 2978 1040 3042 manibus
1065 2977 1167 3062 episc.
1193 2976 1354 3043 Leodien.
1370 2977 1492 3042 dicitur
1506 2974 1700 3059 resignasse,
1716 2981 1752 3038 et
1768 2975 1841 3039 sub

482 3092 659 3168 sequenter
674 3083 797 3147 virtute
812 3082 902 3147 dicte
918 3081 1023 3165 gratie
1048 3102 1120 3147 can.
1137 3089 1172 3145 et
1196 3085 1287 3167 preb.
1304 3103 1343 3147 ac
1369 3082 1471 3146 etiarn
1497 3079 1586 3165 dign.
1614 3078 1648 3142 in
1673 3079 1746 3163 ipsa
1761 3077 1841 3142 eccl.

483 3185 655 3265 Leodien.,
672 3195 706 3250 et
729 3206 844 3250 eorum
871 3185 1115 3269 possessionem
1141 3184 1316 3270 pacificam
1341 3185 1402 3248 fuit
1427 3183 1578 3268 adeptus,
1595 3202 1695 3266 quam
1720 3180 1842 3246 diutius

483 3291 590 3355 tenuit
605 3289 745 3374 pacifice
761 3297 795 3353 et
812 3290 933 3373 quiete,
951 3299 985 3354 et
1000 3311 1060 3375 per
1076 3311 1285 3375 consequens
1308 3290 1389 3355 dicti
1415 3308 1489 3353 can.
1505 3296 1540 3379 et
1555 3289 1647 3373 preb.
1663 3286 1706 3351 de
1725 3285 1842 3351 Fosses

484 3392 573 3478 apud
588 3391 702 3456 sedem
726 3399 833 3477 apost.
849 3394 1019 3457 vacavisse
1046 3402 1237 3459 noscantur.
1255 3393 1365 3477 Quare
1393 3412 1487 3476 supp.
1511 3389 1601 3455 idem
1624 3390 1840 3466 ambaxiator,

485 3505 574 3579 quat.
591 3495 748 3576 Johanni,
773 3503 853 3560 nato
871 3495 979 3580 Egidii
1004 3496 1046 3561 de
1073 3496 1199 3583 Lapide
1215 3507 1235 3578 ²,
1253 3499 1329 3562 cler.
1355 3495 1527 3573 Leodien.,
1543 3493 1585 3559 de
1601 3492 1700 3558 dictis
1717 3514 1791 3559 can.
1808 3498 1841 3555 et

484 3603 576 3685 preb.
593 3599 674 3664 eccl.
691 3600 733 3663 de
750 3599 879 3678 FosseS,
896 3601 921 3664 si
939 3601 996 3681 sic,
1013 3610 1050 3665 ut
1066 3602 1236 3686 prefertur,
1253 3603 1306 3665 vel
1328 3601 1394 3665 alio
1410 3598 1528 3683 quovis
1543 3597 1646 3663 modo
1662 3606 1786 3662 vacent
1800 3596 1841 3662 ad

484 3725 628 3789 presens,
645 3704 827 3788 dignemini
844 3705 1039 3791 providere;
1065 3728 1132 3771 non
1150 3709 1236 3772 obst.
1253 3706 1344 3790 quod
1360 3706 1429 3790 ipse
1446 3703 1488 3769 ad
1516 3703 1591 3769 coll.
1608 3702 1841 3788 episcoporum

483 3808 698 3872 Cameracen.
716 3818 750 3873 et
766 3808 937 3888 Leodien.,
955 3819 1043 3876 auct.
1060 3810 1247 3875 litterarum
1263 3818 1448 3874 vestrarum
1464 3808 1498 3871 in
1514 3806 1651 3892 speciali
1667 3826 1714 3890 gr.
1736 3805 1841 3871 nosci·

482 3920 536 3975 tur
551 3919 740 3996 expectare.
757 3954 799 3960 —
816 3911 893 3976 Fiat
911 3911 950 3976 R.

527 4014 607 4079 Dat.
623 4016 722 4081 Avin.
744 4037 777 4079 11
798 4015 864 4080 kal.
882 4017 954 4081 dec.
972 4023 1005 4080 a⁰
1023 4023 1064 4099 5⁰.
1082 4017 1153 4100 (12,
1178 4023 1279 4099 109*').

535 4150 675 4231 1100.
1445 4162 1539 4247 1346,
1557 4184 1597 4226 22
1616 4163 1799 4227 novembre.

527 4265 627 4332 Motu
650 4267 784 4352 proprio
810 4265 1024 4351 providemus
1050 4265 1198 4343 Johanni
1225 4267 1386 4346 Gervasii,
1413 4276 1526 4332 nostre
1556 4266 1684 4352 capelle
1707 4286 1783 4351 cap.
1807 4272 1841 4329 et

483 4371 583 4435 famil.
608 4380 732 4450 nostro,
754 4370 796 4434 de
816 4390 890 4435 can.
906 4379 940 4434 et
956 4374 1047 4455 preb.
1064 4372 1146 4436 eccl.
1162 4372 1193 4436 S.
1211 4371 1296 4436 Piati
1313 4371 1523 4451 Sicliniensis,
1540 4369 1727 4435 Tornacen.
1744 4369 1839 4449 dioc,

482 4496 553 4540 vac.
570 4495 629 4560 per
644 4484 787 4539 mortem
804 4474 968 4550 Johannis
983 4474 1064 4539 dicti
1077 4475 1203 4558 Quette
1219 4475 1261 4540 de
1278 4473 1598 4561 Dompnomedardo
1613 4474 1648 4536 in
1666 4471 1839 4552 Pontiv0³,

482 4578 631 4663 ejusdem
656 4579 737 4643 eccl.
761 4577 833 4643 dec.
853 4587 888 4643 et
907 4600 980 4644 can.
998 4582 1099 4665 preb,
1117 4581 1173 4663 qui
1189 4601 1294 4666 nuper
1310 4588 1403 4643 extra
1421 4578 1517 4643 Rom.
1535 4597 1602 4643 cur.
1618 4577 1708 4643 diem
1725 4576 1840 4642 clausit

482 4689 669 4745 extremum
685 4703 692 4758 ;
711 4700 850 4763 quorum
870 4702 943 4746 can.
960 4691 994 4746 et
1010 4686 1102 4767 preb.
1119 4684 1194 4748 coll.
1212 4682 1255 4747 ad
1270 4703 1332 4746 nos
1347 4682 1502 4766 pertinet,
1519 4689 1675 4766 pretextu
1696 4701 1840 4745 reserva-

482 4786 582 4850 tionis
594 4806 652 4870 per
664 4806 725 4849 nos
737 4784 824 4849 facte
837 4785 878 4849 de
889 4786 1056 4851 decanatu
1069 4787 1158 4851 dicte
1170 4786 1370 4851 Sicliniensis
1382 4785 1462 4849 ecci.
1475 4794 1554 4850 ante
1564 4784 1705 4870 predicti
1718 4784 1738 4863 J
1741 4785 1840 4851 ohan·

482 4889 533 4952 nis
550 4892 603 4953 ob.
619 4930 662 4938 -
679 4888 755 4954 Fiat
771 4898 865 4953 motu
882 4891 1026 4974 proprio
1046 4890 1084 4954 R.

527 4992 604 5056 Dat.
621 4992 720 5055 Avin.
742 5012 779 5055 10
796 4992 860 5056 kal.
877 4992 949 5056 dec.
967 5001 999 5056 a⁰
1017 5003 1058 5075 5⁰.
1076 4993 1146 5075 (12,
1169 4996 1270 5078 104⁸).

517 5166 537 5209 1.
552 5162 680 5281 Pput-itre
693 5163 790 5210 Mcnric
803 5163 870 5211 Galli
885 5166 953 5226 (voir
964 5164 1062 5225 u.930)
1074 5180 1108 5212 ou
1120 5164 1223 5212 Nicolas
1239 5165 1271 5213 do
1284 5166 1366 5214 Ncuss
1378 5167 1446 5228 (voir
1458 5180 1482 5212 n.
1495 5165 1563 5226 931).
1576 5192 1606 5199 -
1625 5166 1647 5211 2.
1660 5164 1723 5211 Voir
1734 5177 1760 5210 n.
1773 5162 1837 5210 loro.

483 5263 514 5268 -
527 5237 549 5283 3.
585 5236 623 5281 oir
634 5249 659 5282 n.
672 5236 741 5292 1079,
755 5237 824 5284 1081.
