4650 6059
990 807 1078 879 1349,
1101 807 1150 870 7-9
1173 807 1357 886 septembre..
1787 809 1855 876 467·

535 954 843 1037 1794-1795.
1469 991 1564 1054 1399,
1581 989 1601 1054 7
1616 974 1804 1058 septembre.

524 1074 633 1158 Supp.
664 1072 785 1152 Guid0,
813 1071 956 1138 Vabren.
984 1074 1169 1159 episcopus,
1196 1082 1289 1156 quat.
1320 1094 1380 1139 suo
1411 1075 1586 1160 capellano
1623 1083 1657 1139 et
1695 1075 1847 1140 familiari

477 1178 496 1254 J
500 1176 636 1243 ohanni
653 1177 695 1242 de
711 1175 832 1261 Leugis
848 1176 1023 1262 providere
1050 1176 1234 1262 dignemini
1258 1177 1300 1242 de
1317 1190 1497 1263 personatu
1513 1179 1554 1244 de
1571 1179 1711 1259 Sanctia,
1727 1178 1847 1243 Came-

478 1302 599 1347 racen.
617 1280 714 1360 dioc,
730 1300 835 1366 prope
863 1279 1034 1364 Malbuga,
1051 1301 1111 1365 pro
1136 1280 1285 1364 eoquod
1313 1280 1430 1347 Helias
1456 1282 1498 1346 de
1525 1280 1630 1365 Vigia,
1647 1281 1701 1365 qui
1719 1281 1847 1346 dictum

477 1394 706 1470 personatum
722 1383 875 1449 obtinuit.
891 1393 928 1448 et
944 1383 1053 1449 adhuc
1081 1384 1241 1470 presumit
1264 1385 1425 1465 obtinere,
1442 1385 1622 1451 immiscuit
1648 1407 1683 1451 se
1700 1386 1796 1464 seviS,
1813 1394 1847 1450 et

475 1492 566 1556 alias
583 1489 628 1554 ad
643 1488 827 1553 tenendum
842 1488 1044 1554 beneficium
1060 1488 1141 1553 eccl.
1154 1488 1298 1555 reddidit
1314 1510 1349 1554 se
1376 1489 1559 1554 inhabilem
1585 1496 1619 1554 et
1647 1489 1818 1574 indignum
1838 1511 1846 1567 ;

476 1615 554 1659 non
568 1595 656 1659 obst.
673 1591 763 1676 quod
790 1591 967 1656 ecclesiam
995 1599 1145 1656 curatam
1171 1591 1213 1656 de
1236 1590 1436 1671 Tivervalle,
1454 1591 1635 1657 Carnoten.
1658 1592 1755 1669 dioc,
1772 1612 1848 1657 nos-

476 1699 571 1764 citur
588 1697 751 1775 obtinere,
779 1716 880 1780 quam
897 1704 1033 1781 paratus
1049 1705 1099 1760 est
1115 1696 1294 1776 dimittere,
1312 1716 1387 1761 cum
1412 1697 1655 1783 possessionem
1672 1695 1847 1780 pacificam

476 1802 568 1866 dicti
585 1808 785 1886 personatus
809 1798 906 1864 fuerit
922 1798 1102 1865 assecutus.
1120 1839 1159 1848 -
1177 1798 1416 1865 committatur
1430 1800 1463 1863 in
1481 1800 1596 1880 forma,
1615 1798 1654 1863 R.

529 1944 636 2005 1795.
656 1937 742 2001 Item
753 1957 850 2023 supp.
866 1945 957 2021 quat.
974 1936 1155 2002 Guillelmo
1172 1936 1268 2022 Lupi,
1295 1936 1454 2002 Parisien.
1471 1938 1568 2012 dioc..
1586 1937 1706 2001 clerico
1722 1935 1849 2019 capelle

478 2063 556 2121 sue,
573 2041 618 2106 de
633 2039 758 2105 vicaria
782 2047 944 2126 perpetua
958 2040 1000 2104 de
1017 2038 1166 2119 Ferreto,
1192 2039 1335 2106 Vabren.
1351 2040 1448 2119 dioc,
1465 2061 1538 2105 vac.
1559 2041 1592 2104 in
1615 2040 1705 2106 curia
1716 2060 1774 2125 per
1795 2042 1849 2104 ob.

480 2145 599 2210 ultimi
631 2144 744 2208 vicarii
775 2143 900 2209 vicarie
929 2144 1088 2229 predicte,
1104 2143 1286 2229 dignemini
1317 2143 1493 2229 providere
1509 2168 1520 2223 ‘;
1559 2165 1627 2211 non
1645 2147 1730 2210 obst.
1760 2141 1851 2227 quod

480 2248 655 2334 capellan.
672 2247 703 2312 S.
719 2245 738 2324 J
742 2247 839 2312 acobi
854 2247 888 2311 in
904 2247 1109 2313 monasterio
1125 2247 1157 2313 S.
1180 2248 1314 2313 Andree
1338 2248 1380 2313 de
1407 2246 1566 2328 Castello,
1592 2247 1680 2314 dioc.
1697 2246 1851 2313 Camera-

482 2374 575 2430 cen.,
592 2350 741 2415 noscitur
756 2350 918 2431 obtinere,
934 2359 969 2416 et
991 2353 1083 2437 preb.
1098 2352 1240 2417 ecclesie
1254 2349 1486 2417 deMontibus
1501 2351 1534 2416 in
1554 2350 1716 2417 Hanonia
1732 2370 1852 2436 expec-

482 2468 571 2533 tare,
589 2473 723 2518 necnon
740 2461 774 2518 et
790 2474 867 2519 cum
883 2475 924 2521 eo
940 2475 1038 2540 super
1052 2455 1187 2521 defectu
1202 2456 1301 2521 etatis
1325 2476 1426 2538 quem
1449 2456 1585 2540 patitur,
1611 2456 1728 2539 viginti
1752 2455 1852 2519 trium

486 2578 660 2623 annorum
676 2556 729 2620 vel
745 2556 833 2622 circa
850 2565 977 2623 etatem
1001 2558 1167 2624 duntaxat
1194 2558 1373 2641 attingens,
1389 2558 1571 2642 dignemini
1595 2558 1795 2644 dispensare.
1818 2594 1848 2603 -

491 2661 571 2727 Fiat
595 2660 646 2740 R.,
669 2669 703 2725 et
719 2660 959 2747 dispensamus
977 2661 1017 2726 R.

538 2765 620 2829 Dat.
636 2764 737 2828 Avin.
755 2782 773 2847 7
789 2764 833 2830 id.
850 2774 934 2851 sept.
950 2773 983 2830 a⁰
999 2767 1042 2831 8⁰.
1059 2766 1128 2850 (19,
1150 2770 1186 2829 16
1191 2769 1249 2849 3').

550 2903 692 2987 1796.
1476 2936 1571 3001 1399,
1588 2917 1610 2979 8
1624 2916 1821 3007 septembre.

540 3023 643 3108 Supp.
660 3020 788 3100 Petrus
805 3020 836 3085 S.
853 3020 903 3088 M.
919 3042 1008 3087 nove
1020 3020 1106 3087 diac.
1123 3021 1223 3100 card,
1240 3028 1332 3105 quat.
1352 3020 1545 3107 [capellano
1560 3040 1620 3085 suo
1635 3015 1798 3102 Johanni]
1813 3015 1856 3081 de

499 3126 675 3205 Wamans,
700 3124 782 3189 alias
808 3127 998 3209 Arragon1,
1022 3125 1222 3190 Ambianen.
1249 3125 1347 3204 dioc,
1377 3123 1420 3189 de
1450 3144 1523 3189 can.
1548 3131 1583 3188 et
1609 3126 1700 3207 preb.
1717 3121 1857 3186 ecclesie

498 3231 528 3295 S.
547 3229 682 3294 Nicolai
701 3229 732 3292 in
751 3231 894 3294 claustro
920 3229 1120 3293 Ambianen.
1144 3229 1326 3316 dignemini
1350 3228 1547 3313 providere,
1571 3247 1639 3292 non
1667 3230 1752 3291 obst.
1769 3225 1858 3309 quod

499 3332 633 3418 paroch.
661 3332 837 3397 ecclesiam
864 3333 905 3398 de
933 3331 1102 3415 BrimeyO,
1131 3330 1298 3396 Morinen.
1323 3333 1420 3412 dioc,
1451 3332 1599 3397 noscitur
1628 3330 1789 3395 obtinere.
1816 3369 1859 3377 -

501 3435 577 3501 Fiat
597 3437 636 3500 R.

544 3540 624 3603 Dat.
646 3540 745 3604 Avin.
764 3545 780 3604 6
799 3540 841 3605 id.
858 3549 941 3624 sept.
958 3547 970 3573 ¹¹
986 3549 1019 3603 a⁰
1036 3543 1078 3604 8¹¹.
1095 3542 1164 3621 (18,
1182 3545 1248 3622 43).

553 3675 693 3758 1797.
832 3706 838 3718 ·
1479 3709 1573 3771 1399,
1590 3711 1609 3773 9
1626 3691 1815 3774 septembre.

542 3795 645 3879 Supp.
663 3793 825 3877 P(etrus),
841 3793 893 3857 tit.
911 3792 942 3856 S.
960 3793 1108 3857 Susanne
1132 3795 1240 3877 presb.
1257 3792 1357 3870 card,
1374 3800 1466 3874 quat.
1486 3791 1614 3877 [Odoni
1630 3791 1672 3855 de
1689 3791 1717 3854 T
1720 3811 1856 3868 urnone,

503 3896 568 3982 lic]
591 3897 624 3961 in
641 3897 704 3979 leg.
721 3907 742 3975 ²,
759 3895 801 3960 de
824 3896 1096 3960 archidiaconatu
1115 3904 1149 3960 et
1177 3916 1250 3960 can.
1276 3895 1416 3961 ecclesie
1439 3893 1651 3959 Valentinen.
1674 3893 1857 3978 dignemini

502 4000 674 4084 providere
690 4023 698 4077 ;
715 4020 783 4063 non
801 4003 886 4065 obst.
903 3999 993 4082 quod
1009 4020 1083 4064 can.
1100 4009 1134 4063 et
1150 4003 1242 4084 preb.
1259 3999 1292 4063 in
1320 3999 1507 4064 Tornacen.
1535 4019 1574 4062 ac
1599 4018 1671 4063 can.
1697 4000 1756 4061 sub
1781 4017 1856 4081 exp.

503 4107 590 4187 preb.
601 4111 636 4167 et
651 4101 823 4186 dignitatis
839 4104 872 4166 in
889 4101 1104 4168 Cameracen.
1120 4102 1269 4167 ecclesiis
1285 4102 1433 4167 noscitur
1448 4101 1609 4166 obtinere.
1622 4140 1664 4149 -
1681 4099 1756 4165 Fiat
1774 4098 1813 4164 R

543 4208 622 4271 Dat.
639 4206 739 4269 Avin.
758 4225 774 4289 5
793 4205 835 4270 id.
852 4214 936 4291 sept.
953 4215 985 4270 a⁰
1002 4209 1044 4271 8⁰.
1062 4207 1131 4289 (19,
1153 4207 1239 4289 161).

554 4342 695 4425 1798-
1481 4376 1575 4440 1399,
1591 4376 1612 4440 9
1627 4356 1814 4441 septembre.

545 4462 647 4546 Supp.
665 4459 786 4538 Guid0,
803 4459 959 4524 dominus
974 4460 1015 4525 de
1034 4460 1207 4544 Ronyaco,
1236 4469 1328 4543 quat.
1354 4458 1537 4542 Godelfroy
1553 4457 1595 4522 de
1612 4456 1772 4536 Sombrel,
1790 4457 1859 4541 ejus

510 4566 607 4645 uxori,
624 4585 664 4629 ac
683 4563 820 4648 Hugoni
836 4564 878 4628 de
905 4562 1084 4643 MorchieS,
1112 4562 1312 4627 Helizabeth
1340 4564 1372 4627 la
1401 4561 1588 4640 Porcliiere,
1613 4560 1744 4625 Thome
1773 4559 1859 4624 Fou-

513 4668 604 4732 cherii
629 4689 670 4732 ac
687 4666 843 4751 Philippo
861 4666 1035 4733 Foucherii
1053 4675 1087 4731 et
1103 4667 1173 4751 ejus
1196 4667 1299 4747 uxori,
1316 4664 1464 4743 Johanni
1485 4664 1527 4728 de
1551 4663 1706 4748 Sillyaco,
1732 4666 1860 4747 Agnete

515 4768 715 4837 Bechemont
742 4779 776 4834 et
804 4792 919 4835 eorum
944 4772 1080 4836 cuilibet
1106 4772 1352 4836 absolutionem
1384 4768 1569 4833 concedere
1599 4767 1791 4852 dignemini.
1819 4808 1861 4815 —

519 4870 584 4939 Fiat
601 4874 639 4940 R.

548 5065 573 5123 a)
584 5066 655 5114 Cotto
667 5064 737 5127 prece
749 5070 788 5112 cst
800 5063 886 5126 placeo
898 5069 970 5111 entre
979 5064 1091 5111 d'autrcs
1102 5064 1136 5110 du
1150 5065 1214 5110 mois
1225 5062 1361 5109 d'mtobrc.

532 5178 756 5192 5—-

555 5247 574 5292 l.
584 5247 640 5297 loir
651 5265 676 5298 n.
691 5251 760 5307 1021,
775 5250 844 5298 1513.
857 5276 888 5283 -
901 5250 923 5297 2.
936 5249 996 5295 Voir
1014 5262 1037 5297 n.
1057 5250 1109 5305 130,
1125 5248 1192 5294 1473.
1206 5265 1210 5272 ·
