4650 6059
479 795 541 868 tit
1032 786 1124 868 titt.
1145 785 1181 866 it
1203 786 1283 866 ott.

481 956 630 1018 monton.
649 947 733 1031 dioc
736 998 787 1030 .....
814 947 857 1012 de
884 966 959 1013 can.
984 951 1019 1009 et
1044 944 1137 1029 preb.
1168 940 1250 1006 eccl.
1277 940 1353 1007 coll.
1381 938 1413 1005 S.
1440 937 1531 1004 Petri
1555 933 1715 1023 ilriensis,
1737 936 1830 1014 Mori·

482 1073 559 1122 nen.
575 1051 672 1135 dioc„
688 1071 762 1118 vac.
790 1050 833 1118 ad
858 1069 996 1138 presens
1018 1067 1078 1135 per
1102 1047 1157 1118 nb.
1182 1044 1354 1130 quondam
1381 1042 1538 1130 Symonis
1560 1040 1676 1120 Vereti
1693 1056 1715 1128 ¹,
1729 1044 1786 1142 qni
1803 1043 1831 1109 in

481 1156 632 1243 partibus
661 1154 751 1230 diem
781 1154 902 1224 clausit
928 1161 1125 1233 extremum,
1142 1148 1236 1235 cujus
1265 1150 1341 1225 ben.
1372 1146 1505 1228 fuerunt
1533 1155 1716 1236 reservata,
1731 1146 1832 1232 aidan

484 1260 633 1334 Roberto
648 1258 830 1345 dignemini
845 1256 1033 1346 providere.
1044 1251 1177 1332 -Fiat
1193 1252 1234 1330 R.

528 1364 608 1433 Dat.
624 1362 722 1440 Avia.
742 1383 779 1445 19
795 1362 863 1438 kat.
879 1368 965 1450 sept.
981 1368 1015 1438 a⁰
1032 1364 1074 1438 6⁰.-
1091 1359 1165 1448 (14.
1183 1358 1243 1446 7').

517 1500 675 1585 1239.
1540 1523 1636 1593 1347,
1654 1527 1695 1573 ar
1711 1512 1800 1576 acet.

527 1618 616 1705 Sign.
643 1619 790 1685 decanus
815 1624 850 1682 et
877 1615 1063 1708 capitulum
1090 1610 1221 1679 coelii.
1248 1610 1395 1678 Servacii
1419 1610 1655 1697 Traiecteusis,
1683 1610 1836 1679 Leodim.

483 1722 581 1803 dioc,
597 1721 688 1806 quod
710 1720 836 1787 dudum
849 1739 923 1786 can.
940 1727 975 1785 et
999 1715 1168 1805 prebende
1196 1716 1344 1803 ejusdem
1371 1716 1512 1783 ecclesie
1530 1736 1592 1805 per
1606 1720 1661 1784 ob.
1673 1716 1837 1804 quondum

483 1824 503 1905 J
506 1824 648 1892 ohannis
663 1825 706 1891 de
721 1823 866 1890 Wulven
882 1831 918 1890 et
932 1821 1097 1902 Johannis
1111 1820 1153 1887 de
1170 1818 1275 1901 Bach,
1285 1818 1387 1906 ipsius
1402 1820 1485 1885 eccl.
1501 1820 1754 1902 canonicorum,
1763 1828 1838 1888 tunc
1874 1889 1876 1896 ,

483 1937 643 1995 vacantes
654 1948 714 2015 per
724 1927 911 1994 Arnoldum
921 1926 964 1993 de
973 1923 1234 2009 Blanlrenbeym
1242 1933 1263 2005 ³,
1273 1922 1376 2011 ipsius
1385 1923 1526 1990 ecclesie
1537 1924 1838 2012 prepositum,tuuc

482 2032 675 2119 pacientem
691 2032 724 2097 in
735 2039 826 2098 etate
837 2030 1018 2111 deiectum,
1029 2049 1107 2098 curn
1118 2028 1263 2096 collacio
1278 2028 1540 2096 canonicatuum
1552 2036 1588 2096 et
1597 2020 1838 2118 prebendennu

482 2136 630 2226 ejusdem
640 2135 781 2202 ecclesie
790 2135 833 2202 ad
842 2134 1048 2222 prepositum
1058 2133 1150 2201 dicte
1159 2132 1369 2217 ecclesie,qui
1378 2140 1430 2200 est
1439 2153 1501 2221 pro
1509 2134 1839 2222 tempore,portinere

482 2249 649 2321 noscatur,
661 2240 680 2318 J
684 2240 811 2306 ohanni
825 2239 868 2306 de
885 2236 1002 2305 Haren
1014 2248 1026 2285 ³
1040 2246 1075 2305 et
1087 2236 1322 2306 Lambertode
1338 2235 1553 2327 Lyssendorp
1569 2233 1686 2306 collati
1701 2237 1839 2322 namt.

484 2345 639 2430 idemque
651 2342 670 2422 J
673 2344 822 2410 ohannes
837 2351 872 2409 et
887 2342 1086 2410 Lambertus
1101 2364 1143 2410 ex
1154 2349 1237 2411 tunc
1246 2343 1356 2412 dictos
1371 2362 1444 2411 can.
1460 2350 1495 2409 et
1509 2344 1602 2431 preb.
1612 2343 1839 2430 possederunt,

483 2456 583 2535 prout
592 2447 702 2514 adhuc
717 2446 889 2535 possident
903 2446 1045 2533 pacifice
1060 2454 1095 2513 et
1110 2448 1255 2533 quiete...
1266 2446 1410 2533 Quare...
1423 2467 1518 2535 supp.
1532 2446 1683 2516 decanus
1700 2456 1738 2515 et
1756 2447 1840 2536 capi·

483 2553 623 2619 tulum...
635 2549 1043 2637 quat...eisdemJobanni
1063 2559 1098 2618 et
1118 2550 1301 2619 Lamberto
1318 2550 1444 2620 dictam
1463 2550 1838 2639 collacionem...dlgue·

484 2656 567 2723 mini
579 2656 823 2737 confirmare...;
833 2675 902 2722 non
914 2658 1000 2722 obst.
1016 2654 1107 2742 quod
1117 2653 1137 2735 J
1140 2656 1293 2734 ohannes
1308 2659 1494 2726 cantoriam
1505 2657 1539 2723 in
1552 2658 1635 2725 eccl.
1648 2657 1682 2726 S.
1697 2656 1839 2733 Semnoi

486 2762 678 2849 supradicta
702 2769 737 2827 et
761 2760 960 2827 Lambertus
986 2758 1069 2826 eccl.
1089 2760 1245 2846 parroch.
1270 2759 1313 2828 de
1338 2759 1520 2842 Birtzburc,
1545 2758 1723 2829 Colonien.
1744 2760 1836 2843 dioc,

486 2875 671 2936 noscuntur
700 2866 862 2937 obtinere.
889 2903 932 2915 -
962 2862 1182 2931 Providemus
1211 2867 1384 2949 ambobus,
1414 2864 1632 2933 habilitamus
1658 2873 1694 2934 et
1718 2865 1839 2942 sturmus

485 2978 664 3059 perceptos
678 2970 880 3042 remittimus
892 2968 933 3044 R.

528 3075 609 3146 Dat.
624 3076 723 3150 Avia.
743 3096 779 3156 13
796 3074 862 3155 kal.
878 3081 963 3164 sept.
979 3080 1013 3141 a⁰
1029 3077 1071 3158 6⁰.
1088 3075 1160 3162 (14,
1176 3074 1222 3166 9).

538 3212 683 3294 1240.
1542 3246 1638 3316 1347,
1655 3249 1696 3296 er
1713 3234 1801 3298 norit

527 3331 615 3415 Sign.
632 3328 934 3396 S.V.Tbeoderlcus
948 3328 991 3395 de
1007 3328 1353 3415 Bardewiio,clerious,
1370 3339 1405 3398 et
1419 3322 1617 3419 procurator
1631 3332 1837 3420 Zeberti‚iilii

485 3433 657 3520 quondam
674 3433 763 3499 Petri
779 3433 822 3500 de
838 3433 992 3519 Ypeiare,
1009 3434 1121 3500 clerici
1131 3433 1291 3503 Leodlen.
1308 3434 1406 3518 dioc,
1423 3436 1514 3522 quod
1529 3436 1601 3523 ipse
1616 3435 1840 3505 Theodericus

484 3547 682 3625 perpetuam
704 3538 925 3623 capellaniam
940 3539 1053 3605 aitaris
1069 3538 1100 3606 S.
1119 3538 1154 3605 N
1156 3540 1266 3626 icolay
1282 3540 1335 3606 siti
1352 3540 1385 3606 in
1401 3542 1484 3607 eccl.
1503 3540 1580 3629 [de]
1599 3540 1796 3624 Bardewiic,
1810 3550 1859 3608 et·

485 3650 683 3727 procurator
698 3642 779 3708 dicti
795 3642 926 3708 Zeberti
943 3663 1018 3710 can.
1045 3652 1080 3709 et
1106 3646 1198 3730 preb.
1215 3645 1297 3711 eccl.
1315 3642 1446 3711 Montis
1463 3644 1530 3733 [S.]
1548 3643 1733 3728 (iertrudis,
1757 3646 1841 3714 dicta

485 3746 582 3827 dioc,
600 3767 683 3831 quos
699 3746 910 3827 obtinebant,
926 3747 1064 3812 nomine
1080 3749 1311 3836 procuratorio
1326 3749 1407 3815 dicti
1427 3748 1570 3831 Zeberti,
1586 3751 1700 3818 animo
1715 3771 1843 3841 permu-

485 3847 580 3914 tandi
597 3847 786 3934 hujusmodi
802 3849 978 3946 beneficia,
995 3851 1028 3916 in
1044 3853 1201 3920 manibus
1218 3852 1258 3920 R.
1274 3851 1311 3919 P.
1328 3852 1418 3920 dom.
1443 3854 1616 3922 camerarii
1643 3856 1747 3923 vestri
1770 3855 1843 3923 resi·

484 3961 639 4038 gnarunt,
663 3960 699 4017 et
725 3951 816 4038 quod
839 3953 910 4039 lpse
934 3956 1134 4023 camerarius
1149 3964 1237 4024 auct.
1253 3964 1365 4024 vestra
1389 3956 1579 4043 hujusmodl
1603 3957 1844 4045 resignationes

483 4057 611 4143 recepit
626 4064 662 4121 et
678 4055 813 4126 admisit
832 4076 840 4122 t
856 4077 958 4141 quare
974 4080 1070 4146 supp.
1095 4068 1186 4145 quat.
1203 4059 1417 4126 Theoderico
1431 4061 1585 4147 predicto
1599 4061 1642 4129 de
1657 4062 1759 4137 dictis
1773 4083 1843 4132 ean.

484 4167 519 4225 et
534 4162 626 4244 preb.
643 4159 690 4224 sic
701 4160 911 4241 vacantibus,
935 4170 970 4229 et
985 4164 1172 4249 capellania
1186 4163 1267 4232 dicti
1291 4163 1404 4231 altaris
1427 4165 1559 4252 prefato
1573 4165 1718 4235 Zeberto
1732 4168 1844 4256 digne·

484 4263 577 4343 mini,
598 4262 701 4327 etiarn
718 4284 759 4327 ex
775 4274 867 4329 certa
894 4266 1043 4348 seientia,
1071 4268 1257 4354 providere,
1273 4268 1424 4353 quolibet
1438 4268 1616 4337 detentore
1630 4280 1760 4356 amoto,
1775 4272 1845 4359 qui·

483 4366 597 4431 busvls
619 4367 897 4434 reservationibus
912 4375 983 4434 tarn
999 4372 1198 4455 specialibus
1222 4392 1324 4456 quam
1347 4372 1556 4456 generalibus
1570 4373 1673 4440 etiam
1689 4374 1733 4442 de
1748 4375 1845 4443 dictis

483 4469 655 4535 beneficiis
678 4470 783 4550 iactis,
807 4479 842 4535 et
865 4472 994 4538 duobus
1009 4474 1081 4541 aliis
1105 4475 1276 4542 beneficiis
1291 4476 1409 4542 eccles.
1426 4474 1528 4562 ipsius
1551 4476 1753 4547 Theoderici
1776 4500 1843 4547 nou

485 4575 617 4655 curatis,
645 4593 785 4658 quorum
811 4576 914 4640 annui
940 4576 1089 4645 redditus
1114 4581 1262 4648 valorem
1289 4601 1347 4646 sert
1370 4579 1581 4652 marcharum
1610 4584 1753 4668 argenti,
1778 4603 1843 4652 aec.

483 4679 695 4755 taxationem
704 4678 846 4760 decime,
863 4700 930 4746 nou
947 4681 1124 4749 excedunt.
1141 4724 1185 4732 -
1202 4683 1276 4750 Fiat
1291 4705 1354 4770 pro
1369 4692 1511 4768 utroque
1528 4683 1567 4751 R.

523 4784 602 4862 Dat.
617 4784 718 4863 rivin.
737 4804 773 4864 aa
791 4783 856 4867 lsai.
871 4793 957 4878 sept.
972 4793 1005 4864 a⁰
1023 4791 1064 4855 6⁰.
1080 4789 1154 4873 (14,
1173 4809 1211 4878 23
1230 4789 1255 4875 i.

535 4922 670 5004 1241.
1540 4955 1636 5025 1347,
1652 4960 1694 5006 π
1711 4947 1800 5008 notit.

525 5042 657 5142 Supp...
677 5041 811 5138 Daniel?
828 5040 930 5135 episc.
948 5040 1103 5135 ilerden,
1121 5051 1213 5144 quat.
1234 5043 1400 5134 [Gerardo
1427 5042 1600 5130 Godefridi
1616 5042 1659 5112 de
1674 5042 1838 5132 Boiheym

512 5200 779 5308 avenesteen.
794 5248 1406 5314 nan—amna.atinent-..amaea
1420 5248 1564 5318 maneta
