4650 6059
1018 753 1104 827 1346,
1129 753 1179 817 5-6
1201 754 1280 816 aunt.
1771 751 1834 816 267

462 948 473 970 -.
513 902 632 985 premissa
657 924 742 978 vac..
767 904 861 969 dicto
884 902 1032 981 Johanni
1058 903 1233 989 providere
1258 902 1300 967 de
1325 923 1425 967 novo.
1441 942 1484 950 —
1501 900 1577 965 Fiat
1593 901 1693 965 etiam
1716 901 1835 984 quovis

464 1065 466 1072 ἰ
513 1005 701 1073 nodos-acet.
721 1007 761 1072 R.

464 1171 469 1176 .
541 1107 600 1175 Dat.
612 1111 713 1175 Avin.
730 1132 810 1176 non.
827 1131 901 1195 aug.
919 1119 952 1174 a⁰
970 1119 1010 1193 5⁰.
1029 1113 1095 1190 (ll,
1117 1113 1208 1190 nol)

459 1277 466 1280 ”
545 1245 1790 1342 1038.1346,5noril.

459 1378 462 1384 “
537 1362 617 1449 Supp.
634 1363 802 1450 P[etrus],
823 1366 898 1428 abb.
915 1371 1060 1428 monast.
1080 1361 1119 1427 B.
1137 1361 1186 1428 M.
1203 1363 1244 1428 de
1262 1364 1399 1449 Capella
1424 1379 1444 1444 ¹,
1472 1362 1514 1428 0.
1531 1364 1562 1427 S.
1588 1361 1637 1443 B„
1667 1361 1834 1427 Morinen.

506 1464 575 1544 dioc..
595 1479 684 1551 quat.
709 1466 746 1531 fr.
766 1466 916 1531 Henrico
932 1467 974 1531 de
991 1466 1212 1550 Caninghem,
1229 1468 1401 1552 preposito
1416 1475 1450 1531 et
1467 1467 1636 1532 monacho
1659 1465 1739 1530 dicti
1763 1486 1834 1528 mo-

506 1571 617 1651 austerii,
627 1572 728 1655 dign,
739 1592 834 1657 pers,
849 1572 915 1650 off„
929 1592 986 1636 seu
1003 1569 1183 1650 adnrinist„
1200 1592 1229 1636 c.
1246 1594 1274 1637 c.
1297 1572 1349 1635 vel
1360 1595 1385 1637 s.
1397 1593 1436 1652 c,
1447 1578 1552 1656 spect.
1569 1571 1612 1635 ad
1628 1571 1734 1635 coll...
1753 1569 1833 1634 dicti

505 1674 557 1736 abb.
564 1682 594 1738 et
606 1694 702 1739 conv.
716 1675 875 1758 ejusdem,
891 1673 980 1759 [vac.
993 1675 1045 1737 uel
1057 1672 1184 1759 vacat]
1202 1674 1442 1739 conserendum
1457 1674 1638 1759 dignemini
1656 1694 1834 1750 reservare,

505 1795 552 1839 non
565 1779 644 1842 obst.
660 1778 870 1862 prepositura
886 1799 987 1861 quam
1005 1778 1037 1841 in
1064 1777 1184 1842 eodem
1204 1778 1408 1843 monasterio
1432 1779 1581 1843 noscitur
1606 1778 1767 1843 obtinere.
1793 1818 1836 1825 —

505 1874 559 1942 Fiat
571 1900 671 1963 usque
688 1880 732 1944 ad
747 1902 911 1945 summam
933 1902 991 1945 120
1007 1881 1078 1946 libr.
1097 1878 1136 1943 R.

534 1980 597 2048 Dat.
611 1983 711 2048 Avia.
727 2006 807 2049 non.
824 2006 896 2069 aug.
914 1992 947 2049 a⁰
965 1993 1006 2067 5⁰.
1023 1986 1089 2066 (ll,
1111 1992 1211 2069 123‘').

542 2120 672 2204 1039.
1556 2160 1573 2202 1
1576 2098 1650 2221 jad,
1667 2137 1687 2201 ό
1703 2142 1790 2201 ararit.

535 2236 608 2321 Sign.
633 2237 812 2303 Marselius
835 2239 964 2303 ,llberti
981 2239 1023 2303 de
1038 2238 1278 2305 Woudriclrem
1294 2258 1315 2320 ²,
1332 2242 1410 2306 cler.
1426 2240 1615 2326 Trajecten.
1630 2242 1728 2319 dioc,
1744 2239 1835 2324 quod

503 2359 584 2424 nuper
607 2363 680 2408 vac.
696 2343 851 2427 parrocb.
867 2345 948 2408 eccl.
972 2343 1014 2408 de
1030 2342 1148 2423 Welle,
1164 2345 1254 2409 dicte
1270 2344 1367 2424 dioc„
1383 2366 1443 2429 per
1458 2348 1512 2410 ob.
1528 2346 1698 2428 quondam
1714 2343 1732 2421 J
1737 2343 1833 2409 acobi

466 2513 468 2518 ,
501 2441 741 2525 dellontforde,
765 2446 872 2511 ultimi
896 2449 1034 2512 rectoris
1057 2449 1215 2532 ejusdem,
1239 2449 1410 2532 quondam
1429 2451 1621 2515 Alexander
1636 2450 1678 2515 de
1695 2449 1834 2533 lnglren,

503 2547 559 2612 cler.
582 2550 728 2633 ejusdem
754 2548 782 2613 T
784 2551 942 2634 rajecten.
966 2552 1063 2631 dioc„
1080 2553 1223 2618 eandem
1240 2554 1390 2637 parrocb.
1407 2554 1488 2618 eccl.
1505 2554 1546 2619 de
1566 2553 1682 2633 Welle,
1700 2553 1746 2617 sic
1763 2572 1835 2616 vac.

502 2670 545 2733 per
556 2656 603 2717 ob.
618 2653 700 2718 dicti
717 2653 888 2737 quondam
905 2653 1033 2735 Jacobi,
1047 2666 1105 2720 aut
1121 2657 1204 2720 alias
1220 2655 1535 2739 quomodocumque
1551 2664 1586 2720 et
1601 2657 1835 2739 qualitercum-

467 2759 469 2764 '
501 2774 556 2836 que,
570 2757 714 2842 legitime
738 2759 967 2842 acceptaverit
990 2768 1025 2823 et
1048 2759 1107 2822 sibi
1133 2759 1249 2824 lecerit
1272 2760 1438 2844 provideri
1455 2759 1497 2824 de
1510 2760 1639 2840 eadem,
1650 2760 1773 2823 virtute
1789 2778 1836 2841 gr.

500 2868 584 2941 apost.
599 2862 658 2926 sibi
676 2862 765 2926 facte
782 2862 816 2925 in
833 2864 1003 2928 communi
1022 2863 1128 2929 forma
1145 2885 1328 2950 pauperum
1345 2886 1404 2949 per
1420 2866 1451 2929 S.
1468 2864 1507 2929 V.
1523 2865 1565 2929 de
1581 2868 1657 2928 ben.
1671 2864 1751 2928 eccl.
1765 2884 1793 2927 c.
1807 2884 1835 2926 c.

500 2963 539 3046 rel
547 2984 568 3028 s.
577 2985 613 3040 c,
624 2973 730 3050 spect.
741 2965 783 3030 ad
793 2966 891 3031 coll...
904 2966 1043 3032 rectoris
1053 2967 1267 3032 ecclesiarum
1280 2968 1323 3032 de
1333 2967 1463 3032 Orthen
1477 2968 1565 3033 etde
1578 2966 1782 3057 Buscoducis
1793 2965 1838 3029 ad

499 3063 618 3132 inlicem
641 3068 914 3153 dependentium,
931 3069 1091 3135 Leodien.
1108 3071 1195 3136 dioc.
1210 3094 1218 3150 ;
1236 3071 1287 3136 cui
1304 3071 1439 3155 quidem
1455 3071 1647 3135 Alexandro
1663 3091 1703 3135 ac
1719 3069 1834 3153 gratie,

498 3173 700 3255 acceptationi
727 3181 761 3237 et
785 3174 967 3258 provisioni
990 3176 1148 3259 predictis
1164 3175 1338 3252 Jolrannes
1354 3175 1462 3239 dictus
1480 3175 1575 3255 L0se,
1593 3178 1700 3259 presb.
1717 3195 1836 3259 preno-

499 3273 600 3339 minate
618 3277 704 3340 dioc.
722 3276 891 3354 Leodien„
909 3299 943 3341 se
960 3300 1144 3362 opponens,
1162 3288 1317 3363 pretextu
1334 3279 1503 3362 cupisdam
1522 3278 1636 3342 frivole
1647 3278 1837 3343 collationis

497 3376 552 3455 sibi,
568 3388 600 3444 ut
616 3381 747 3459 dicitur,
765 3380 853 3444 lacte
870 3381 911 3444 de
927 3382 1057 3456 eadem,
1075 3404 1110 3445 se
1124 3383 1156 3445 in
1171 3382 1297 3446 dictam
1311 3383 1392 3446 eccl.
1405 3382 1535 3445 intrusit
1548 3391 1581 3447 et
1594 3382 1836 3467 possessionem

497 3480 622 3560 ejusdem
649 3483 795 3547 indebite
816 3485 1003 3568 occupavit,
1026 3496 1124 3569 prout
1152 3486 1261 3549 adbuc
1286 3486 1415 3549 detinet
1433 3496 1642 3570 occupatam,
1671 3487 1835 3549 fructus..

497 3587 663 3671 percipiens
688 3609 728 3650 ex
754 3588 881 3668 eadem,
904 3597 938 3651 et
959 3599 1095 3672 propter
1111 3591 1271 3673 premissa
1289 3600 1322 3652 et
1339 3610 1453 3652 eorum
1471 3591 1648 3654 occasione
1666 3590 1835 3654 adsedem

497 3701 582 3771 apost.
610 3692 805 3776 appellavit,
842 3693 887 3756 ita
913 3694 1002 3775 quod
1029 3694 1171 3757 finaliter
1196 3716 1294 3758 causa
1323 3694 1521 3778 hujusmodi,
1548 3716 1607 3778 per
1633 3695 1834 3779 presentiam

496 3790 559 3858 dicti
580 3794 763 3859 Alexandri
778 3804 811 3860 et
828 3798 1052 3881 procuratoris
1077 3798 1155 3862 dicti
1182 3797 1356 3877 Jonannis,
1373 3799 1415 3862 ad
1432 3798 1571 3862 eandem
1589 3799 1699 3861 sedem
1730 3809 1836 3879 apost.

496 3899 587 3963 extitit
604 3899 806 3977 introducta,
817 3901 1033 3985 tenninisque
1058 3902 1268 3981 singulariter
1284 3903 1418 3984 singulis
1429 3923 1467 3965 ac
1479 3903 1599 3966 debitis
1612 3911 1645 3964 et
1660 3900 1836 3971 canisuetis

459 4077 460 4090 χ
495 4009 549 4066 tam
573 4025 686 4069 corani
712 4003 857 4068 dominis
880 4006 1064 4089 Aymerico
1092 4005 1247 4088 Hugonis
1264 4027 1364 4089 quam
1381 4007 1563 4090 Aymerico
1579 4004 1720 4078 Calreti,
1737 4003 1836 4066 uestri

495 4107 560 4170 sacri
590 4108 707 4192 palatii
740 4117 845 4192 apost.
877 4128 1052 4172 causarum
1084 4119 1117 4172 et
1149 4109 1239 4173 dicte
1271 4130 1370 4173 cause
1401 4109 1615 4188 atulitoribus,
1654 4106 1838 4171 successive

459 4200 460 4286 J
494 4212 624 4289 anatis,
643 4211 727 4274 citra
744 4219 858 4274 tamen
876 4212 1051 4295 positionis
1069 4233 1166 4276 cause
1185 4213 1216 4275 in
1234 4213 1451 4277 relationibus
1467 4233 1564 4296 super
1580 4211 1782 4296 pertinentia
1805 4219 1839 4273 et

493 4312 727 4399 impertinentia
748 4316 962 4380 articulorum
979 4317 1020 4381 acl
1037 4317 1236 4401 petitionem
1254 4318 1334 4382 dicti
1351 4316 1526 4393 Joliannis,
1545 4316 1631 4379 idem
1649 4314 1839 4377 Alexander

492 4414 513 4479 in
525 4420 584 4483 cir.
595 4419 894 4503 Carpentoratensi
908 4420 996 4483 diem
1010 4421 1078 4484 uite
1095 4443 1152 4485 sue
1170 4422 1289 4485 clausit
1306 4435 1502 4484 extremum.
1516 4420 1626 4502 Quare
1640 4440 1733 4503 supp.
1751 4419 1837 4481 idem

491 4517 666 4600 llarseliuS,
684 4532 774 4605 quat.
793 4523 899 4607 ipsum
916 4524 958 4587 ad
975 4546 1074 4588 omne
1086 4526 1139 4609 jus
1156 4536 1190 4588 et
1208 4525 1240 4588 in
1257 4526 1347 4590 omni
1362 4525 1434 4608 jure
1451 4524 1540 4607 quod
1560 4524 1619 4607 ipsi
1637 4521 1837 4589 Alexandro.

486 4625 554 4690 dum
572 4637 687 4711 ageret
706 4628 736 4689 in
755 4627 920 4704 humanis,
940 4630 972 4691 in
989 4629 1080 4693 dicta
1096 4631 1247 4713 parroclr.
1265 4632 1345 4694 eccl.
1365 4629 1580 4712 competebat
1594 4637 1627 4690 et
1647 4634 1837 4708 cmnpetere

484 4743 621 4815 poterat,
638 4732 821 4815 dignemini
850 4735 1040 4813 subrogare,
1068 4743 1101 4796 et
1123 4733 1164 4796 de
1179 4733 1250 4818 ipso
1275 4733 1377 4795 ctiam
1402 4731 1586 4816 providere,
1604 4738 1639 4793 ut
1657 4729 1687 4790 in
1709 4729 1837 4804 l'or1na3

482 4858 542 4900 non
561 4840 646 4901 obst.
665 4857 875 4919 quacumque
890 4837 958 4899 litis
974 4836 1200 4920 dependentia
1218 4845 1310 4900 mota
1335 4834 1527 4898 Alexandro
1540 4833 1690 4917 predicto
1703 4832 1838 4915 premis-

512 5055 530 5098 l.
547 5052 629 5097 l'icnc
642 5057 746 5096 mourut
758 5060 834 5096 aram
850 5049 872 5097 le
887 5053 914 5096 li
929 5066 985 5096 nor.
1000 5053 1067 5097 lum
1081 5051 1141 5096 «late
1153 5050 1184 5096 uo
1197 5051 1221 5095 la
1232 5051 1389 5096 norninatioo
1401 5050 1432 5096 dc
1446 5049 1562 5110 Philipp:
1573 5047 1603 5094 dc
1618 5047 1742 5094 (fomlam.
1758 5048 1839 5090 inulae

478 5127 507 5169 «lc
524 5124 659 5172 Molesmes
681 5122 757 5183 (loq.
778 5125 853 5169 arra.
867 5126 903 5172 ⁸7.
919 5124 935 5169 t'.
957 5124 1064 5169 bivul.
1087 5123 1202 5170 laelii-n.
1229 5124 1442 5182 lipomanum„
1457 5137 1480 5169 n.
1496 5123 1553 5181 ma)
1571 5139 1575 5168 :
1598 5122 1619 5167 lc
1641 5122 1670 5165 2?
1688 5119 1751 5164 avril
1770 5121 1838 5174 litttt.

480 5198 596 5259 l'lrilippc
608 5197 647 5243 fut
662 5196 790 5243 nouanda
804 5196 1058 5243 l'eriaecla‘r‹l't‘lrlcans
1071 5198 1174 5256 (babel.
1193 5198 1209 5254 Ι,
1225 5198 1290 5242 l'l'u.
1305 5225 1334 5231 -
1348 5201 1369 5242 2.
1385 5196 1465 5251 ltrom,
1480 5210 1504 5243 n.
1519 5197 1588 5242 11⁸7.
