4650 6059
869 782 955 857 1845,
979 781 1072 849 28-30
1093 783 1269 862 septembre.
1712 784 1769 851 231

465 934 572 1020 920·
977 1014 982 1022 ,
1365 965 1459 1031 1545,
1477 948 1519 1011 28
1534 948 1723 1034 septembre.

456 1052 600 1140 Exponit
615 1052 647 1119 S.
661 1051 701 1118 V.
717 1049 893 1131 Gerardus,
910 1050 1000 1117 dom.
1013 1050 1056 1116 de
1069 1049 1309 1136 Rassenghien,
1320 1050 1425 1131 miles,
1439 1049 1658 1118 Cameracen.
1670 1052 1769 1133 dioc.,

419 1157 498 1243 quod
518 1158 591 1243 ipse
613 1165 649 1223 et
673 1156 845 1237 Yolendis,
875 1157 1046 1241 quondam
1077 1156 1168 1223 dom.
1198 1155 1362 1221 Arnouldi
1383 1156 1425 1222 de
1457 1154 1614 1223 Herimes
1630 1167 1638 1192 ¹
1654 1158 1770 1225 relicta

419 1261 517 1342 vidua,
532 1261 729 1346 ignorantes
743 1281 816 1327 esse
832 1260 967 1345 aliquod
976 1258 1150 1327 affinitatis
1163 1260 1335 1326 vinculum
1346 1260 1432 1325 inter
1444 1281 1511 1343 eos,
1517 1262 1767 1330 matrimonium

419 1366 446 1431 in
461 1366 541 1432 facie
555 1365 709 1444 ecclesie,
725 1364 844 1431 bannis
859 1363 957 1430 editis
972 1373 1007 1430 et
1022 1364 1157 1429 nemine
1184 1386 1219 1430 se
1244 1373 1448 1450 opponente,
1465 1366 1610 1433 invicem
1636 1377 1769 1433 contra-

419 1479 526 1537 xerunt
548 1479 584 1535 et
608 1471 739 1556 prolem
764 1478 991 1555 susceperunt.
1008 1468 1131 1535 Verum
1163 1489 1240 1534 cum
1267 1469 1309 1535 de
1336 1490 1427 1535 novo
1442 1472 1484 1536 ab
1499 1470 1673 1556 aliquibus,
1697 1492 1767 1538 non

374 1583 376 1588 '
418 1584 519 1641 tamen
534 1575 674 1640 tinniter
689 1582 747 1639 aut
762 1573 805 1640 de
821 1582 912 1640 certa
942 1572 1082 1638 scientia
1097 1574 1311 1657 loquentibus
1337 1573 1396 1640 sed
1411 1574 1516 1658 magis
1541 1575 1766 1660 opinantibus

419 1680 537 1765 prelato
564 1680 664 1744 militi
695 1678 822 1745 dictum
853 1677 951 1743 fuerit
978 1676 1069 1763 quod
1111 1676 1221 1743 dictus
1261 1677 1432 1762 quondam
1470 1678 1610 1743 maritus
1638 1679 1766 1764 prefate

420 1782 566 1851 Yolendis
593 1794 665 1850 erat
692 1783 753 1871 ipsi
778 1782 875 1847 militi
904 1782 937 1846 in
953 1790 1075 1867 quarto
1100 1781 1401 1866 consanguinitatis
1425 1781 1529 1866 gradu
1544 1783 1742 1868 conjunctus
1754 1770 1765 1863 ⁴;

422 1908 501 1974 supp.
517 1887 606 1953 idem
619 1888 715 1953 miles
731 1894 834 1971 quat,
851 1886 895 1953 ad
909 1885 1133 1952 serenandam
1150 1887 1220 1971 ejus
1236 1886 1479 1952 conscientiam
1502 1896 1537 1952 et
1552 1906 1613 1972 pro
1634 1877 1766 1953 cautela

423 1992 507 2077 prolis
521 2013 562 2057 ex
578 1991 672 2060 dicto
687 1990 905 2056 matrimonio
921 1998 1076 2076 suscepte
1091 1999 1126 2055 et
1150 1989 1372 2075 suscipiende,
1388 1989 1571 2076 dignemini
1588 2011 1685 2077 super
1700 1992 1766 2058 boc

425 2093 608 2181 dispensare,
624 2095 750 2161 dictam
766 2096 894 2180 prolem
910 2102 1102 2178 susceptam
1127 2100 1161 2158 et
1186 2092 1431 2178 suscipiendam
1456 2094 1639 2179 legitimam
1655 2095 1768 2162 decer·

364 2243 374 2250 -
426 2211 595 2267 nentes-
613 2199 690 2265 Fiat
707 2198 747 2264 R.

366 2347 371 2352 -
458 2303 528 2370 Dat.
544 2326 599 2391 ap.
617 2303 866 2370 villamnovam
883 2327 902 2388 4
919 2304 984 2369 kal
1001 2310 1068 2369 oct.
1083 2312 1116 2368 a⁰
1132 2312 1176 2387 4⁰.
1194 2304 1244 2387 (8,
1263 2302 1330 2385 27).

463 2442 565 2526 921.
1373 2473 1468 2539 1345,
1476 2474 1521 2538 50
1536 2458 1725 2543 septembre.

364 2555 377 2642 1
456 2560 506 2625 gn,
520 2562 553 2626 in
570 2560 707 2626 Christo
721 2561 808 2647 patri
825 2581 865 2626 ac
881 2560 982 2641 dom,
994 2560 1085 2625 dom.
1099 2558 1278 2640 Clementi,
1294 2558 1410 2624 divina
1432 2560 1643 2644 providentia
1659 2582 1769 2628 sacro·

424 2676 521 2731 sancte
538 2665 695 2731 Romane
712 2686 752 2731 ac
768 2665 963 2732 universalis
980 2664 1121 2731 ecclesie
1137 2684 1270 2729 summo
1292 2664 1455 2750 pontifici,
1473 2666 1572 2730 vestri
1597 2665 1711 2732 devoti
1736 2677 1770 2733 et

363 2765 376 2850 ζ,
423 2766 547 2835 humiles
574 2779 755 2835 oratores...
781 2770 929 2835 decanus
954 2777 988 2834 et
1016 2768 1199 2853 capitulum
1224 2770 1307 2834 eccl.
1335 2768 1366 2834 S.
1383 2767 1542 2834 Germani
1569 2768 1769 2854 Montensis,

363 2865 376 2945 f]
423 2869 625 2940 Cameracen.
641 2873 739 2954 dioc.,
757 2894 833 2939 cum
860 2873 974 2939 debita
1001 2871 1345 2953 recommendatione,
1361 2872 1485 2939 devota
1510 2874 1633 2959 pedum
1658 2878 1771 2943 oscula

363 2966 376 2976 '¹
422 2976 594 3044 beatorum.
1581 3052 1583 3055 ,
1656 2997 1657 3001 ’

364 3071 369 3077 ’
452 3081 548 3148 Pater
560 3083 617 3147 ΒΜ·
632 3103 672 3147 ac
684 3082 831 3167 piissime
843 3081 996 3147 Domine.
1009 3080 1094 3146 Cum
1105 3082 1353 3167 promotionem
1364 3080 1476 3147 dilecti
1490 3084 1593 3148 nostri
1604 3083 1623 3162 J
1627 3085 1770 3153 ohannis

417 3183 447 3249 de
463 3187 603 3251 Sauseto
619 3197 639 3266 ²,
656 3187 793 3251 rectoris
809 3187 960 3272 parroclr.
976 3188 1059 3251 eccl.
1084 3185 1124 3250 (10
1151 3185 1306 3265 Lessinis,
1322 3185 1411 3250 dicte
1435 3185 1531 3265 dioc.,
1548 3200 1683 3273 propter
1699 3191 1768 3274 ejus

415 3290 612 3354 benemerita
627 3289 833 3370 affectemus
851 3298 885 3354 et
902 3290 979 3374 quia
996 3289 1064 3353 rite
1080 3288 1255 3353 laudabilis
1286 3297 1320 3353 et
1348 3289 1488 3355 honeste
1504 3295 1768 3359 conversationis

411 3396 516 3459 existit
529 3403 564 3458 et
580 3396 724 3458 multum
738 3396 770 3458 in
784 3396 928 3479 negotiis
946 3395 1035 3459 dicte
1057 3396 1139 3459 eccl.
1152 3395 1276 3479 poterit
1299 3394 1440 3459 fideliter
1461 3398 1627 3481 prodesse,
1644 3400 1766 3465 devote

410 3496 443 3562 l'.
455 3500 485 3563 S.
504 3506 721 3577 recurrentes
738 3499 973 3583 supplicamus,
990 3507 1080 3583 quat.
1098 3499 1126 3562 ei
1144 3497 1186 3561 de
1204 3519 1276 3563 can.
1289 3507 1323 3562 et
1334 3502 1425 3583 preb.
1439 3500 1528 3566 dicte
1545 3505 1625 3568 eccl.
1643 3504 1766 3569 8130(-

407 3602 505 3679 mani,
522 3602 549 3667 si
566 3610 666 3666 vacat
683 3603 736 3666 vel
753 3624 830 3668 cunr
846 3603 1028 3681 vacaverit,
1045 3602 1220 3687 providere
1247 3601 1428 3685 dignemini
1446 3628 1453 3682 ;
1482 3627 1549 3670 000
1575 3610 1660 3673 obst.
1677 3610 1766 3692 quod

405 3707 531 3771 dictam
549 3706 701 3791 parroclr.
718 3708 799 3771 eccl.
817 3716 850 3772 et
870 3708 934 3771 alia
951 3706 1115 3770 beneficia
1131 3706 1263 3770 obtinet
1280 3715 1314 3770 et
1330 3718 1487 3792 expectat
1515 3711 1547 3774 in
1566 3714 1765 3778 cancellaria

404 3820 516 3875 restra
532 3809 742 3876 declaranda.
760 3809 878 3875 Valeat
904 3810 943 3875 V.
961 3812 991 3876 S.
1009 3811 1042 3874 in
1068 3810 1378 3893 augmentationem
1404 3814 1543 3878 ecclesie
1570 3837 1627 3879 sue
1652 3826 1765 3881 sancte

404 3936 462 4000 per
478 3926 634 4000 tempora
650 3914 811 3999 longiora.
828 3956 870 3963 —
887 3914 962 3980 Fiat
980 3915 1018 3979 R.

447 4019 529 4083 Dat.
546 4039 598 4104 ap.
615 4018 863 4083 Villamnovarn
882 4041 898 4083 2
917 4019 981 4085 kal.
999 4029 1065 4084 oct.
1083 4029 1116 4083 a⁰
1132 4029 1175 4103 4⁰.
1193 4021 1243 4102 (8,
1263 4040 1278 4083 2
1284 4027 1345 4104 31).

455 4155 570 4240 922.
1364 4191 1424 4254 134
1428 4192 1458 4252 5,
1473 4193 1517 4256 jo
1533 4176 1721 4259 sipleirrbre.

447 4275 550 4358 Supp.
567 4272 725 4350 johanna
740 4272 782 4336 de
801 4270 932 4335 Valesio
948 4281 967 4350 ³,
984 4270 1109 4336 dudum
1126 4272 1295 4337 comitissa
1310 4272 1503 4358 Haynonie,
1517 4285 1606 4360 quat.
1617 4279 1767 4362 personis

404 4377 633 4461 infrascriptis,
649 4374 831 4459 dignemini
850 4374 1018 4457 indulgere
1034 4374 1119 4459 [ind.
1137 4376 1377 4461 inart.1nort.]
1401 4397 1407 4441 :
1426 4376 1581 4443 Ysabelle
1596 4381 1637 4445 de
1656 4381 1767 4447 Prices

408 4481 575 4545 abbatisse
591 4492 611 4559 ⁴,
630 4478 737 4544 Marie
753 4478 795 4543 de
811 4478 842 4542 S.
868 4477 1003 4543 Gilleno
1030 4500 1069 4543 ac
1098 4477 1205 4543 Marie
1230 4480 1318 4545 dicte
1343 4480 1386 4545 du
1413 4481 1552 4562 Treeclr,
1570 4486 1768 4551 monialibus

405 4585 598 4650 monasterii
615 4583 656 4648 de
675 4582 891 4660 Fontenellis,
909 4581 1104 4647 Cistercien.
1116 4584 1197 4663 ord,
1209 4583 1398 4648 Christiane
1411 4585 1452 4650 de
1467 4587 1545 4664 Ros,
1562 4588 1707 4665 Jolramri
1725 4591 1766 4655 de

406 4689 516 4754 'lhuin
531 4697 550 4767 ⁵,
561 4691 681 4774 presb,
698 4696 731 4751 et
749 4686 960 4751 'l'lreodorico
976 4687 1018 4752 (10
1035 4688 1238 4772 Sunnnaing,
1256 4688 1470 4756 Cameraceu.
1484 4690 1569 4756 dioc.
1582 4734 1624 4740 -
1638 4691 1711 4758 Fiat
1728 4694 1766 4757 R·

449 4793 530 4858 Dat.
547 4814 601 4878 ap.
619 4791 868 4856 Villamnovam
887 4812 902 4854 2
922 4791 987 4855 kal.
1005 4800 1071 4856 oct.
1089 4800 1121 4856 a⁰
1138 4800 1181 4876 4⁰.
1199 4795 1249 4876 (8,
1268 4813 1284 4856 2
1289 4799 1350 4876 3‘).

440 4961 461 5005 l.
475 4945 595 5013 lirimetz,
611 4955 738 5006 Herimch
750 4972 783 5003 00
799 4955 919 5013 11010010,
930 4956 1095 5019 (100οι010000
1104 4960 1135 5005 (10
1151 4960 1297 5019 llrngulcltc
1306 4960 1446 5020 (1101μί000.
1459 4962 1594 5021 Haiuuul).
1605 4963 1653 5009 Sur
1662 4964 1768 5022 Arrioul,

411 5035 461 5077 roir
475 5031 607 5086 bevillers,
623 5032 691 5077 (am
703 5028 746 5076 (10(
762 5030 855 5078 tamna
867 5030 897 5076 (1(Ι
913 5030 1038 5090 iluimus,
1053 5033 1094 5084 l'l,
1109 5036 1164 5080 2511,
1177 5061 1207 5066 κ
1221 5036 1243 5079 2.
1261 5033 1323 5079 1000
1338 5034 1439 5080 surse<
1451 5050 1455 5084 :
1468 5036 1500 5081 01.
1517 5036 1644 5084 llevilleis.
1663 5036 1767 5091 (brial,

412 5105 442 5153 ll.
458 5106 509 5162 181,
523 5107 579 5151 253.
588 5131 621 5138 --
633 5106 655 5151 3.
670 5103 730 5150 Voir
742 5119 766 5151 u.
779 5106 834 5150 572.
847 5106 912 5150 -1,
927 5104 1033 5150 lsabellc
1045 5105 1076 5151 (10
1092 5106 1185 5162 l'riehe,
1198 5106 1303 5153 abbcssc
1314 5106 1346 5152 (10
1359 5107 1525 5157 h'outencllcs
1539 5110 1651 5168 ululiqua
1663 5124 1693 5156 eu
1709 5111 1769 5154 late

413 5177 494 5236 (oute.
506 5178 602 5234 chria,
617 5177 667 5234 lll,
681 5178 894 5238 181).-.”ι..1000
907 5177 939 5223 (10
951 5178 1042 5235 l'huiu,
1055 5178 1190 5239 chapclain
1202 5179 1237 5225 (10
1250 5180 1357 5226 clrirtcau
1367 5180 1403 5226 (10
1413 5182 1537 5241 Quesuoy,
1552 5184 1607 5242 puis
1617 5182 1677 5228 cure
1686 5182 1717 5227 (10
1728 5182 1771 5228 Ste

417 5248 542 5299 Elisabeth
553 5266 589 5299 au
601 5249 743 5311 beguinage
754 5250 786 5298 de
797 5251 982 5299 l'aleucieuues
994 5251 1140 5313 (Devillcrs,
1158 5253 1226 5301 (101.
1244 5251 1286 5299 (10(
1301 5255 1313 5300 l
1319 5254 1393 5299 0010(
1405 5253 1435 5300 de
1447 5254 1575 5313 Habeant,
1586 5255 1631 5313 l'l,
1645 5256 1774 5315 ass-all).
