<?xml version="1.0" encoding="UTF-8"?>
<!DOCTYPE html PUBLIC "-//W3C//DTD XHTML 1.0 Transitional//EN"
    "http://www.w3.org/TR/xhtml1/DTD/xhtml1-transitional.dtd">
<html xmlns="http://www.w3.org/1999/xhtml" xml:lang="en" lang="en">
 <head>
  <title>
</title>
<meta http-equiv="Content-Type" content="text/html;charset=utf-8" />
  <meta name='ocr-system' content='tesseract 3.04.00' />
  <meta name='ocr-capabilities' content='ocr_page ocr_carea ocr_par ocr_line ocrx_word'/>
</head>
<body>
  <div class='ocr_page' id='page_1' title='image "./suppliquesdeclm00goog_0482.png"; bbox 0 0 4650 6059; ppageno 0'>
   <div class='ocr_carea' id='block_1_1' title="bbox 896 790 1725 866">
    <p class='ocr_par' dir='ltr' id='par_1_1' title="bbox 896 790 1725 866">
     <span class='ocr_line' id='line_1_1' title="bbox 896 790 1725 866; baseline 0.004 -9"><span class='ocrx_word' id='word_1_1' title='bbox 896 791 984 866; x_wconf 80' lang='lat'>1349,</span> <span class='ocrx_word' id='word_1_2' title='bbox 1007 791 1096 856; x_wconf 82' lang='lat'>20-21</span> <span class='ocrx_word' id='word_1_3' title='bbox 1120 790 1190 855; x_wconf 84' lang='lat' dir='ltr'>mai.</span> <span class='ocrx_word' id='word_1_4' title='bbox 1655 794 1725 860; x_wconf 76' lang='lat'>-427</span> 
     </span>
    </p>
   </div>
   <div class='ocr_carea' id='block_1_2' title="bbox 462 943 1724 1445">
    <p class='ocr_par' dir='ltr' id='par_1_2' title="bbox 462 943 1724 1341">
     <span class='ocr_line' id='line_1_2' title="bbox 471 943 1723 1035; baseline 0.002 -25"><span class='ocrx_word' id='word_1_5' title='bbox 471 944 541 1010; x_wconf 92' lang='lat' dir='ltr'>XII</span> <span class='ocrx_word' id='word_1_6' title='bbox 558 948 651 1032; x_wconf 84' lang='lat' dir='ltr'><strong>preb.</strong></span> <span class='ocrx_word' id='word_1_7' title='bbox 669 946 702 1009; x_wconf 92' lang='lat' dir='ltr'>in</span> <span class='ocrx_word' id='word_1_8' title='bbox 718 946 801 1012; x_wconf 92' lang='lat' dir='ltr'>eccl.</span> <span class='ocrx_word' id='word_1_9' title='bbox 819 943 986 1011; x_wconf 88' lang='lat' dir='ltr'>Morinen.</span> <span class='ocrx_word' id='word_1_10' title='bbox 1003 954 1038 1011; x_wconf 90' lang='lat' dir='ltr'>et</span> <span class='ocrx_word' id='word_1_11' title='bbox 1053 945 1097 1011; x_wconf 91' lang='lat' dir='ltr'>ad</span> <span class='ocrx_word' id='word_1_12' title='bbox 1118 946 1194 1011; x_wconf 90' lang='lat' dir='ltr'>coll.</span> <span class='ocrx_word' id='word_1_13' title='bbox 1210 945 1340 1027; x_wconf 87' lang='lat' dir='ltr'>decani,</span> <span class='ocrx_word' id='word_1_14' title='bbox 1356 947 1518 1033; x_wconf 87' lang='lat' dir='ltr'><strong>prepositi</strong></span> <span class='ocrx_word' id='word_1_15' title='bbox 1535 955 1571 1013; x_wconf 91' lang='lat' dir='ltr'>et</span> <span class='ocrx_word' id='word_1_16' title='bbox 1586 948 1723 1035; x_wconf 91' lang='lat' dir='ltr'>capituli</span> 
     </span>
     <span class='ocr_line' id='line_1_3' title="bbox 462 1047 1723 1136; baseline 0.003 -22"><span class='ocrx_word' id='word_1_17' title='bbox 462 1050 503 1115; x_wconf 72' lang='lat' dir='ltr'>sie</span> <span class='ocrx_word' id='word_1_18' title='bbox 519 1050 550 1115; x_wconf 91' lang='lat' dir='ltr'>S.</span> <span class='ocrx_word' id='word_1_19' title='bbox 566 1049 749 1115; x_wconf 89' lang='lat' dir='ltr'>Donatiani</span> <span class='ocrx_word' id='word_1_20' title='bbox 765 1048 808 1114; x_wconf 92' lang='lat' dir='ltr'>de</span> <span class='ocrx_word' id='word_1_21' title='bbox 823 1047 951 1133; x_wconf 90' lang='lat' dir='ltr'>Brugis,</span> <span class='ocrx_word' id='word_1_22' title='bbox 967 1048 1155 1115; x_wconf 89' lang='lat' dir='ltr'>Tomacen.</span> <span class='ocrx_word' id='word_1_23' title='bbox 1171 1048 1269 1131; x_wconf 77' lang='lat' dir='ltr'>dioc,</span> <span class='ocrx_word' id='word_1_24' title='bbox 1290 1048 1349 1115; x_wconf 89' lang='lat' dir='ltr'>diu</span> <span class='ocrx_word' id='word_1_25' title='bbox 1371 1051 1575 1136; x_wconf 83' lang='lat' dir='ltr'>expectavit,</span> <span class='ocrx_word' id='word_1_26' title='bbox 1591 1051 1634 1117; x_wconf 92' lang='lat' dir='ltr'>de</span> <span class='ocrx_word' id='word_1_27' title='bbox 1650 1072 1723 1118; x_wconf 89' lang='lat' dir='ltr'>can.</span> 
     </span>
     <span class='ocr_line' id='line_1_4' title="bbox 462 1150 1724 1237; baseline 0.002 -20"><span class='ocrx_word' id='word_1_28' title='bbox 462 1159 501 1221; x_wconf 71' lang='lat' dir='ltr'>eb.</span> <span class='ocrx_word' id='word_1_29' title='bbox 514 1156 596 1221; x_wconf 90' lang='lat' dir='ltr'>eccl.</span> <span class='ocrx_word' id='word_1_30' title='bbox 610 1154 817 1231; x_wconf 77' lang='lat' dir='ltr'>Laudunen,</span> <span class='ocrx_word' id='word_1_31' title='bbox 830 1152 907 1216; x_wconf 93' lang='lat' dir='ltr'>loco</span> <span class='ocrx_word' id='word_1_32' title='bbox 922 1151 1169 1237; x_wconf 85' lang='lat' dir='ltr'>expectationis</span> <span class='ocrx_word' id='word_1_33' title='bbox 1184 1151 1218 1216; x_wconf 91' lang='lat' dir='ltr'>in</span> <span class='ocrx_word' id='word_1_34' title='bbox 1235 1154 1317 1219; x_wconf 92' lang='lat' dir='ltr'>eccl.</span> <span class='ocrx_word' id='word_1_35' title='bbox 1334 1150 1513 1235; x_wconf 76' lang='lat' dir='ltr'>Morinen,</span> <span class='ocrx_word' id='word_1_36' title='bbox 1528 1163 1724 1220; x_wconf 87' lang='lat' dir='ltr'>remanente</span> 
     </span>
     <span class='ocr_line' id='line_1_5' title="bbox 462 1254 1643 1341; baseline 0.001 -17"><span class='ocrx_word' id='word_1_37' title='bbox 462 1259 543 1324; x_wconf 88' lang='lat' dir='ltr'>ratia</span> <span class='ocrx_word' id='word_1_38' title='bbox 558 1258 600 1323; x_wconf 92' lang='lat' dir='ltr'>ad</span> <span class='ocrx_word' id='word_1_39' title='bbox 617 1258 714 1324; x_wconf 92' lang='lat' dir='ltr'>coll...</span> <span class='ocrx_word' id='word_1_40' title='bbox 732 1254 868 1340; x_wconf 88' lang='lat' dir='ltr'>capituli</span> <span class='ocrx_word' id='word_1_41' title='bbox 885 1255 1036 1340; x_wconf 87' lang='lat' dir='ltr'>predicti,</span> <span class='ocrx_word' id='word_1_42' title='bbox 1053 1254 1236 1339; x_wconf 86' lang='lat' dir='ltr'>dignemini</span> <span class='ocrx_word' id='word_1_43' title='bbox 1248 1255 1435 1341; x_wconf 91' lang='lat' dir='ltr'>providere.</span> <span class='ocrx_word' id='word_1_44' title='bbox 1456 1295 1489 1307; x_wconf 97' lang='lat'><em>-</em></span> <span class='ocrx_word' id='word_1_45' title='bbox 1510 1257 1586 1325; x_wconf 87' lang='lat' dir='ltr'>Fiat</span> <span class='ocrx_word' id='word_1_46' title='bbox 1603 1259 1643 1325; x_wconf 93' lang='lat' dir='ltr'>R.</span> 
     </span>
    </p>

    <p class='ocr_par' dir='ltr' id='par_1_3' title="bbox 462 1358 1123 1445">
     <span class='ocr_line' id='line_1_6' title="bbox 462 1358 1123 1445; baseline -0.002 -19"><span class='ocrx_word' id='word_1_47' title='bbox 462 1371 483 1427; x_wconf 90' lang='lat' dir='ltr'>t.</span> <span class='ocrx_word' id='word_1_48' title='bbox 498 1361 599 1426; x_wconf 83' lang='lat' dir='ltr'>Avin.</span> <span class='ocrx_word' id='word_1_49' title='bbox 620 1381 657 1445; x_wconf 91' lang='lat'>14</span> <span class='ocrx_word' id='word_1_50' title='bbox 673 1359 741 1425; x_wconf 87' lang='lat' dir='ltr'>kal.</span> <span class='ocrx_word' id='word_1_51' title='bbox 754 1358 840 1443; x_wconf 87' lang='lat' dir='ltr'>junii</span> <span class='ocrx_word' id='word_1_52' title='bbox 856 1366 889 1423; x_wconf 91' lang='lat' dir='ltr'>a⁰</span> <span class='ocrx_word' id='word_1_53' title='bbox 906 1361 948 1425; x_wconf 91' lang='lat'>8⁰.</span> <span class='ocrx_word' id='word_1_54' title='bbox 966 1361 1036 1443; x_wconf 85' lang='grc'><strong>(19,</strong></span> <span class='ocrx_word' id='word_1_55' title='bbox 1055 1361 1123 1445; x_wconf 88' lang='lat'>94).</span> 
     </span>
    </p>
   </div>
   <div class='ocr_carea' id='block_1_3' title="bbox 462 1517 1722 2443">
    <p class='ocr_par' dir='ltr' id='par_1_4' title="bbox 462 1517 1679 1701">
     <span class='ocr_line' id='line_1_7' title="bbox 462 1517 1679 1617; baseline 0.002 -21"><span class='ocrx_word' id='word_1_56' title='bbox 462 1517 554 1602; x_wconf 73' lang='grc' dir='ltr'>Ι183.</span> <span class='ocrx_word' id='word_1_57' title='bbox 1415 1553 1511 1617; x_wconf 81' lang='lat'>1349,</span> <span class='ocrx_word' id='word_1_58' title='bbox 1535 1554 1577 1597; x_wconf 64' lang='grc' dir='ltr'>πο</span> <span class='ocrx_word' id='word_1_59' title='bbox 1601 1536 1679 1599; x_wconf 66' lang='lat' dir='ltr'>anai.</span> 
     </span>
     <span class='ocr_line' id='line_1_8' title="bbox 462 1631 1421 1701; baseline 0.004 -4"><span class='ocrx_word' id='word_1_60' title='bbox 462 1637 548 1700; x_wconf 76' lang='lat' dir='ltr'>tulus</span> <span class='ocrx_word' id='word_1_61' title='bbox 564 1637 735 1699; x_wconf 82' lang='lat' dir='ltr'>doctorum</span> <span class='ocrx_word' id='word_1_62' title='bbox 752 1635 784 1696; x_wconf 86' lang='lat' dir='ltr'>in</span> <span class='ocrx_word' id='word_1_63' title='bbox 800 1635 938 1698; x_wconf 82' lang='lat' dir='ltr'>decretis</span> <span class='ocrx_word' id='word_1_64' title='bbox 960 1631 1194 1698; x_wconf 81' lang='lat' dir='ltr'>Universitalis</span> <span class='ocrx_word' id='word_1_65' title='bbox 1210 1633 1421 1701; x_wconf 70' lang='lat' dir='ltr'>Parisienst&#39;s.</span> 
     </span>
    </p>

    <p class='ocr_par' dir='ltr' id='par_1_5' title="bbox 462 1736 1722 2443">
     <span class='ocr_line' id='line_1_9' title="bbox 462 1736 1722 1826; baseline 0.002 -22"><span class='ocrx_word' id='word_1_66' title='bbox 462 1762 492 1804; x_wconf 91' lang='lat' dir='ltr'>m</span> <span class='ocrx_word' id='word_1_67' title='bbox 506 1760 593 1824; x_wconf 91' lang='lat' dir='ltr'>mag.</span> <span class='ocrx_word' id='word_1_68' title='bbox 610 1737 630 1815; x_wconf 95' lang='lat' dir='ltr'><strong>J</strong></span> <span class='ocrx_word' id='word_1_69' title='bbox 633 1737 758 1803; x_wconf 89' lang='lat' dir='ltr'>ohanni</span> <span class='ocrx_word' id='word_1_70' title='bbox 785 1736 984 1803; x_wconf 91' lang='lat' dir='ltr'>Gnidouche</span> <span class='ocrx_word' id='word_1_71' title='bbox 1000 1747 1019 1817; x_wconf 91' lang='lat'>¹,</span> <span class='ocrx_word' id='word_1_72' title='bbox 1035 1737 1166 1804; x_wconf 89' lang='lat' dir='ltr'>doctori</span> <span class='ocrx_word' id='word_1_73' title='bbox 1179 1738 1390 1804; x_wconf 89' lang='lat' dir='ltr'>decretorum</span> <span class='ocrx_word' id='word_1_74' title='bbox 1414 1747 1449 1805; x_wconf 91' lang='lat' dir='ltr'>et</span> <span class='ocrx_word' id='word_1_75' title='bbox 1465 1741 1518 1805; x_wconf 93' lang='lat' dir='ltr'>lic.</span> <span class='ocrx_word' id='word_1_76' title='bbox 1535 1740 1567 1805; x_wconf 92' lang='lat' dir='ltr'>in</span> <span class='ocrx_word' id='word_1_77' title='bbox 1584 1741 1722 1826; x_wconf 90' lang='lat' dir='ltr'>legibus,</span> 
     </span>
     <span class='ocr_line' id='line_1_10' title="bbox 470 1840 1722 1929; baseline 0 -19"><span class='ocrx_word' id='word_1_78' title='bbox 470 1843 641 1929; x_wconf 92' lang='lat' dir='ltr'>quondam</span> <span class='ocrx_word' id='word_1_79' title='bbox 669 1840 802 1907; x_wconf 87' lang='lat' dir='ltr'>Nicolai</span> <span class='ocrx_word' id='word_1_80' title='bbox 829 1840 1038 1922; x_wconf 88' lang='lat' dir='ltr'>Gnidouche,</span> <span class='ocrx_word' id='word_1_81' title='bbox 1063 1842 1200 1907; x_wconf 90' lang='lat' dir='ltr'>humilis</span> <span class='ocrx_word' id='word_1_82' title='bbox 1225 1842 1393 1909; x_wconf 90' lang='lat' dir='ltr'>domicelli</span> <span class='ocrx_word' id='word_1_83' title='bbox 1420 1843 1522 1908; x_wconf 91' lang='lat' dir='ltr'>vestri</span> <span class='ocrx_word' id='word_1_84' title='bbox 1538 1855 1560 1924; x_wconf 80' lang='lat'>²,</span> <span class='ocrx_word' id='word_1_85' title='bbox 1580 1844 1622 1910; x_wconf 92' lang='lat' dir='ltr'>de</span> <span class='ocrx_word' id='word_1_86' title='bbox 1646 1847 1722 1911; x_wconf 87' lang='lat' dir='ltr'>ben.</span> 
     </span>
     <span class='ocr_line' id='line_1_11' title="bbox 468 1945 1722 2035; baseline 0.002 -23"><span class='ocrx_word' id='word_1_87' title='bbox 468 1948 642 2033; x_wconf 85' lang='lat' dir='ltr'>dignitate,</span> <span class='ocrx_word' id='word_1_88' title='bbox 658 1953 840 2032; x_wconf 87' lang='lat' dir='ltr'>personatu</span> <span class='ocrx_word' id='word_1_89' title='bbox 855 1946 911 2010; x_wconf 89' lang='lat' dir='ltr'>vel</span> <span class='ocrx_word' id='word_1_90' title='bbox 933 1945 1045 2011; x_wconf 85' lang='lat' dir='ltr'>officio</span> <span class='ocrx_word' id='word_1_91' title='bbox 1073 1945 1117 2012; x_wconf 90' lang='lat' dir='ltr'>ad</span> <span class='ocrx_word' id='word_1_92' title='bbox 1132 1947 1210 2012; x_wconf 93' lang='lat' dir='ltr'>coll.</span> <span class='ocrx_word' id='word_1_93' title='bbox 1237 1946 1512 2033; x_wconf 89' lang='lat' dir='ltr'>archiepiscopi...</span> <span class='ocrx_word' id='word_1_94' title='bbox 1535 1957 1570 2014; x_wconf 91' lang='lat' dir='ltr'>et</span> <span class='ocrx_word' id='word_1_95' title='bbox 1585 1950 1722 2035; x_wconf 86' lang='lat' dir='ltr'>capituli</span> 
     </span>
     <span class='ocr_line' id='line_1_12' title="bbox 462 2046 1722 2135; baseline 0.004 -22"><span class='ocrx_word' id='word_1_96' title='bbox 462 2067 610 2132; x_wconf 79' lang='lat' dir='ltr'>&gt;magen</span> <span class='ocrx_word' id='word_1_97' title='bbox 626 2046 809 2131; x_wconf 85' lang='lat' dir='ltr'>dignemini</span> <span class='ocrx_word' id='word_1_98' title='bbox 834 2049 1033 2135; x_wconf 90' lang='lat' dir='ltr'>providere;</span> <span class='ocrx_word' id='word_1_99' title='bbox 1058 2070 1127 2115; x_wconf 89' lang='lat' dir='ltr'>non</span> <span class='ocrx_word' id='word_1_100' title='bbox 1155 2052 1241 2116; x_wconf 86' lang='lat' dir='ltr'>obst.</span> <span class='ocrx_word' id='word_1_101' title='bbox 1258 2049 1350 2134; x_wconf 91' lang='lat' dir='ltr'>quod</span> <span class='ocrx_word' id='word_1_102' title='bbox 1375 2051 1408 2116; x_wconf 93' lang='lat' dir='ltr'>in</span> <span class='ocrx_word' id='word_1_103' title='bbox 1425 2051 1456 2116; x_wconf 87' lang='lat' dir='ltr'>S.</span> <span class='ocrx_word' id='word_1_104' title='bbox 1473 2051 1656 2118; x_wconf 87' lang='lat' dir='ltr'>Donatiani</span> <span class='ocrx_word' id='word_1_105' title='bbox 1680 2052 1722 2118; x_wconf 92' lang='lat' dir='ltr'>de</span> 
     </span>
     <span class='ocr_line' id='line_1_13' title="bbox 462 2152 1721 2240; baseline 0.003 -22"><span class='ocrx_word' id='word_1_106' title='bbox 462 2174 477 2218; x_wconf 92' lang='lat' dir='ltr'>s</span> <span class='ocrx_word' id='word_1_107' title='bbox 493 2172 565 2218; x_wconf 89' lang='lat' dir='ltr'>can.</span> <span class='ocrx_word' id='word_1_108' title='bbox 582 2159 617 2216; x_wconf 90' lang='lat' dir='ltr'>et</span> <span class='ocrx_word' id='word_1_109' title='bbox 632 2154 725 2237; x_wconf 89' lang='lat' dir='ltr'>preb.</span> <span class='ocrx_word' id='word_1_110' title='bbox 738 2172 777 2218; x_wconf 90' lang='lat' dir='ltr'>ac</span> <span class='ocrx_word' id='word_1_111' title='bbox 793 2154 956 2239; x_wconf 89' lang='lat' dir='ltr'>capellan.</span> <span class='ocrx_word' id='word_1_112' title='bbox 974 2153 1008 2218; x_wconf 90' lang='lat' dir='ltr'>in</span> <span class='ocrx_word' id='word_1_113' title='bbox 1025 2152 1056 2219; x_wconf 91' lang='lat' dir='ltr'>S.</span> <span class='ocrx_word' id='word_1_114' title='bbox 1072 2152 1118 2218; x_wconf 92' lang='grc' dir='ltr'>Μ.</span> <span class='ocrx_word' id='word_1_115' title='bbox 1131 2153 1407 2240; x_wconf 90' lang='lat' dir='ltr'>Ardeburgensis,</span> <span class='ocrx_word' id='word_1_116' title='bbox 1423 2153 1611 2222; x_wconf 88' lang='lat' dir='ltr'>Tomacen.</span> <span class='ocrx_word' id='word_1_117' title='bbox 1624 2156 1721 2237; x_wconf 79' lang='lat' dir='ltr'>dioc,</span> 
     </span>
     <span class='ocr_line' id='line_1_14' title="bbox 462 2255 1686 2350; baseline 0.004 -30"><span class='ocrx_word' id='word_1_118' title='bbox 462 2255 658 2321; x_wconf 63' lang='lat' dir='ltr'>Ambianen.</span> <span class='ocrx_word' id='word_1_119' title='bbox 674 2256 823 2322; x_wconf 90' lang='lat' dir='ltr'>ecclesiis</span> <span class='ocrx_word' id='word_1_120' title='bbox 839 2277 913 2321; x_wconf 92' lang='lat' dir='ltr'>can.</span> <span class='ocrx_word' id='word_1_121' title='bbox 930 2257 1084 2322; x_wconf 89' lang='lat' dir='ltr'>obtineat</span> <span class='ocrx_word' id='word_1_122' title='bbox 1101 2259 1162 2322; x_wconf 91' lang='lat' dir='ltr'>sub</span> <span class='ocrx_word' id='word_1_123' title='bbox 1179 2278 1255 2343; x_wconf 86' lang='lat' dir='ltr'>exp.</span> <span class='ocrx_word' id='word_1_124' title='bbox 1271 2261 1363 2344; x_wconf 91' lang='lat' dir='ltr'>preb.</span> <span class='ocrx_word' id='word_1_125' title='bbox 1385 2294 1417 2306; x_wconf 93' lang='lat'>-</span> <span class='ocrx_word' id='word_1_126' title='bbox 1447 2256 1524 2324; x_wconf 88' lang='lat' dir='ltr'>Fiat</span> <span class='ocrx_word' id='word_1_127' title='bbox 1540 2258 1581 2326; x_wconf 93' lang='lat' dir='ltr'>R.</span> <span class='ocrx_word' id='word_1_128' title='bbox 1680 2338 1686 2350; x_wconf 26' lang='grc' dir='ltr'><strong><em>ο</em></strong></span> 
     </span>
     <span class='ocr_line' id='line_1_15' title="bbox 462 2357 1124 2443; baseline 0.002 -19"><span class='ocrx_word' id='word_1_129' title='bbox 462 2369 482 2424; x_wconf 86' lang='lat' dir='ltr'>t.</span> <span class='ocrx_word' id='word_1_130' title='bbox 499 2359 600 2425; x_wconf 86' lang='lat' dir='ltr'>Avin.</span> <span class='ocrx_word' id='word_1_131' title='bbox 622 2379 658 2442; x_wconf 83' lang='lat'>13</span> <span class='ocrx_word' id='word_1_132' title='bbox 675 2357 741 2424; x_wconf 88' lang='lat' dir='ltr'>kal.</span> <span class='ocrx_word' id='word_1_133' title='bbox 754 2359 839 2443; x_wconf 89' lang='lat' dir='ltr'>junii</span> <span class='ocrx_word' id='word_1_134' title='bbox 856 2366 890 2424; x_wconf 89' lang='lat' dir='ltr'>a⁰</span> <span class='ocrx_word' id='word_1_135' title='bbox 907 2361 950 2424; x_wconf 83' lang='lat'>8⁰.</span> <span class='ocrx_word' id='word_1_136' title='bbox 967 2362 1038 2443; x_wconf 84' lang='lat'>(19,</span> <span class='ocrx_word' id='word_1_137' title='bbox 1056 2360 1124 2443; x_wconf 89' lang='lat'><strong>97).</strong></span> 
     </span>
    </p>
   </div>
   <div class='ocr_carea' id='block_1_4' title="bbox 462 2514 1678 2619">
    <p class='ocr_par' dir='ltr' id='par_1_6' title="bbox 462 2514 1678 2619">
     <span class='ocr_line' id='line_1_16' title="bbox 462 2514 1678 2619; baseline 0.002 -25"><span class='ocrx_word' id='word_1_138' title='bbox 462 2514 714 2598; x_wconf 66' lang='grc'><strong>’184-1592.</strong></span> <span class='ocrx_word' id='word_1_139' title='bbox 1430 2552 1526 2619; x_wconf 67' lang='lat'>1349,</span> <span class='ocrx_word' id='word_1_140' title='bbox 1543 2552 1583 2596; x_wconf 74' lang='grc' dir='ltr'><em>η</em></span> <span class='ocrx_word' id='word_1_141' title='bbox 1601 2534 1678 2596; x_wconf 67' lang='lat' dir='ltr'>artai.</span> 
     </span>
    </p>
   </div>
   <div class='ocr_carea' id='block_1_5' title="bbox 462 2632 1723 3345">
    <p class='ocr_par' dir='ltr' id='par_1_7' title="bbox 462 2632 1475 2701">
     <span class='ocr_line' id='line_1_17' title="bbox 462 2632 1475 2701; baseline 0.004 -5"><span class='ocrx_word' id='word_1_142' title='bbox 462 2635 548 2698; x_wconf 83' lang='lat' dir='ltr'>tulus</span> <span class='ocrx_word' id='word_1_143' title='bbox 565 2637 736 2699; x_wconf 82' lang='lat' dir='ltr'>doctorum</span> <span class='ocrx_word' id='word_1_144' title='bbox 753 2637 785 2698; x_wconf 86' lang='lat' dir='ltr'>in</span> <span class='ocrx_word' id='word_1_145' title='bbox 802 2636 964 2699; x_wconf 82' lang='lat' dir='ltr'>medicina</span> <span class='ocrx_word' id='word_1_146' title='bbox 986 2632 1221 2699; x_wconf 68' lang='lat' dir='ltr'>Universitalrs</span> <span class='ocrx_word' id='word_1_147' title='bbox 1237 2634 1438 2701; x_wconf 78' lang='lat' dir='ltr'>Parrsiensis</span> <span class='ocrx_word' id='word_1_148' title='bbox 1454 2655 1475 2700; x_wconf 86' lang='lat'>³.</span> 
     </span>
    </p>

    <p class='ocr_par' dir='ltr' id='par_1_8' title="bbox 462 2736 1723 3345">
     <span class='ocr_line' id='line_1_18' title="bbox 462 2736 1723 2822; baseline 0.001 -21"><span class='ocrx_word' id='word_1_149' title='bbox 462 2758 516 2802; x_wconf 92' lang='lat' dir='ltr'>mo</span> <span class='ocrx_word' id='word_1_150' title='bbox 547 2758 636 2822; x_wconf 91' lang='lat' dir='ltr'>mag.</span> <span class='ocrx_word' id='word_1_151' title='bbox 667 2736 813 2814; x_wconf 92' lang='lat' dir='ltr'>Johanni</span> <span class='ocrx_word' id='word_1_152' title='bbox 846 2737 1034 2803; x_wconf 89' lang='lat' dir='ltr'>Evelbaren</span> <span class='ocrx_word' id='word_1_153' title='bbox 1064 2737 1107 2803; x_wconf 92' lang='lat' dir='ltr'>de</span> <span class='ocrx_word' id='word_1_154' title='bbox 1133 2737 1327 2819; x_wconf 88' lang='lat' dir='ltr'>Esscenem,</span> <span class='ocrx_word' id='word_1_155' title='bbox 1358 2739 1451 2805; x_wconf 91' lang='lat' dir='ltr'>dicto</span> <span class='ocrx_word' id='word_1_156' title='bbox 1481 2738 1523 2804; x_wconf 92' lang='lat' dir='ltr'>de</span> <span class='ocrx_word' id='word_1_157' title='bbox 1554 2738 1723 2819; x_wconf 86' lang='lat' dir='ltr'>Bruxella,</span> 
     </span>
     <span class='ocr_line' id='line_1_19' title="bbox 464 2841 1722 2930; baseline 0 -23"><span class='ocrx_word' id='word_1_158' title='bbox 464 2861 575 2907; x_wconf 91' lang='lat' dir='ltr'>racen.</span> <span class='ocrx_word' id='word_1_159' title='bbox 587 2842 685 2923; x_wconf 83' lang='lat' dir='ltr'>dioc,</span> <span class='ocrx_word' id='word_1_160' title='bbox 698 2862 785 2927; x_wconf 88' lang='lat' dir='ltr'>mag.</span> <span class='ocrx_word' id='word_1_161' title='bbox 797 2842 831 2905; x_wconf 92' lang='lat' dir='ltr'>in</span> <span class='ocrx_word' id='word_1_162' title='bbox 847 2849 908 2908; x_wconf 86' lang='lat' dir='ltr'>art.</span> <span class='ocrx_word' id='word_1_163' title='bbox 925 2850 960 2906; x_wconf 91' lang='lat' dir='ltr'>et</span> <span class='ocrx_word' id='word_1_164' title='bbox 975 2842 1009 2906; x_wconf 89' lang='lat' dir='ltr'>in</span> <span class='ocrx_word' id='word_1_165' title='bbox 1025 2841 1204 2924; x_wconf 92' lang='lat' dir='ltr'>medicina,</span> <span class='ocrx_word' id='word_1_166' title='bbox 1215 2841 1258 2907; x_wconf 93' lang='lat' dir='ltr'>de</span> <span class='ocrx_word' id='word_1_167' title='bbox 1274 2862 1346 2908; x_wconf 92' lang='lat' dir='ltr'>can.</span> <span class='ocrx_word' id='word_1_168' title='bbox 1362 2851 1398 2917; x_wconf 89' lang='lat' dir='ltr'>et</span> <span class='ocrx_word' id='word_1_169' title='bbox 1413 2846 1506 2930; x_wconf 89' lang='lat' dir='ltr'>preb.</span> <span class='ocrx_word' id='word_1_170' title='bbox 1522 2844 1605 2908; x_wconf 90' lang='lat' dir='ltr'>eccl.</span> <span class='ocrx_word' id='word_1_171' title='bbox 1621 2841 1659 2908; x_wconf 90' lang='lat' dir='ltr'>B.</span> <span class='ocrx_word' id='word_1_172' title='bbox 1673 2842 1722 2908; x_wconf 88' lang='lat' dir='ltr'>M.</span> 
     </span>
     <span class='ocr_line' id='line_1_20' title="bbox 462 2945 1721 3032; baseline 0.001 -22"><span class='ocrx_word' id='word_1_173' title='bbox 462 2946 632 3032; x_wconf 91' lang='lat' dir='ltr'>erpiensis,</span> <span class='ocrx_word' id='word_1_174' title='bbox 648 2946 738 3011; x_wconf 91' lang='lat' dir='ltr'>dicte</span> <span class='ocrx_word' id='word_1_175' title='bbox 754 2945 852 3026; x_wconf 80' lang='lat' dir='ltr'>dioc,</span> <span class='ocrx_word' id='word_1_176' title='bbox 868 2965 942 3011; x_wconf 84' lang='lat' dir='ltr'>vac.</span> <span class='ocrx_word' id='word_1_177' title='bbox 958 2946 1012 3009; x_wconf 93' lang='lat' dir='ltr'>vel</span> <span class='ocrx_word' id='word_1_178' title='bbox 1040 2953 1164 3027; x_wconf 81' lang='lat' dir='ltr'>vacat,</span> <span class='ocrx_word' id='word_1_179' title='bbox 1186 2966 1255 3011; x_wconf 92' lang='lat' dir='ltr'>non</span> <span class='ocrx_word' id='word_1_180' title='bbox 1283 2949 1370 3012; x_wconf 88' lang='lat' dir='ltr'>obst.</span> <span class='ocrx_word' id='word_1_181' title='bbox 1386 2946 1477 3031; x_wconf 91' lang='lat' dir='ltr'>quod</span> <span class='ocrx_word' id='word_1_182' title='bbox 1500 2949 1577 3012; x_wconf 91' lang='lat' dir='ltr'>ben.</span> <span class='ocrx_word' id='word_1_183' title='bbox 1593 2946 1676 3018; x_wconf 86' lang='lat' dir='ltr'>eccl.</span> <span class='ocrx_word' id='word_1_184' title='bbox 1693 2968 1721 3011; x_wconf 92' lang='lat' dir='ltr'>c.</span> 
     </span>
     <span class='ocr_line' id='line_1_21' title="bbox 472 3048 1723 3135; baseline -0.002 -18"><span class='ocrx_word' id='word_1_185' title='bbox 472 3073 497 3117; x_wconf 90' lang='lat' dir='ltr'>s.</span> <span class='ocrx_word' id='word_1_186' title='bbox 515 3071 543 3117; x_wconf 89' lang='lat' dir='ltr'>c.</span> <span class='ocrx_word' id='word_1_187' title='bbox 561 3051 603 3117; x_wconf 91' lang='lat' dir='ltr'>ad</span> <span class='ocrx_word' id='word_1_188' title='bbox 619 3053 695 3117; x_wconf 88' lang='lat' dir='ltr'>coll.</span> <span class='ocrx_word' id='word_1_189' title='bbox 721 3051 851 3116; x_wconf 89' lang='lat' dir='ltr'>abbatis</span> <span class='ocrx_word' id='word_1_190' title='bbox 866 3058 900 3115; x_wconf 92' lang='lat' dir='ltr'>ct</span> <span class='ocrx_word' id='word_1_191' title='bbox 916 3050 1110 3115; x_wconf 91' lang='lat' dir='ltr'>monasterii</span> <span class='ocrx_word' id='word_1_192' title='bbox 1127 3049 1159 3115; x_wconf 86' lang='lat' dir='ltr'>S.</span> <span class='ocrx_word' id='word_1_193' title='bbox 1177 3050 1268 3115; x_wconf 90' lang='lat' dir='ltr'>Petri</span> <span class='ocrx_word' id='word_1_194' title='bbox 1286 3049 1543 3135; x_wconf 90' lang='lat' dir='ltr'>Hafligenensis,</span> <span class='ocrx_word' id='word_1_195' title='bbox 1560 3048 1602 3115; x_wconf 92' lang='grc' dir='ltr'>Ο.</span> <span class='ocrx_word' id='word_1_196' title='bbox 1618 3049 1656 3121; x_wconf 77' lang='lat' dir='ltr'>s.</span> <span class='ocrx_word' id='word_1_197' title='bbox 1673 3048 1723 3127; x_wconf 91' lang='grc' dir='ltr'>Β.,</span> 
     </span>
     <span class='ocr_line' id='line_1_22' title="bbox 464 3154 1723 3241; baseline -0.002 -20"><span class='ocrx_word' id='word_1_198' title='bbox 464 3156 562 3236; x_wconf 75' lang='lat' dir='ltr'>dioc,</span> <span class='ocrx_word' id='word_1_199' title='bbox 578 3164 746 3241; x_wconf 83' lang='lat' dir='ltr'>expectet,</span> <span class='ocrx_word' id='word_1_200' title='bbox 763 3155 944 3240; x_wconf 90' lang='lat' dir='ltr'>dignemini</span> <span class='ocrx_word' id='word_1_201' title='bbox 962 3156 1148 3241; x_wconf 86' lang='lat' dir='ltr'>providere.</span> <span class='ocrx_word' id='word_1_202' title='bbox 1175 3196 1218 3205; x_wconf 95' lang='lat'><strong>—</strong></span> <span class='ocrx_word' id='word_1_203' title='bbox 1246 3155 1382 3220; x_wconf 83' lang='lat' dir='ltr'>Habeat</span> <span class='ocrx_word' id='word_1_204' title='bbox 1410 3176 1484 3240; x_wconf 86' lang='lat' dir='ltr'>exp.</span> <span class='ocrx_word' id='word_1_205' title='bbox 1510 3174 1609 3238; x_wconf 92' lang='lat' dir='ltr'>quam</span> <span class='ocrx_word' id='word_1_206' title='bbox 1637 3154 1723 3240; x_wconf 91' lang='lat' dir='ltr'>petit</span> 
     </span>
     <span class='ocr_line' id='line_1_23' title="bbox 464 3258 1187 3345; baseline 0.003 -22"><span class='ocrx_word' id='word_1_207' title='bbox 464 3258 570 3324; x_wconf 84' lang='lat' dir='ltr'>forma</span> <span class='ocrx_word' id='word_1_208' title='bbox 587 3280 646 3345; x_wconf 93' lang='lat' dir='ltr'>per</span> <span class='ocrx_word' id='word_1_209' title='bbox 661 3258 834 3324; x_wconf 89' lang='lat' dir='ltr'>dominnm</span> <span class='ocrx_word' id='word_1_210' title='bbox 851 3268 1003 3324; x_wconf 90' lang='lat' dir='ltr'>nostrum</span> <span class='ocrx_word' id='word_1_211' title='bbox 1016 3280 1187 3325; x_wconf 89' lang='lat' dir='ltr'>concessa.</span> 
     </span>
    </p>
   </div>
   <div class='ocr_carea' id='block_1_6' title="bbox 462 3404 1721 3889">
    <p class='ocr_par' dir='ltr' id='par_1_9' title="bbox 462 3404 1721 3889">
     <span class='ocr_line' id='line_1_24' title="bbox 462 3404 1720 3490; baseline 0.001 -23"><span class='ocrx_word' id='word_1_212' title='bbox 462 3415 503 3474; x_wconf 66' lang='lat' dir='ltr'>a5.</span> <span class='ocrx_word' id='word_1_213' title='bbox 528 3406 616 3472; x_wconf 91' lang='lat' dir='ltr'>Item</span> <span class='ocrx_word' id='word_1_214' title='bbox 632 3428 720 3490; x_wconf 92' lang='lat' dir='ltr'>mag.</span> <span class='ocrx_word' id='word_1_215' title='bbox 737 3406 919 3472; x_wconf 88' lang='lat' dir='ltr'>Laurentio</span> <span class='ocrx_word' id='word_1_216' title='bbox 945 3405 1124 3487; x_wconf 89' lang='lat' dir='ltr'>Bocscure,</span> <span class='ocrx_word' id='word_1_217' title='bbox 1152 3406 1339 3482; x_wconf 89' lang='lat' dir='ltr'>Tomacen.</span> <span class='ocrx_word' id='word_1_218' title='bbox 1366 3406 1464 3487; x_wconf 77' lang='lat' dir='ltr'>dioc,</span> <span class='ocrx_word' id='word_1_219' title='bbox 1488 3406 1522 3470; x_wconf 90' lang='lat' dir='ltr'>in</span> <span class='ocrx_word' id='word_1_220' title='bbox 1550 3413 1611 3470; x_wconf 87' lang='lat' dir='ltr'>art.</span> <span class='ocrx_word' id='word_1_221' title='bbox 1628 3413 1662 3469; x_wconf 94' lang='lat' dir='ltr'>et</span> <span class='ocrx_word' id='word_1_222' title='bbox 1688 3404 1720 3469; x_wconf 91' lang='lat' dir='ltr'>in</span> 
     </span>
     <span class='ocr_line' id='line_1_25' title="bbox 462 3510 1720 3596; baseline -0.002 -21"><span class='ocrx_word' id='word_1_223' title='bbox 462 3512 632 3596; x_wconf 90' lang='lat' dir='ltr'>magistro,</span> <span class='ocrx_word' id='word_1_224' title='bbox 657 3510 698 3576; x_wconf 93' lang='lat' dir='ltr'>de</span> <span class='ocrx_word' id='word_1_225' title='bbox 714 3515 790 3576; x_wconf 92' lang='lat' dir='ltr'>ben.</span> <span class='ocrx_word' id='word_1_226' title='bbox 807 3512 889 3576; x_wconf 88' lang='lat' dir='ltr'>eccl.</span> <span class='ocrx_word' id='word_1_227' title='bbox 906 3531 935 3575; x_wconf 90' lang='lat' dir='ltr'>c.</span> <span class='ocrx_word' id='word_1_228' title='bbox 949 3532 978 3575; x_wconf 92' lang='lat' dir='ltr'>c.</span> <span class='ocrx_word' id='word_1_229' title='bbox 994 3512 1048 3574; x_wconf 91' lang='lat' dir='ltr'>vel</span> <span class='ocrx_word' id='word_1_230' title='bbox 1065 3532 1088 3576; x_wconf 92' lang='lat' dir='ltr'>s.</span> <span class='ocrx_word' id='word_1_231' title='bbox 1105 3532 1134 3576; x_wconf 89' lang='lat' dir='ltr'>c.</span> <span class='ocrx_word' id='word_1_232' title='bbox 1162 3512 1205 3577; x_wconf 89' lang='lat' dir='ltr'>ad</span> <span class='ocrx_word' id='word_1_233' title='bbox 1232 3513 1307 3577; x_wconf 90' lang='lat' dir='ltr'>coll.</span> <span class='ocrx_word' id='word_1_234' title='bbox 1324 3513 1454 3577; x_wconf 92' lang='lat' dir='ltr'>abbatis</span> <span class='ocrx_word' id='word_1_235' title='bbox 1470 3521 1505 3577; x_wconf 90' lang='lat' dir='ltr'>et</span> <span class='ocrx_word' id='word_1_236' title='bbox 1527 3510 1720 3591; x_wconf 84' lang='lat' dir='ltr'>monasterii</span> 
     </span>
     <span class='ocr_line' id='line_1_26' title="bbox 462 3612 1719 3702; baseline -0.001 -24"><span class='ocrx_word' id='word_1_237' title='bbox 462 3616 554 3680; x_wconf 87' lang='lat' dir='ltr'>vonis</span> <span class='ocrx_word' id='word_1_238' title='bbox 581 3615 778 3696; x_wconf 90' lang='lat' dir='ltr'>Gandensis,</span> <span class='ocrx_word' id='word_1_239' title='bbox 810 3613 852 3679; x_wconf 95' lang='lat' dir='ltr'>O.</span> <span class='ocrx_word' id='word_1_240' title='bbox 869 3614 900 3679; x_wconf 86' lang='lat' dir='ltr'>S.</span> <span class='ocrx_word' id='word_1_241' title='bbox 917 3612 966 3694; x_wconf 91' lang='grc' dir='ltr'>Β.,</span> <span class='ocrx_word' id='word_1_242' title='bbox 990 3613 1080 3679; x_wconf 88' lang='lat' dir='ltr'>dicte</span> <span class='ocrx_word' id='word_1_243' title='bbox 1103 3613 1201 3695; x_wconf 79' lang='lat' dir='ltr'>dioc,</span> <span class='ocrx_word' id='word_1_244' title='bbox 1232 3615 1414 3699; x_wconf 90' lang='lat' dir='ltr'>dignemini</span> <span class='ocrx_word' id='word_1_245' title='bbox 1439 3614 1624 3702; x_wconf 74' lang='lat' dir='ltr'>proridere,</span> <span class='ocrx_word' id='word_1_246' title='bbox 1651 3634 1719 3678; x_wconf 87' lang='lat' dir='ltr'>non</span> 
     </span>
     <span class='ocr_line' id='line_1_27' title="bbox 462 3716 1721 3805; baseline -0.003 -21"><span class='ocrx_word' id='word_1_247' title='bbox 462 3718 552 3804; x_wconf 91' lang='lat' dir='ltr'>quod</span> <span class='ocrx_word' id='word_1_248' title='bbox 564 3740 638 3784; x_wconf 90' lang='lat' dir='ltr'>can.</span> <span class='ocrx_word' id='word_1_249' title='bbox 654 3719 736 3784; x_wconf 90' lang='lat' dir='ltr'>eccl.</span> <span class='ocrx_word' id='word_1_250' title='bbox 753 3718 784 3783; x_wconf 88' lang='lat' dir='ltr'>S.</span> <span class='ocrx_word' id='word_1_251' title='bbox 798 3717 887 3782; x_wconf 87' lang='lat' dir='ltr'>Petri</span> <span class='ocrx_word' id='word_1_252' title='bbox 905 3716 1086 3783; x_wconf 89' lang='lat' dir='ltr'>Insulensis</span> <span class='ocrx_word' id='word_1_253' title='bbox 1100 3719 1253 3783; x_wconf 84' lang='lat' dir='ltr'>obtineat</span> <span class='ocrx_word' id='word_1_254' title='bbox 1263 3722 1323 3783; x_wconf 89' lang='lat' dir='ltr'>sub</span> <span class='ocrx_word' id='word_1_255' title='bbox 1336 3740 1411 3805; x_wconf 87' lang='lat' dir='ltr'>exp.</span> <span class='ocrx_word' id='word_1_256' title='bbox 1422 3721 1513 3805; x_wconf 90' lang='lat' dir='ltr'>preb.</span> <span class='ocrx_word' id='word_1_257' title='bbox 1526 3754 1569 3764; x_wconf 91' lang='lat'><strong>—</strong></span> <span class='ocrx_word' id='word_1_258' title='bbox 1586 3716 1721 3781; x_wconf 89' lang='lat' dir='ltr'>Habeat</span> 
     </span>
     <span class='ocr_line' id='line_1_28' title="bbox 462 3822 683 3889; baseline 0 -2"><span class='ocrx_word' id='word_1_259' title='bbox 462 3822 552 3888; x_wconf 90' lang='lat' dir='ltr'>dicta</span> <span class='ocrx_word' id='word_1_260' title='bbox 568 3823 683 3889; x_wconf 84' lang='lat' dir='ltr'>forma.</span> 
     </span>
    </p>
   </div>
   <div class='ocr_carea' id='block_1_7' title="bbox 462 3968 1769 4786">
    <p class='ocr_par' dir='ltr' id='par_1_10' title="bbox 462 3968 1769 4786">
     <span class='ocr_line' id='line_1_29' title="bbox 462 3968 1723 4056; baseline -0.002 -20"><span class='ocrx_word' id='word_1_261' title='bbox 462 3982 503 4041; x_wconf 74' lang='grc'>16.</span> <span class='ocrx_word' id='word_1_262' title='bbox 529 3972 616 4036; x_wconf 90' lang='lat' dir='ltr'>Item</span> <span class='ocrx_word' id='word_1_263' title='bbox 632 3993 719 4056; x_wconf 87' lang='lat' dir='ltr'>mag.</span> <span class='ocrx_word' id='word_1_264' title='bbox 737 3971 945 4039; x_wconf 87' lang='lat' dir='ltr'>Theoderico</span> <span class='ocrx_word' id='word_1_265' title='bbox 962 3974 1004 4039; x_wconf 91' lang='lat' dir='ltr'>de</span> <span class='ocrx_word' id='word_1_266' title='bbox 1023 3972 1245 4053; x_wconf 84' lang='lat' dir='ltr'>Bavericove,</span> <span class='ocrx_word' id='word_1_267' title='bbox 1263 3973 1295 4036; x_wconf 90' lang='lat' dir='ltr'>in</span> <span class='ocrx_word' id='word_1_268' title='bbox 1312 3979 1375 4035; x_wconf 90' lang='lat' dir='ltr'>art.</span> <span class='ocrx_word' id='word_1_269' title='bbox 1392 3978 1426 4035; x_wconf 92' lang='lat' dir='ltr'>et</span> <span class='ocrx_word' id='word_1_270' title='bbox 1442 3969 1530 4034; x_wconf 92' lang='lat' dir='ltr'>med.</span> <span class='ocrx_word' id='word_1_271' title='bbox 1554 3968 1723 4054; x_wconf 88' lang='lat' dir='ltr'>magistro,</span> 
     </span>
     <span class='ocr_line' id='line_1_30' title="bbox 462 4073 1725 4162; baseline -0.003 -22"><span class='ocrx_word' id='word_1_272' title='bbox 462 4097 545 4141; x_wconf 70' lang='lat' dir='ltr'>icen.</span> <span class='ocrx_word' id='word_1_273' title='bbox 561 4075 659 4154; x_wconf 79' lang='lat' dir='ltr'>dioc,</span> <span class='ocrx_word' id='word_1_274' title='bbox 676 4096 773 4161; x_wconf 88' lang='lat' dir='ltr'>snper</span> <span class='ocrx_word' id='word_1_275' title='bbox 789 4076 923 4142; x_wconf 86' lang='lat' dir='ltr'>defectu</span> <span class='ocrx_word' id='word_1_276' title='bbox 938 4078 1101 4143; x_wconf 91' lang='lat' dir='ltr'>natalium</span> <span class='ocrx_word' id='word_1_277' title='bbox 1129 4098 1230 4161; x_wconf 89' lang='lat' dir='ltr'>quem</span> <span class='ocrx_word' id='word_1_278' title='bbox 1246 4076 1371 4162; x_wconf 90' lang='lat' dir='ltr'>patitur</span> <span class='ocrx_word' id='word_1_279' title='bbox 1392 4074 1434 4139; x_wconf 92' lang='lat' dir='ltr'>de</span> <span class='ocrx_word' id='word_1_280' title='bbox 1461 4076 1571 4139; x_wconf 90' lang='lat' dir='ltr'>soluto</span> <span class='ocrx_word' id='word_1_281' title='bbox 1592 4073 1725 4157; x_wconf 88' lang='lat' dir='ltr'>genitus</span> 
     </span>
     <span class='ocr_line' id='line_1_31' title="bbox 462 4177 1725 4263; baseline -0.002 -21"><span class='ocrx_word' id='word_1_282' title='bbox 462 4188 536 4259; x_wconf 82' lang='lat' dir='ltr'>nto,</span> <span class='ocrx_word' id='word_1_283' title='bbox 553 4198 630 4244; x_wconf 92' lang='lat' dir='ltr'>cum</span> <span class='ocrx_word' id='word_1_284' title='bbox 643 4199 710 4262; x_wconf 93' lang='lat' dir='ltr'>quo</span> <span class='ocrx_word' id='word_1_285' title='bbox 725 4180 768 4244; x_wconf 94' lang='lat' dir='ltr'>ad</span> <span class='ocrx_word' id='word_1_286' title='bbox 781 4201 885 4245; x_wconf 89' lang='lat' dir='ltr'>unum</span> <span class='ocrx_word' id='word_1_287' title='bbox 900 4182 1102 4246; x_wconf 87' lang='lat' dir='ltr'>beneficium</span> <span class='ocrx_word' id='word_1_288' title='bbox 1118 4180 1342 4254; x_wconf 51' lang='lat' dir='ltr'>¹obtinendum</span> <span class='ocrx_word' id='word_1_289' title='bbox 1359 4178 1473 4244; x_wconf 90' lang='lat' dir='ltr'>extitit</span> <span class='ocrx_word' id='word_1_290' title='bbox 1485 4177 1725 4263; x_wconf 88' lang='lat' dir='ltr'>dispensatum,</span> 
     </span>
     <span class='ocr_line' id='line_1_32' title="bbox 463 4281 1723 4370; baseline -0.003 -22"><span class='ocrx_word' id='word_1_291' title='bbox 463 4305 532 4349; x_wconf 91' lang='lat' dir='ltr'>non</span> <span class='ocrx_word' id='word_1_292' title='bbox 549 4285 636 4348; x_wconf 92' lang='lat' dir='ltr'>obst.</span> <span class='ocrx_word' id='word_1_293' title='bbox 652 4283 796 4365; x_wconf 84' lang='lat' dir='ltr'>defectu,</span> <span class='ocrx_word' id='word_1_294' title='bbox 813 4286 908 4370; x_wconf 86' lang='lat' dir='ltr'>plura</span> <span class='ocrx_word' id='word_1_295' title='bbox 938 4286 1103 4351; x_wconf 88' lang='lat' dir='ltr'>beneficia</span> <span class='ocrx_word' id='word_1_296' title='bbox 1129 4287 1211 4359; x_wconf 77' lang='lat' dir='ltr'>eccl,</span> <span class='ocrx_word' id='word_1_297' title='bbox 1238 4286 1351 4359; x_wconf 90' lang='lat' dir='ltr'>valeat</span> <span class='ocrx_word' id='word_1_298' title='bbox 1370 4284 1517 4359; x_wconf 11' lang='lat' dir='ltr'>&gt;retinere</span> <span class='ocrx_word' id='word_1_299' title='bbox 1542 4281 1723 4365; x_wconf 84' lang='lat' dir='ltr'>dignemini</span> 
     </span>
     <span class='ocr_line' id='line_1_33' title="bbox 463 4388 1769 4475; baseline 0.002 -24"><span class='ocrx_word' id='word_1_300' title='bbox 463 4407 569 4466; x_wconf 85' lang='lat' dir='ltr'>rsare;</span> <span class='ocrx_word' id='word_1_301' title='bbox 587 4408 656 4452; x_wconf 90' lang='lat' dir='ltr'>non</span> <span class='ocrx_word' id='word_1_302' title='bbox 673 4389 759 4452; x_wconf 88' lang='lat' dir='ltr'>obst.</span> <span class='ocrx_word' id='word_1_303' title='bbox 776 4389 865 4471; x_wconf 90' lang='lat' dir='ltr'>quod</span> <span class='ocrx_word' id='word_1_304' title='bbox 881 4392 957 4453; x_wconf 92' lang='lat' dir='ltr'>ben.</span> <span class='ocrx_word' id='word_1_305' title='bbox 974 4389 1056 4454; x_wconf 89' lang='lat' dir='ltr'>eccl.</span> <span class='ocrx_word' id='word_1_306' title='bbox 1072 4388 1115 4453; x_wconf 94' lang='lat' dir='ltr'>ad</span> <span class='ocrx_word' id='word_1_307' title='bbox 1140 4390 1217 4454; x_wconf 89' lang='lat' dir='ltr'>coll.</span> <span class='ocrx_word' id='word_1_308' title='bbox 1238 4388 1378 4474; x_wconf 89' lang='lat' dir='ltr'>capituli</span> <span class='ocrx_word' id='word_1_309' title='bbox 1402 4389 1667 4475; x_wconf 79' lang='lat' dir='ltr'>Antnerpiensis</span> <span class='ocrx_word' id='word_1_310' title='bbox 1689 4398 1723 4453; x_wconf 92' lang='lat' dir='ltr'>et</span> <span class='ocrx_word' id='word_1_311' title='bbox 1768 4410 1769 4415; x_wconf 47' lang='lat'>¹</span> 
     </span>
     <span class='ocr_line' id='line_1_34' title="bbox 463 4491 1723 4576; baseline 0.003 -21"><span class='ocrx_word' id='word_1_312' title='bbox 463 4513 498 4555; x_wconf 94' lang='lat' dir='ltr'>m</span> <span class='ocrx_word' id='word_1_313' title='bbox 514 4499 646 4576; x_wconf 86' lang='lat' dir='ltr'>partem</span> <span class='ocrx_word' id='word_1_314' title='bbox 662 4491 799 4575; x_wconf 86' lang='lat' dir='ltr'>paroch.</span> <span class='ocrx_word' id='word_1_315' title='bbox 822 4494 904 4557; x_wconf 89' lang='lat' dir='ltr'>eccl.</span> <span class='ocrx_word' id='word_1_316' title='bbox 930 4492 961 4557; x_wconf 87' lang='lat' dir='ltr'>S.</span> <span class='ocrx_word' id='word_1_317' title='bbox 989 4492 1079 4558; x_wconf 90' lang='lat' dir='ltr'>Petri</span> <span class='ocrx_word' id='word_1_318' title='bbox 1108 4492 1149 4557; x_wconf 93' lang='lat' dir='ltr'>de</span> <span class='ocrx_word' id='word_1_319' title='bbox 1174 4492 1283 4572; x_wconf 87' lang='lat' dir='ltr'>Trest,</span> <span class='ocrx_word' id='word_1_320' title='bbox 1309 4493 1399 4559; x_wconf 90' lang='lat' dir='ltr'>dicte</span> <span class='ocrx_word' id='word_1_321' title='bbox 1423 4492 1608 4559; x_wconf 88' lang='lat' dir='ltr'>Tomacen.</span> <span class='ocrx_word' id='word_1_322' title='bbox 1625 4494 1723 4575; x_wconf 78' lang='lat' dir='ltr'>dioc,</span> 
     </span>
     <span class='ocr_line' id='line_1_35' title="bbox 462 4595 1724 4683; baseline 0.002 -24"><span class='ocrx_word' id='word_1_323' title='bbox 462 4615 509 4659; x_wconf 69' lang='lat' dir='ltr'>ere</span> <span class='ocrx_word' id='word_1_324' title='bbox 525 4603 692 4660; x_wconf 88' lang='lat' dir='ltr'>noscatur.</span> <span class='ocrx_word' id='word_1_325' title='bbox 708 4636 751 4643; x_wconf 96' lang='lat'>--</span> <span class='ocrx_word' id='word_1_326' title='bbox 776 4595 982 4661; x_wconf 90' lang='lat' dir='ltr'>Concessum</span> <span class='ocrx_word' id='word_1_327' title='bbox 1008 4596 1175 4680; x_wconf 91' lang='lat' dir='ltr'>estquod</span> <span class='ocrx_word' id='word_1_328' title='bbox 1203 4597 1309 4683; x_wconf 89' lang='lat' dir='ltr'>possit</span> <span class='ocrx_word' id='word_1_329' title='bbox 1335 4605 1450 4662; x_wconf 89' lang='lat' dir='ltr'>tenere</span> <span class='ocrx_word' id='word_1_330' title='bbox 1478 4598 1565 4662; x_wconf 88' lang='lat' dir='ltr'>aliud</span> <span class='ocrx_word' id='word_1_331' title='bbox 1596 4600 1672 4671; x_wconf 78' lang='lat' dir='ltr'>ben.</span> <span class='ocrx_word' id='word_1_332' title='bbox 1690 4606 1724 4661; x_wconf 91' lang='lat' dir='ltr'>et</span> 
     </span>
     <span class='ocr_line' id='line_1_36' title="bbox 462 4697 1595 4786; baseline 0.004 -24"><span class='ocrx_word' id='word_1_333' title='bbox 462 4707 481 4763; x_wconf 87' lang='lat' dir='ltr'>t</span> <span class='ocrx_word' id='word_1_334' title='bbox 498 4698 540 4763; x_wconf 92' lang='lat' dir='ltr'>ad</span> <span class='ocrx_word' id='word_1_335' title='bbox 557 4699 633 4764; x_wconf 90' lang='lat' dir='ltr'>coll.</span> <span class='ocrx_word' id='word_1_336' title='bbox 649 4700 797 4785; x_wconf 91' lang='lat' dir='ltr'>episcopi</span> <span class='ocrx_word' id='word_1_337' title='bbox 814 4707 848 4763; x_wconf 91' lang='lat' dir='ltr'>et</span> <span class='ocrx_word' id='word_1_338' title='bbox 865 4700 1001 4785; x_wconf 89' lang='lat' dir='ltr'>capituli</span> <span class='ocrx_word' id='word_1_339' title='bbox 1019 4698 1228 4766; x_wconf 91' lang='lat' dir='ltr'>Tomacen...</span> <span class='ocrx_word' id='word_1_340' title='bbox 1247 4703 1316 4786; x_wconf 88' lang='lat'>(19,</span> <span class='ocrx_word' id='word_1_341' title='bbox 1339 4722 1373 4765; x_wconf 88' lang='lat'>12</span> <span class='ocrx_word' id='word_1_342' title='bbox 1379 4706 1424 4785; x_wconf 83' lang='lat'>3).</span> <span class='ocrx_word' id='word_1_343' title='bbox 1592 4697 1595 4701; x_wconf 47' lang='lat'><em>⁴</em></span> 
     </span>
    </p>
   </div>
   <div class='ocr_carea' id='block_1_8' title="bbox 462 4858 613 4867">
    <p class='ocr_par' dir='ltr' id='par_1_11' title="bbox 462 4858 613 4867">
     <span class='ocr_line' id='line_1_37' title="bbox 462 4858 613 4867; baseline 0.007 -1"><span class='ocrx_word' id='word_1_344' title='bbox 462 4858 613 4867; x_wconf 81' lang='lat'>——</span> 
     </span>
    </p>
   </div>
   <div class='ocr_carea' id='block_1_9' title="bbox 462 4939 1724 5300">
    <p class='ocr_par' dir='ltr' id='par_1_12' title="bbox 462 4939 1724 5300">
     <span class='ocr_line' id='line_1_38' title="bbox 462 4939 1724 5004; baseline 0 -17"><span class='ocrx_word' id='word_1_345' title='bbox 462 4942 488 4988; x_wconf 64' lang='lat' dir='ltr'>&lt;ir</span> <span class='ocrx_word' id='word_1_346' title='bbox 501 4955 526 4988; x_wconf 91' lang='lat' dir='ltr'>n.</span> <span class='ocrx_word' id='word_1_347' title='bbox 540 4942 586 4987; x_wconf 82' lang='grc'>186</span> <span class='ocrx_word' id='word_1_348' title='bbox 599 4956 604 4993; x_wconf 88' lang='grc'><strong>;</strong></span> <span class='ocrx_word' id='word_1_349' title='bbox 616 4942 699 4998; x_wconf 77' lang='lat' dir='ltr'>Vidal,</span> <span class='ocrx_word' id='word_1_350' title='bbox 714 4944 784 4989; x_wconf 81' lang='lat'>7810.</span> <span class='ocrx_word' id='word_1_351' title='bbox 806 4942 829 4988; x_wconf 96' lang='lat' dir='ltr'>Il</span> <span class='ocrx_word' id='word_1_352' title='bbox 846 4942 936 4990; x_wconf 84' lang='lat' dir='ltr'>derint</span> <span class='ocrx_word' id='word_1_353' title='bbox 953 4943 1037 5004; x_wconf 79' lang='lat' dir='ltr'>doyen</span> <span class='ocrx_word' id='word_1_354' title='bbox 1048 4943 1081 4991; x_wconf 88' lang='lat' dir='ltr'>de</span> <span class='ocrx_word' id='word_1_355' title='bbox 1099 4943 1266 4991; x_wconf 74' lang='lat' dir='ltr'>8¹-Donetien</span> <span class='ocrx_word' id='word_1_356' title='bbox 1277 4956 1309 4991; x_wconf 86' lang='lat' dir='ltr'>en</span> <span class='ocrx_word' id='word_1_357' title='bbox 1324 4943 1386 4990; x_wconf 82' lang='grc'><strong>1353</strong></span> <span class='ocrx_word' id='word_1_358' title='bbox 1398 4945 1424 4990; x_wconf 84' lang='lat' dir='ltr'>ct</span> <span class='ocrx_word' id='word_1_359' title='bbox 1436 4946 1540 4989; x_wconf 84' lang='lat' dir='ltr'>mourut</span> <span class='ocrx_word' id='word_1_360' title='bbox 1552 4941 1576 4989; x_wconf 91' lang='lat' dir='ltr'>le</span> <span class='ocrx_word' id='word_1_361' title='bbox 1587 4942 1617 4990; x_wconf 76' lang='lat'>24</span> <span class='ocrx_word' id='word_1_362' title='bbox 1631 4939 1724 4989; x_wconf 72' lang='lat' dir='ltr'>ferrier</span> 
     </span>
     <span class='ocr_line' id='line_1_39' title="bbox 462 5011 1721 5079; baseline 0.001 -20"><span class='ocrx_word' id='word_1_363' title='bbox 462 5012 521 5061; x_wconf 68' lang='lat' dir='ltr'>tall.</span> <span class='ocrx_word' id='word_1_364' title='bbox 534 5014 628 5072; x_wconf 63' lang='lat' dir='ltr'>obrid,</span> <span class='ocrx_word' id='word_1_365' title='bbox 640 5015 670 5073; x_wconf 87' lang='lat' dir='ltr'>V,</span> <span class='ocrx_word' id='word_1_366' title='bbox 683 5017 730 5062; x_wconf 79' lang='lat'>257</span> <span class='ocrx_word' id='word_1_367' title='bbox 744 5032 749 5070; x_wconf 83' lang='lat'>3</span> <span class='ocrx_word' id='word_1_368' title='bbox 766 5015 896 5078; x_wconf 77' lang='lat' dir='ltr'>(bmpead.</span> <span class='ocrx_word' id='word_1_369' title='bbox 913 5015 1028 5074; x_wconf 74' lang='lat' dir='ltr'>chronol,</span> <span class='ocrx_word' id='word_1_370' title='bbox 1043 5031 1068 5079; x_wconf 89' lang='lat' dir='ltr'>p.</span> <span class='ocrx_word' id='word_1_371' title='bbox 1080 5018 1109 5064; x_wconf 87' lang='grc'>81</span> <span class='ocrx_word' id='word_1_372' title='bbox 1124 5032 1129 5074; x_wconf 89' lang='grc'>;</span> <span class='ocrx_word' id='word_1_373' title='bbox 1148 5016 1300 5079; x_wconf 79' lang='lat' dir='ltr'>DelopIerrc,</span> <span class='ocrx_word' id='word_1_374' title='bbox 1314 5014 1403 5062; x_wconf 75' lang='lat' dir='ltr'>I&#39;rdeix</span> <span class='ocrx_word' id='word_1_375' title='bbox 1420 5014 1572 5077; x_wconf 72' lang='lat' dir='ltr'>arralytiqne</span> <span class='ocrx_word' id='word_1_376' title='bbox 1587 5012 1630 5060; x_wconf 66' lang='lat' dir='ltr'>dea</span> <span class='ocrx_word' id='word_1_377' title='bbox 1649 5011 1721 5060; x_wconf 80' lang='lat' dir='ltr'>docu-</span> 
     </span>
     <span class='ocr_line' id='line_1_40' title="bbox 466 5086 1721 5151; baseline 0 -17"><span class='ocrx_word' id='word_1_378' title='bbox 466 5101 496 5134; x_wconf 70' lang='grc' dir='ltr'>ιω</span> <span class='ocrx_word' id='word_1_379' title='bbox 509 5087 634 5147; x_wconf 81' lang='lat' dir='ltr'>renfernre</span> <span class='ocrx_word' id='word_1_380' title='bbox 645 5088 667 5135; x_wconf 79' lang='lat' dir='ltr'>le.</span> <span class='ocrx_word' id='word_1_381' title='bbox 679 5087 750 5151; x_wconf 64' lang='lat' dir='ltr'>depol</span> <span class='ocrx_word' id='word_1_382' title='bbox 763 5088 805 5135; x_wconf 70' lang='lat' dir='ltr'>der</span> <span class='ocrx_word' id='word_1_383' title='bbox 817 5089 940 5136; x_wconf 68' lang='lat' dir='ltr'>Ara-direx</span> <span class='ocrx_word' id='word_1_384' title='bbox 959 5089 990 5135; x_wconf 74' lang='lat' dir='ltr'>da</span> <span class='ocrx_word' id='word_1_385' title='bbox 1009 5090 1034 5135; x_wconf 79' lang='lat' dir='ltr'>Iu</span> <span class='ocrx_word' id='word_1_386' title='bbox 1048 5088 1166 5136; x_wconf 66' lang='lat' dir='ltr'>mandre</span> <span class='ocrx_word' id='word_1_387' title='bbox 1177 5088 1270 5147; x_wconf 75' lang='lat' dir='ltr'>OocId,</span> <span class='ocrx_word' id='word_1_388' title='bbox 1283 5093 1302 5137; x_wconf 87' lang='lat' dir='ltr'>t.</span> <span class='ocrx_word' id='word_1_389' title='bbox 1316 5089 1335 5145; x_wconf 86' lang='lat' dir='ltr'>I,</span> <span class='ocrx_word' id='word_1_390' title='bbox 1349 5102 1373 5150; x_wconf 90' lang='lat' dir='ltr'>p.</span> <span class='ocrx_word' id='word_1_391' title='bbox 1387 5088 1467 5136; x_wconf 89' lang='lat' dir='ltr'>CLVI</span> <span class='ocrx_word' id='word_1_392' title='bbox 1479 5103 1484 5144; x_wconf 93' lang='lat'>;</span> <span class='ocrx_word' id='word_1_393' title='bbox 1494 5093 1512 5135; x_wconf 91' lang='lat' dir='ltr'>t.</span> <span class='ocrx_word' id='word_1_394' title='bbox 1526 5087 1560 5145; x_wconf 92' lang='lat' dir='ltr'>II,</span> <span class='ocrx_word' id='word_1_395' title='bbox 1571 5101 1613 5149; x_wconf 92' lang='lat' dir='ltr'>pp.</span> <span class='ocrx_word' id='word_1_396' title='bbox 1625 5086 1721 5145; x_wconf 84' lang='lat' dir='ltr'>LVIII,</span> 
     </span>
     <span class='ocr_line' id='line_1_41' title="bbox 463 5160 1724 5225; baseline 0.001 -17"><span class='ocrx_word' id='word_1_397' title='bbox 463 5162 496 5220; x_wconf 93' lang='lat' dir='ltr'>II,</span> <span class='ocrx_word' id='word_1_398' title='bbox 511 5161 949 5223; x_wconf 49' lang='grc' dir='ltr'><strong>1101711).-2.1ὀίι·ῃ.531’535,</strong></span> <span class='ocrx_word' id='word_1_399' title='bbox 963 5165 1007 5211; x_wconf 76' lang='lat'>721</span> <span class='ocrx_word' id='word_1_400' title='bbox 1023 5180 1028 5220; x_wconf 92' lang='grc'>;</span> <span class='ocrx_word' id='word_1_401' title='bbox 1043 5163 1147 5223; x_wconf 84' lang='lat' dir='ltr'>Denifle,</span> <span class='ocrx_word' id='word_1_402' title='bbox 1161 5163 1195 5223; x_wconf 94' lang='lat' dir='ltr'>II,</span> <span class='ocrx_word' id='word_1_403' title='bbox 1210 5164 1265 5212; x_wconf 80' lang='lat'>628.</span> <span class='ocrx_word' id='word_1_404' title='bbox 1278 5190 1310 5197; x_wconf 86' lang='lat'>——</span> <span class='ocrx_word' id='word_1_405' title='bbox 1327 5164 1350 5210; x_wconf 81' lang='lat'>3.</span> <span class='ocrx_word' id='word_1_406' title='bbox 1369 5162 1417 5210; x_wconf 75' lang='lat' dir='ltr'>Ises</span> <span class='ocrx_word' id='word_1_407' title='bbox 1433 5160 1724 5225; x_wconf 70' lang='lat' dir='ltr'>pemonnages&#39;sIgnales</span> 
     </span>
     <span class='ocr_line' id='line_1_42' title="bbox 462 5234 1336 5300; baseline -0.001 -16"><span class='ocrx_word' id='word_1_408' title='bbox 462 5240 557 5284; x_wconf 78' lang='lat' dir='ltr'>sactes</span> <span class='ocrx_word' id='word_1_409' title='bbox 568 5242 614 5283; x_wconf 86' lang='lat' dir='ltr'>ont</span> <span class='ocrx_word' id='word_1_410' title='bbox 626 5234 667 5283; x_wconf 70' lang='lat' dir='ltr'>ete</span> <span class='ocrx_word' id='word_1_411' title='bbox 678 5237 839 5286; x_wconf 74' lang='lat' dir='ltr'>menti0nn6s</span> <span class='ocrx_word' id='word_1_412' title='bbox 851 5252 897 5300; x_wconf 88' lang='lat' dir='ltr'>par</span> <span class='ocrx_word' id='word_1_413' title='bbox 912 5238 1017 5296; x_wconf 87' lang='lat' dir='ltr'>Denifle,</span> <span class='ocrx_word' id='word_1_414' title='bbox 1034 5237 1157 5295; x_wconf 75' lang='lat' dir='ltr'>Cleartul,</span> <span class='ocrx_word' id='word_1_415' title='bbox 1173 5236 1208 5297; x_wconf 94' lang='lat' dir='ltr'>II,</span> <span class='ocrx_word' id='word_1_416' title='bbox 1221 5238 1336 5288; x_wconf 74' lang='lat' dir='ltr'>ota-630.</span> 
     </span>
    </p>
   </div>
   <div class='ocr_carea' id='block_1_10' title="bbox 0 0 2330 6052">
    <p class='ocr_par' dir='ltr' id='par_1_13' title="bbox 0 0 2330 6052">
     <span class='ocr_line' id='line_1_43' title="bbox 0 0 2330 6052; baseline 0 0"><span class='ocrx_word' id='word_1_417' title='bbox 0 0 2330 6052; x_wconf 95' lang='lat' dir='ltr'> </span> 
     </span>
    </p>
   </div>
  </div>
 </body>
</html>
