4650 6059
388 795 450 860 346
875 793 961 867 1347,
985 792 1264 857 222610101111110

442 942 586 1029 1308.
1352 974 1447 1039 1347,
1465 977 1507 1021 aa
1526 960 1697 1023 novembre.

431 1062 520 1145 Sigu.
536 1058 736 1125 Conrandus
751 1057 795 1124 de
813 1057 1066 1137 Rennenbercb,
1084 1077 1159 1122 can.
1176 1064 1210 1122 et
1220 1056 1429 1125 subdecanus
1444 1060 1528 1126 0001.
1545 1058 1705 1127 Colonien.
1714 1070 1726 1133 ¹,

388 1163 479 1248 quod
494 1165 575 1229 olim
590 1163 662 1248 ipse
678 1160 945 1227 subdecanatum
961 1161 1044 1226 0001.
1071 1160 1263 1246 predicte...
1281 1169 1316 1227 et
1336 1163 1489 1248 parroch.
1505 1164 1589 1229 eccl.
1606 1165 1638 1229 in
1654 1163 1727 1248 Hey·

390 1266 579 1347 mersheim,
597 1264 783 1343 Colonien.,
800 1284 859 1349 per
887 1264 1151 1348 quatuordecim,
1169 1272 1203 1329 et
1219 1285 1294 1329 can.
1310 1273 1345 1330 et
1371 1267 1464 1350 preb.
1480 1265 1565 1332 0001.
1581 1265 1727 1344 Leodien.,

389 1392 447 1457 per
463 1392 521 1435 sex
537 1390 643 1435 annos
659 1369 712 1433 vel
729 1367 827 1448 circa,
844 1367 1129 1453 dispensatione...
1155 1388 1224 1433 11011
1252 1370 1400 1450 obtenta,
1431 1368 1574 1454 pacifice
1600 1370 1725 1435 tenuit...

389 1482 423 1539 et
440 1474 483 1539 ad
498 1472 722 1539 sacerdotium
739 1492 808 1536 non
824 1479 1008 1555 promotus,
1022 1470 1065 1536 ad
1078 1470 1169 1554 quod
1178 1492 1214 1536 se
1226 1470 1305 1536 fecit
1317 1471 1534 1557 postmodum
1550 1472 1727 1558 promoveri.

390 1577 532 1660 Quare...
548 1595 643 1661 supp.
660 1582 772 1659 quat...
789 1573 898 1659 ipsum
910 1573 1121 1639 habilitare...
1139 1582 1174 1639 et
1189 1575 1232 1639 de
1243 1594 1334 1640 novo
1348 1574 1527 1659 providere
1541 1575 1726 1661 dignemiui;

390 1700 457 1744 11011
474 1682 560 1745 01101.
576 1678 666 1763 quod
682 1699 754 1744 can.
768 1686 803 1742 et
818 1680 910 1763 preb.
923 1678 1005 1743 eccl.
1023 1677 1197 1744 Colonien.
1220 1678 1369 1744 noscitur
1393 1679 1591 1746 obtinere...
1615 1681 1727 1767 ipseque

389 1783 624 1849 nichilominus
638 1790 777 1867 paratus
792 1789 843 1847 est
860 1782 939 1847 dare
955 1781 997 1847 de
1009 1781 1170 1848 fructibus
1186 1802 1245 1867 per
1261 1803 1337 1848 eum
1354 1803 1395 1847 ex
1411 1782 1581 1869 premissis
1604 1784 1727 1849 indebite

389 1887 556 1972 perceptis
572 1886 653 1951 illud
668 1885 759 1970 quod
775 1886 806 1951 S.
824 1884 875 1965 V.,
891 1884 1075 1952 secundum
1102 1886 1301 1951 immensam
1317 1884 1534 1951 clementiam
1551 1907 1655 1965 suam,
1669 1905 1728 1953 con·

390 1990 541 2055 sideratis
568 1988 817 2054 inmutabilibus
844 1997 878 2054 et
904 1989 1085 2054 excessivis
1110 1989 1266 2075 expensis
1291 2008 1374 2072 quas
1399 1989 1507 2074 ipsum
1523 1990 1728 2055 subdecanum

390 2101 528 2178 propter
543 2092 633 2157 dicte
655 2090 866 2157 Coloniensis
881 2093 1022 2158 ecclesie
1050 2114 1090 2158 ae
1114 2113 1210 2159 suum
1226 2102 1261 2158 et
1277 2113 1410 2160 suorum
1427 2094 1727 2179 consanguineorum

393 2204 517 2261 statum
542 2194 584 2260 de
608 2216 701 2260 more
730 2196 892 2261 nobilium
924 2196 1054 2262 illarum
1077 2198 1224 2284 partium
1254 2197 1363 2263 subire
1388 2218 1520 2285 semper
1547 2199 1689 2284 oportuit
1705 2204 1728 2259 et

394 2306 537 2384 oportet,
549 2299 596 2363 sic
611 2299 823 2364 mandaverit
844 2299 877 2364 in
899 2300 1082 2366 subsidium
1098 2309 1216 2366 contra
1231 2299 1392 2366 Turchos.
1406 2340 1449 2348 -
1466 2299 1543 2366 Fiat
1561 2310 1600 2366 ut
1619 2300 1728 2387 petitur,

394 2404 451 2468 sed
468 2403 509 2468 de
525 2402 685 2468 fructibus
700 2402 866 2489 perceptis
882 2405 1064 2471 concordet
1077 2426 1154 2471 011111
1171 2424 1313 2471 00111010.
1331 2402 1371 2469 R.

439 2506 516 2571 Dat.
532 2506 631 2570 nun.
652 2526 690 2571 10
705 2506 773 2573 kal.
789 2507 861 2574 dec.
878 2514 912 2572 11ο
929 2512 971 2574 6⁰.
988 2509 1057 2592 (13,
1076 2509 1141 2592 64).

449 2645 593 2730 1309·
1356 2676 1451 2743 1317,
1467 2660 1510 2722 26
1528 2661 1700 2724 novembre.

439 2762 528 2847 Sign.
544 2762 618 2829 S.V.
628 2762 770 2829 devotus
785 2771 897 2828 vester
912 2763 1110 2831 Conrandus
1124 2764 1167 2830 de
1180 2763 1436 2842 Renneuberch,
1453 2782 1528 2827 can.
1544 2771 1582 2828 et
1596 2762 1730 2829 subdeca-

397 2887 459 2931 nus
475 2866 557 2932 eccl.
585 2866 771 2947 Colonien.,
793 2866 883 2951 quod
906 2865 1088 2947 Johannes,
1116 2888 1231 2933 0011100
1257 2866 1438 2945 Clevensis,
1464 2864 1730 2932 001011101111100.1

396 2978 477 3037 111110
493 2970 580 3035 sedis
595 2979 702 3055 apost.
719 2971 921 3056 capellanus,
942 2969 1143 3036 decanatum
1171 2972 1252 3037 0001.
1269 2969 1457 3048 Colonien.,
1484 2969 1650 3035 canonice
1672 2966 1731 3034 alias

396 3074 455 3138 sibi
483 3076 652 3155 collatum,
679 3095 844 3139 unacum
872 3075 1044 3140 scolastria
1077 3076 1158 3141 0001.
1192 3074 1382 3160 Maguntin.
1395 3084 1415 3154 ²,
1442 3093 1586 3157 quorum
1617 3083 1733 3155 uterque

396 3178 541 3261 dignitas
557 3178 679 3256 existit,
697 3179 793 3242 simul
810 3197 868 3263 per
895 3180 1004 3263 plures
1029 3199 1145 3259 annos,
1171 3189 1248 3265 post
1273 3187 1308 3243 et
1332 3187 1449 3244 eontra
1477 3177 1734 3242 constitutionem

396 3299 460 3362 que
476 3279 592 3364 incipit
610 3301 627 3342 «
646 3279 849 3345 Execrabilis
868 3303 882 3340 »
901 3282 1026 3364 absque
1051 3280 1300 3366 dispensatione
1326 3281 1474 3366 legitima
1489 3280 1631 3365 pacifice
1647 3276 1735 3346 tenuit

396 3390 429 3445 01
445 3382 603 3466 possedit,
620 3383 743 3447 tructus
758 3384 946 3468 percipiens
972 3404 1013 3448 ex
1038 3384 1175 3463 eisdem,
1200 3385 1302 3450 etiam
1330 3385 1374 3450 ad
1399 3405 1512 3450 sacros
1539 3386 1672 3451 ordines
1686 3401 1735 3449 1101

396 3494 578 3570 promotus,
595 3486 649 3570 qui
663 3487 879 3572 postmodum
897 3488 928 3551 in
947 3488 1109 3553 comitatu
1126 3488 1282 3553 Clevensi
1306 3488 1488 3554 succedens
1503 3488 1546 3553 ad
1562 3489 1692 3554 laicalia
1713 3504 1735 3550 st

396 3590 575 3655 transtulit.
592 3590 704 3673 Quare
719 3590 829 3656 dictus
845 3592 1051 3673 Conrandus,
1068 3594 1124 3676 qui
1141 3592 1183 3657 de
1205 3591 1309 3657 nobili
1325 3611 1447 3676 genere
1463 3591 1567 3655 traxit
1584 3592 1732 3676 originem

395 3701 430 3757 01
441 3694 609 3777 antiquior
619 3695 800 3760 canonicus
810 3696 911 3780 ipsius
921 3696 1061 3761 ecclesie
1074 3695 1249 3761 Colonien.
1260 3694 1382 3773 existit,
1394 3702 1428 3759 et
1444 3714 1506 3781 pro
1517 3694 1589 3779 ipsa
1604 3693 1735 3761 ecclesia

395 3818 460 3880 que
475 3797 577 3861 etiam
595 3800 637 3862 ab
653 3798 798 3881 antiquis
824 3799 1031 3883 temporibus
1058 3819 1117 3884 per
1140 3820 1217 3864 suos
1240 3798 1424 3864 avunculos
1440 3806 1475 3862 et
1487 3799 1735 3884 consanguineo

396 3901 605 3966 laudabiliter
631 3901 743 3966 extitit
767 3904 960 3985 gubernata,
989 3901 1131 3966 fideliter
1155 3901 1322 3967 laboravit
1351 3909 1385 3966 et
1416 3910 1582 3986 perpetuo
1607 3901 1735 3967 laborari

395 4014 531 4089 paratus
546 4013 606 4085 est,
623 4026 718 4090 supp.
736 4005 775 4070 E.
793 4005 823 4070 S.
841 4014 930 4088 quat.
958 4005 1018 4070 sibi
1046 4005 1088 4070 de
1113 4004 1206 4069 dicto
1229 4004 1406 4074 decanatu.
1423 4003 1492 4068 sive
1515 4005 1685 4089 premissis
1699 4024 1735 4068 001

396 4129 510 4172 00111111
528 4109 650 4192 aliquo,
678 4109 730 4172 vel
759 4109 825 4173 alio
853 4108 971 4193 quovis
997 4108 1106 4174 modis
1130 4117 1239 4189 vacet,
1256 4107 1360 4173 etiam
1387 4108 1414 4171 si
1441 4127 1501 4191 per
1516 4108 1632 4173 sedem
1649 4117 1735 4194 apost

397 4210 478 4274 alias
493 4210 578 4274 foret
594 4210 793 4293 generaliter
807 4213 861 4274 vel
878 4211 1066 4295 specialiter
1081 4219 1279 4292 reservatus
1305 4209 1486 4295 dignemini
1502 4210 1544 4275 de
1560 4212 1669 4295 gratia
1685 4231 1735 4297 spe

397 4313 472 4377 ciali
488 4314 672 4398 providere.
683 4313 802 4377 Secum
820 4314 953 4399 insuper
969 4315 1060 4397 quod
1075 4315 1203 4380 dictum
1212 4315 1413 4380 decanatum
1430 4333 1496 4378 una
1512 4335 1591 4379 cum
1603 4314 1735 4401 parrocb

397 4417 478 4481 0001.
495 4416 528 4479 111
546 4414 830 4501 Heymersheym,
847 4417 937 4482 dicte
953 4418 1050 4497 dioc,
1067 4419 1109 4484 de
1130 4439 1197 4501 qua
1213 4418 1244 4482 S.
1261 4417 1300 4483 V.
1316 4437 1423 4502 nuper
1439 4417 1500 4482 sibi
1517 4417 1560 4482 de
1575 4438 1668 4483 novo
1683 4438 1735 4504 pro

399 4519 502 4584 videri
519 4518 701 4599 mandavit,
717 4520 882 4603 generalis
898 4521 1029 4585 concilii
1047 4530 1081 4586 et
1097 4522 1298 4605 quibuslibet
1326 4522 1398 4586 aliis
1423 4529 1531 4605 apost.
1547 4520 1735 4587 constitutio

401 4622 498 4688 nibus
513 4642 727 4706 nequaquam
746 4626 842 4704 obst,
868 4624 965 4688 simul
990 4624 1081 4690 licite
1106 4625 1250 4689 retinere
1274 4625 1398 4702 valeat,
1424 4624 1466 4688 de
1491 4626 1654 4690 uberioris
1669 4625 1735 4691 don

398 4726 503 4810 gratie
518 4726 749 4811 dispensantes
763 4750 772 4807 ;
785 4748 853 4791 non
871 4730 956 4792 obst.
973 4728 1063 4812 quod
1079 4748 1153 4792 can.
1171 4737 1206 4792 01
1220 4730 1312 4812 preb.
1325 4727 1406 4791 eccl.
1420 4726 1595 4794 Colonien.
1610 4728 1735 4794 noscitu

400 4829 562 4909 obtinere,
578 4839 612 4895 et
628 4830 718 4913 quod
731 4830 762 4896 S.
779 4829 819 4896 V.
834 4852 940 4916 nuper
955 4831 1015 4895 sibi
1032 4831 1074 4896 de
1091 4852 1165 4896 0011.
1190 4840 1224 4896 01
1248 4833 1340 4916 preb.
1366 4830 1507 4895 ecclesie
1531 4830 1690 4897 Leodien.
1713 4828 1735 4893 d

399 4954 491 5000 novo
506 4935 681 5001 mandavit
697 4936 847 5001 similiter
862 4935 1060 5020 provideri...
1076 4975 1120 4983 —
1136 4933 1213 5000 Fiat
1229 4942 1266 4999 ut
1282 4935 1416 5019 petitur.
1434 4934 1473 4999 R.

444 5038 521 5103 Dat.
538 5039 637 5104 Avin.
656 5044 673 5103 6
690 5038 757 5105 kal.
774 5040 846 5105 dec.
864 5048 897 5104 a⁰
915 5045 956 5104 6⁰.
973 5042 1042 5119 (13,
1061 5042 1124 5123 64).

436 5222 455 5267 l.
468 5219 530 5267 l'oir
542 5218 689 5278 Sauerlnnd,
704 5219 795 5267 11110111.
812 5218 882 5279 Uri,
895 5235 919 5268 11.
931 5224 986 5269 5112.
1024 5250 1030 5254 -
1048 5223 1071 5269 2.
1083 5221 1145 5268 Voir
1157 5235 1183 5269 n.
1195 5220 1249 5279 318,
1263 5221 1317 5268 666.
