4650 6059
481 766 544 845 110
1040 780 1126 853 1010,
1149 780 1281 843 aaran.

482 934 684 999 conditionis
699 935 831 1015 existat,
847 942 1023 1021 spectante
1046 940 1110 998 etc.
1127 931 1170 997 ad
1196 933 1272 998 coll.
1298 940 1362 1000 etc.
1382 920 1585 1020 [Tornacen.
1601 933 1631 1020 ⁸]
1650 957 1660 1014 ;
1678 956 1748 1001 11011
1763 939 1824 1002 obst

482 1037 596 1121 gratiis
619 1038 819 1123 specialibus
844 1043 904 1104 sub
932 1037 1170 1124 expectatione
1195 1036 1255 1101 sibi
1281 1036 1387 1118 iactiS,
1413 1057 1441 1103 0.
1467 1059 1495 1104 0.
1512 1045 1578 1103 etc.
1605 1039 1651 1103 ad
1680 1040 1757 1106 coll.
1770 1049 1824 1123 etc.

484 1141 614 1205 abbatis
629 1149 664 1206 et
679 1149 865 1207 conventus
881 1141 1075 1207 monasterii
1089 1140 1120 1205 S.
1137 1138 1285 1205 Bavonis
1301 1139 1497 1221 Gandensis,
1513 1142 1667 1226 ejusdem
1691 1144 1783 1225 dioc,
1796 1146 1824 1209 ad

483 1264 523 1308 ea
540 1265 604 1327 que
619 1244 747 1310 habent
763 1245 913 1311 conferre
928 1246 961 1310 in
986 1245 1072 1311 dioc.
1089 1243 1317 1324 Cameracen.,
1337 1253 1372 1310 et
1396 1244 1560 1310 consimili
1588 1248 1696 1314 modo
1711 1248 1754 1314 ad
1767 1250 1819 1314 col

482 1348 653 1433 prepositi,
679 1348 797 1414 decani
824 1357 859 1414 et
884 1348 1021 1434 capituli
1049 1350 1130 1413 eccl.
1156 1347 1188 1413 S.
1215 1347 1356 1412 Lebuini
1385 1347 1638 1433 Daventrensis,
1656 1351 1816 1438 Trajecter.

483 1451 580 1532 dioc,
597 1453 701 1517 etiam
717 1453 743 1517 si
760 1453 980 1519 canonicatus
995 1461 1029 1518 et
1044 1452 1215 1538 prebenda
1228 1473 1294 1518 una
1309 1473 1385 1518 cum
1398 1454 1636 1539 supplemento
1653 1456 1687 1521 in
1703 1457 1815 1523 ecclesia

484 1554 602 1620 eadem
618 1556 773 1622 existant.
789 1598 832 1606 —
849 1556 987 1622 Habeat
1003 1577 1076 1622 can.
1103 1558 1162 1621 sub
1190 1577 1265 1642 exp.
1281 1559 1373 1641 preb.
1389 1556 1423 1620 in
1442 1559 1524 1623 eccl.
1540 1557 1739 1642 Toraltensi,
1753 1560 1824 1632 dioc,

483 1657 669 1725 Tomacen.
1822 1673 1824 1678 '

528 1804 634 1864 1665.
647 1797 737 1882 Mag.
753 1797 903 1875 Johanni
922 1797 1097 1877 Rodsaert,
1108 1795 1295 1862 Tomacen.
1312 1796 1409 1878 dioc,
1425 1796 1468 1863 de
1482 1801 1560 1863 ben.
1577 1802 1660 1866 ecel.
1677 1821 1706 1867 c.
1721 1822 1748 1866 0.
1762 1803 1824 1900 elai

482 1900 526 1966 ad
541 1902 617 1966 coll.
634 1909 709 1980 etc,
726 1901 896 1986 prepositi,
923 1900 1044 1965 decani
1061 1908 1095 1965 et
1111 1899 1249 1985 capituli
1275 1899 1306 1964 S.
1334 1898 1476 1964 Lebuini
1494 1900 1745 1985 Daventrensis,
1759 1903 1824 1978 Tra-l

478 2003 604 2086 jecten.
620 2002 717 2082 dioc,
734 2003 866 2067 etiamsi
882 2004 1100 2069 canonicatus
1112 2011 1147 2068 et
1156 2002 1328 2089 prebenda
1343 2023 1421 2068 cum
1436 2005 1675 2090 supplemento
1686 1983 1824 2095 existant}

481 2147 524 2154 —
541 2105 680 2171 Habeat
695 2107 920 2171 communiter
934 2107 989 2171 vel
1000 2106 1133 2172 divisim
1150 2116 1187 2172 ut
1203 2107 1237 2171 in
1253 2107 1370 2172 forma.

528 2250 626 2311 1666.
653 2243 744 2328 Mag.
760 2242 779 2320 J
783 2243 907 2309 ohanni
925 2243 973 2308 Le
989 2243 1154 2324 Cambier,
1171 2245 1254 2309 alias
1268 2244 1311 2309 de
1327 2243 1505 2324 Leonibus,
1521 2247 1818 2325 Attrebatendioc,

481 2350 523 2413 de
550 2352 626 2414 ben.
643 2350 724 2414 eccl.
750 2368 778 2413 c.
804 2369 833 2413 c.
860 2355 936 2429 etc,
962 2348 1005 2414 ad
1030 2350 1105 2415 coll.
1129 2356 1195 2414 etc.
1221 2349 1353 2414 abbatis
1377 2356 1412 2414 et
1434 2356 1621 2415 conventus
1648 2348 1819 2416 monasterii

482 2452 513 2517 S.
529 2452 618 2517 Petri
636 2451 915 2532 Hunocurtensis,
932 2451 974 2517 O.
998 2451 1029 2517 S.
1057 2451 1106 2531 B.,
1132 2451 1347 2517 Cameracen.
1363 2452 1472 2533 dioc.;
1496 2472 1565 2518 non
1581 2455 1670 2520 obst.
1697 2454 1780 2539 quod
1795 2451 1818 2515 in

481 2555 586 2620 forma
602 2555 772 2620 communi
788 2555 831 2620 ad
845 2558 922 2620 ben.
938 2575 963 2620 s.
981 2575 1009 2620 0.
1026 2554 1068 2619 ad
1084 2556 1160 2620 coll.
1177 2563 1253 2635 etc,
1270 2556 1438 2621 abbatisse
1462 2564 1498 2622 et
1522 2567 1711 2623 conventus
1725 2576 1819 2623 mona·

481 2660 571 2726 sterii
588 2658 625 2723 B.
644 2658 694 2724 M.
712 2658 916 2743 Magdalene
930 2659 973 2724 de
989 2659 1139 2740 Strumis,
1168 2659 1209 2724 O.
1226 2659 1257 2724 S.
1285 2658 1335 2740 B.,
1351 2659 1441 2725 dicte
1466 2659 1565 2741 dioc,
1581 2660 1625 2726 de
1640 2682 1708 2746 qua
1730 2666 1821 2747 sperat

480 2765 617 2828 minime
633 2762 799 2849 provideri
815 2770 952 2849 propter
966 2763 1174 2848 paucitatem
1189 2764 1429 2829 beneficiorum
1445 2783 1471 2829 s.
1487 2784 1527 2844 c.,
1543 2764 1587 2829 sit
1601 2773 1817 2851 expectans.-

481 2866 618 2932 Habeat
634 2866 858 2932 communiter
873 2867 928 2931 vel
943 2866 1087 2946 divisim,
1100 2874 1137 2930 ut
1150 2865 1184 2930 in
1200 2865 1318 2931 forma.

525 3011 624 3071 1667.
649 3003 742 3089 Mag.
758 3003 938 3069 Guillelmo
962 3004 1005 3070 de
1032 3003 1260 3089 Vicolapideo,
1288 3002 1454 3069 Morinen.
1481 3004 1580 3084 (1100.,
1600 3004 1644 3070 (10
1666 3008 1744 3071 ben.
1759 3002 1823 3070 eccl

480 3129 509 3174 0.
526 3130 554 3173 0.
570 3117 646 3188 etc,
664 3108 708 3172 ad
720 3110 795 3173 coll.
812 3115 887 3187 etc,
915 3108 1046 3172 abbatis
1071 3115 1106 3172 et
1132 3116 1320 3172 conventus
1345 3107 1537 3172 monasterii
1566 3108 1621 3174 SS.
1638 3107 1824 3175 Medardiet

480 3212 630 3277 Gildardi
665 3212 874 3276 Suessionen.
901 3234 909 3290 ;
937 3232 1006 3275 non
1035 3213 1120 3275 obst.
1146 3210 1236 3293 quod
1263 3210 1306 3275 ad
1321 3213 1397 3275 ben.
1415 3231 1443 3276 0.
1469 3231 1497 3277 0.
1514 3220 1590 3292 etc,
1608 3211 1653 3277 ad
1673 3214 1749 3278 coll.
1764 3219 1822 3289 etc,

481 3317 611 3381 abbatis
627 3324 660 3380 et
677 3325 863 3379 conventus
879 3314 917 3379 B.
935 3314 1042 3379 Marie
1059 3315 1101 3379 de
1118 3313 1267 3399 Capella,
1295 3314 1337 3379 Ο.
1365 3315 1397 3380 S.
1413 3314 1462 3396 B.,
1481 3314 1651 3381 Morinen.
1675 3315 1771 3396 dioc,
1793 3313 1824 3377 sit

481 3427 673 3504 expectans,
689 3459 731 3467 —
748 3418 887 3483 Habeat
904 3428 1058 3503 utsupra.

527 3565 627 3625 1668.
655 3557 904 3642 Mag.Johanni
931 3557 973 3621 de
1001 3554 1076 3635 Wo,
1105 3553 1266 3620 Leodien.
1284 3555 1381 3635 dioc,
1405 3554 1447 3620 de
1470 3556 1547 3618 ben.
1575 3555 1660 3619 eccl.
1677 3575 1707 3619 0.
1723 3575 1751 3619 0.
1766 3563 1824 3628 etc.¹

482 3670 656 3747 spectante
677 3671 752 3741 etc,
769 3660 811 3726 ad
827 3661 902 3725 coll.
916 3669 990 3739 etc,
1012 3659 1172 3743 prepositi
1200 3659 1341 3725 ecclesie
1365 3657 1403 3724 B.
1430 3657 1537 3722 Marie
1564 3659 1743 3741 Aquensis,
1759 3658 1824 3741 ejus

481 3765 559 3830 dem
575 3766 662 3831 dioc.
684 3803 715 3813 -
744 3764 882 3830 Habeat
897 3773 934 3829 ut
950 3764 1046 3849 petit.

528 3911 626 3972 1669.
662 3902 753 3986 Mag.
785 3901 936 3967 Henrieo
963 3901 1168 3979 Scotelman,
1196 3899 1413 3964 Cameracen.
1441 3899 1539 3979 dioc,
1571 3900 1614 3965 de
1650 3905 1728 3967 ben.
1760 3898 1824 3964 eccl.

483 4030 511 4073 0.
538 4030 566 4073 0.
592 4017 667 4088 etc,
696 4007 739 4072 ad
769 4007 844 4071 coll.
872 4013 947 4084 etc,
974 4004 1140 4069 abbatisse
1166 4012 1200 4068 et
1227 4012 1413 4069 conventus
1438 4004 1632 4069 monasterii
1664 4003 1703 4069 B.
1732 4002 1777 4069 M.
1795 4001 1824 4065 (1(

483 4110 632 4191 Camera,
650 4110 691 4175 Ο.
709 4109 800 4188 Cist,
817 4107 967 4192 ejusdem
983 4107 1068 4172 dioc.
1085 4144 1129 4152 —
1153 4106 1291 4172 Habeat
1318 4106 1542 4171 communiter
1567 4109 1622 4171 vel
1647 4106 1785 4181 divisim,
1800 4113 1824 4167 ut

418 4258 420 4262 ι
483 4214 648 4279 informa.

530 4359 628 4418 1670.
653 4349 743 4432 Mag.
760 4347 948 4430 Glryzelino
975 4346 1274 4433 Lupi,'Tornacen.
1302 4347 1399 4428 dioc,
1416 4347 1457 4412 de
1484 4367 1558 4411 can.
1575 4350 1636 4412 sub
1660 4369 1736 4434 exp.
1751 4348 1824 4434 preb.

484 4457 565 4521 ecel.
583 4455 621 4517 B.
639 4452 687 4517 M.
704 4452 890 4538 Brugensis,
907 4451 1055 4537 ejusdem
1071 4451 1158 4516 dioc.
1175 4493 1217 4499 —
1234 4450 1373 4516 Habeat
1389 4459 1425 4515 ut
1440 4451 1537 4535 petit.
1554 4451 1625 4535 (19,
1645 4455 1734 4537 207).

531 4599 625 4659 1671.
640 4586 730 4674 Mag.
749 4588 928 4654 Francisco
944 4589 985 4653 de
1012 4587 1180 4668 Vleteme,
1209 4587 1332 4652 clerico
1349 4584 1515 4677 Morinen.
1532 4586 1630 4668 dioc,
1646 4595 1684 4653 ut
1696 4583 1824 4673 preposi-

483 4706 537 4772 tus
548 4696 587 4761 'et
597 4704 783 4762 conventus
798 4694 992 4760 monasterii
1009 4692 1045 4758 B.
1064 4691 1112 4758 M.
1129 4694 1171 4758 de
1188 4690 1421 4758 Fourmezeles
1433 4691 1529 4775 juxta
1541 4690 1679 4777 Ypram,
1695 4690 1823 4777 ejusdem

482 4795 637 4880 dioc.,'O.
653 4799 685 4865 S.
701 4796 797 4884 Aug,
815 4819 873 4883 per
885 4797 1092 4883 prepositum
1109 4796 1198 4861 soliti
1214 4795 1399 4879 gubernari,
1413 4792 1524 4879 ipsum
1539 4795 1572 4859 in
1590 4798 1781 4862 canonicum
1794 4797 1824 4854 et

484 4907 516 4970 in
529 4907 664 4971 fratrem
679 4904 780 4989 ipsius
795 4901 988 4995 monasterii
1005 4901 1169 4985 recipiant
1185 4909 1219 4964 et
1235 4900 1426 4979 admittant,
1443 4898 1655 4984 eundemque
1664 4901 1779 4965 sincera
1791 4893 1824 4955 in

483 5006 632 5075 Domino
648 4989 787 5074 caritate
803 5013 961 5087 tractent,
979 5004 1070 5070 etde
1094 5004 1192 5068 bonis
1212 4990 1294 5068 dicti
1320 4991 1523 5082 monasterii,
1541 5004 1628 5069 sieut
1639 5004 1747 5068 uni'ex
1759 4994 1824 5063 aliis

514 5216 542 5273 a)
556 5214 590 5261 Ce
599 5220 653 5260 mot
664 5227 680 5259 a
691 5209 732 5257 eti·
743 5208 831 5269 ajoutd
843 5226 890 5272 par
903 5225 952 5258 11110
969 5216 1042 5258 autre
1054 5210 1132 5257 main.
