4650 6059
959 805 1047 882 1847,
1070 806 1145 873 1θ’-7
1166 805 1339 886 septembre.
1776 810 1832 878 881

475 955 506 1024 8.
520 955 609 1023 Petri
624 955 668 1024 de
684 955 814 1024 Calona
830 956 1002 1044 Riquardi,
1018 956 1189 1025 Morinen.
1205 957 1303 1039 dion,
1315 958 1465 1025 noscitur
1482 959 1688 1027 obtinere-
1699 959 1776 1027 Fiat
1793 960 1836 1028 R.

481 1060 521 1127 lit
533 1061 732 1129 emendetur
746 1061 949 1150 supplicatio
963 1061 990 1128 si
1005 1061 1153 1149 indigeat
1174 1062 1207 1128 in
1233 1062 1430 1131 cancellaria
1447 1060 1487 1133 R.

518 1165 597 1233 Dat.
612 1166 716 1233 Avin.
734 1186 752 1252 3
768 1164 834 1234 kal.
850 1173 936 1253 sept.
949 1172 984 1233 αθ
1000 1170 1042 1235 6⁰.
1059 1166 1133 1253 (14,
1149 1167 1220 1253 4²)·

528 1304 668 1389 1248.
1432 1339 1493 1405 134
1498 1338 1527 1405 7,
1544 1327 1587 1386 rer
1601 1322 1790 1409 septembre.

520 1422 628 1511 Sign...
644 1420 893 1510 G(aucelinus),
910 1419 1011 1511 episc.
1026 1422 1203 1505 Albanen„
1219 1422 1310 1509 quod
1333 1422 1448 1509 vigore
1463 1423 1569 1509 gratie
1584 1433 1694 1492 vestre
1709 1425 1835 1494 dilecto

487 1525 660 1595 tambrerio
674 1546 737 1594 suo
751 1524 935 1594 Lamberto
949 1525 992 1595 de
1009 1524 1174 1596 Ferolio...
1191 1526 1273 1595 olim
1288 1526 1322 1593 in
1338 1528 1449 1594 rotulo
1474 1526 1555 1596 dicti
1571 1528 1720 1617 episcopi
1736 1529 1834 1613 facte,

487 1629 680 1719 prebendam
695 1630 730 1697 in
746 1631 828 1698 eccl.
843 1630 1041 1713 Tornacen„
1065 1630 1099 1697 in
1127 1650 1194 1717 qua
1222 1630 1255 1697 in
1283 1630 1482 1700 canonicum
1497 1642 1652 1721 receptus
1667 1634 1834 1715 extiterat,

488 1754 624 1825 proper
639 1737 694 1803 ob.
710 1732 861 1803 Gaufridi
875 1733 1023 1825 Ruppiui
1039 1742 1059 1818 ¹,
1075 1735 1179 1824 ipsius
1194 1736 1276 1803 eccl.
1293 1755 1378 1820 can,
1395 1744 1489 1803 extra
1506 1734 1694 1803 Romanam
1710 1736 1834 1804 curiam

488 1837 741 1923 decedentem...
757 1840 949 1929 acceptavit
972 1847 1007 1909 et
1021 1840 1064 1907 de
1090 1861 1162 1910 ea...
1178 1841 1239 1909 sibi
1256 1840 1401 1909 obtinuit
1427 1841 1604 1930 provideri.
1621 1841 1708 1909 Cum
1722 1851 1836 1909 autern

488 1942 564 2011 idem
579 1942 781 2012 Lambertus
794 1944 1000 2034 prebendam
1015 1944 1204 2032 hujusmodi
1220 1966 1280 2033 per
1292 1945 1523 2014 vos...dnbitet
1535 1945 1606 2014 fore
1620 1955 1835 2028 reservatam,

533 2069 660 2137 supp...
679 2048 769 2116 idem
785 2048 827 2117 G.
842 2050 1019 2138 episcopus
1034 2058 1125 2137 quat.
1135 2048 1178 2117 de
1194 2070 1234 2116 ea
1245 2050 1307 2137 ipsi
1320 2049 1502 2118 anberto
1527 2050 1709 2137 dignemini
1726 2051 1836 2140 provi·

488 2151 577 2236 ἀπο,
592 2173 664 2221 non
680 2156 767 2221 obst.
783 2153 884 2241 quod.
899 2155 1083 2243 prioratum
1099 2154 1223 2221 Solaris
1238 2175 1279 2222 ac
1295 2155 1377 2221 eccl.
1393 2154 1435 2221 de
1451 2154 1608 2238 Corsaco,
1624 2155 1785 2223 Sarlaten.
1802 2166 1837 2224 et

489 2255 726 2346 Petragoricen.
740 2258 838 2342 dioc,
854 2261 1003 2327 noscitur
1017 2260 1179 2327 obtinere.
1191 2300 1235 2310 —
1248 2256 1325 2325 Fiat
1340 2258 1382 2328 R.

522 2361 599 2430 Dat.
613 2362 717 2432 Avin.
732 2361 800 2432 kal.
815 2374 901 2454 sept.
916 2373 950 2433 αθ
973 2370 1016 2434 6⁰.
1039 2366 1114 2452 (14,
1129 2370 1198 2451 41).

447 2497 448 2534 ³
531 2498 675 2585 1249.
1338 2611 1341 2616 ι
1461 2520 1792 2607 1347,2septembre.

523 2617 625 2687 Motu
635 2620 773 2708 proprio
781 2622 996 2709 providemus
1006 2621 1120 2710 Helye
1135 2624 1178 2691 de
1190 2622 1420 2705 Venthodoro,
1431 2623 1607 2710 capellano
1618 2630 1734 2689 nostro
1746 2642 1836 2689 com-

491 2724 629 2807 mensali,
643 2724 688 2792 de
703 2745 777 2793 can.
793 2735 828 2793 et
850 2730 943 2815 preb.
967 2730 1049 2797 eccl.
1077 2727 1292 2796 Cameracen.
1309 2740 1329 2811 θ,
1354 2748 1428 2795 vac.
1452 2725 1542 2814 apud
1569 2726 1636 2793 sed.
1654 2735 1761 2814 apost.
1777 2746 1837 2814 per

456 2833 474 2862 θ
491 2829 533 2895 nb.
543 2826 711 2908 Johannis
724 2828 767 2896 de
783 2827 898 2913 Borto,
913 2832 1019 2898 nostri
1035 2832 1115 2900 olim
1132 2832 1307 2920 capellani.
1319 2840 1331 2877 ³
1345 2871 1388 2881 -
1404 2828 1480 2898 Fiat
1497 2830 1537 2899 R.

524 2931 603 3000 Dat.
614 2931 718 3001 Avin.
733 2957 755 3023 4
769 2955 850 3004 non.
864 2945 950 3023 sept.
962 2942 996 3003 a⁰
1012 2941 1054 3005 6⁰.
1070 2937 1144 3022 (14,
1154 2937 1240 3023 40').

532 3069 672 3157 1250.
1457 3103 1551 3169 1347,
1568 3109 1586 3170 p
1605 3085 1793 3173 septembre.

524 3188 654 3279 Supp...
673 3189 847 3278 Philippus
861 3191 903 3258 de
929 3192 1083 3273 Arbosio,
1108 3192 1255 3259 decanus
1281 3192 1363 3258 eccl.
1391 3190 1423 3257 S.
1447 3189 1632 3256 Donaciani
1650 3188 1836 3274 Brugensis,

493 3288 666 3362 Tornacem
681 3295 769 3363 dioc.
784 3306 805 3378 ⁴,
821 3304 911 3381 quat.
928 3296 1030 3363 sibi...
1049 3295 1091 3363 de
1115 3317 1188 3364 can.
1204 3296 1286 3362 eccl.
1303 3294 1334 3361 8.
1352 3293 1491 3362 Martini
1508 3293 1706 3361 Toronen...
1725 3293 1838 3377 digne-

493 3397 558 3465 mini
574 3399 793 3488 providere...
810 3439 854 3452 -
870 3398 947 3467 Fiat
961 3400 1000 3467 R.

448 3587 449 3592 ἵ
526 3501 603 3571 Dat.
619 3504 720 3571 Avin.
737 3523 755 3570 2
771 3525 851 3571 non.
867 3514 952 3590 sept.
974 3513 1006 3570 αθ
1023 3508 1065 3569 6⁰.
1082 3505 1156 3588 (14,
1172 3503 1254 3588 50').

448 3663 452 3729 ἓ.
533 3641 668 3725 1251.
1463 3669 1588 3737 13474
1607 3654 1796 3739 septembre.

448 3771 450 3788 ’
525 3759 647 3848 Supp...
666 3757 825 3826 Matheus
839 3759 882 3827 ad
898 3761 993 3842 latus,
1010 3780 1083 3827 can.
1100 3761 1182 3828 eccl.
1200 3758 1367 3826 Morimen.
1383 3767 1404 3842 ⁵,
1420 3766 1512 3845 quat.
1529 3757 1622 3824 sibi...
1635 3758 1678 3823 de
1690 3757 1839 3823 cantoria

490 3861 569 3930 dicte
585 3864 680 3945 eccl,
697 3885 769 3932 vac.
781 3886 842 3951 per
856 3873 1001 3930 mortem
1017 3864 1125 3930 ultimi
1142 3865 1289 3932 cantoris
1308 3863 1466 3950 ejusdem,
1479 3862 1534 3948 qui
1547 3869 1641 3927 extra
1657 3859 1755 3926 Rom.
1772 3880 1838 3926 cur.

489 3964 569 4034 diem
586 3968 708 4036 clausit
723 3977 910 4035 extremum
924 3968 977 4051 ⁶‚...
1001 3968 1185 4054 dignemini
1201 3969 1407 4056 providere...
1422 3990 1430 4049 ;
1457 3985 1526 4032 non
1543 3967 1628 4031 obst.
1645 3961 1735 4049 quod
1751 3962 1839 4028 idem

491 4067 643 4139 Matheus
659 4092 732 4139 can.
748 4081 783 4138 et
797 4075 889 4159 preb.
906 4074 939 4138 in
955 4073 1047 4139 dicta
1063 4075 1144 4139 eccl.
1162 4072 1342 4155 Menneu„
1359 4070 1578 4159 capellaniam
1594 4067 1648 4133 88.
1659 4066 1840 4155 Apostolo-

489 4193 553 4241 rum
569 4174 613 4242 dc
636 4172 911 4262 Champigniaco,
927 4185 1145 4262 personatum
1161 4177 1203 4243 de
1221 4178 1303 4257 Rua,
1316 4175 1463 4242 mediam
1478 4173 1673 4262 porcionem
1689 4171 1841 4259 parroch.

489 4279 563 4345 eccl.
575 4278 620 4345 de
636 4277 747 4366 Braya
762 4280 896 4346 comitis
912 4279 1062 4361 Roberti,
1079 4280 1236 4348 Parisien.
1254 4289 1289 4347 et
1312 4280 1513 4346 Ambianen.
1529 4279 1626 4360 dioc„
1642 4286 1678 4343 et
1693 4297 1766 4343 can.
1782 4278 1842 4342 sub

489 4400 555 4469 erp.
571 4386 666 4471 preb.
682 4384 880 4451 Ambianen.
896 4385 1044 4451 noscitur
1059 4386 1243 4453 obtinere...
1264 4424 1296 4435 -
1321 4384 1393 4452 Fiat
1413 4385 1452 4451 R.

527 4488 607 4555 Dat.
623 4488 725 4555 Avin.
743 4510 760 4554 2
776 4509 857 4557 non.
873 4498 957 4577 sept.
973 4498 1006 4555 αθ
1023 4495 1065 4557 6⁰.
1082 4492 1153 4573 (14,
1172 4493 1255 4576 52*).

533 4625 673 4711 1252.
1458 4656 1552 4724 1347,
1570 4655 1590 4722 7
1609 4639 1797 4726 septembre.

526 4746 616 4832 Sign.
633 4743 790 4827 Jacobus,
817 4765 875 4811 rex
892 4743 1141 4832 Majoricarum,
1158 4745 1248 4831 quod
1275 4744 1400 4812 dudum
1425 4742 1465 4810 E.
1487 4743 1517 4810 8.
1534 4743 1576 4809 ad
1593 4763 1650 4809 sue
1666 4740 1842 4828 peticionis

492 4845 683 4917 instanciam
705 4852 783 4916 ben.
810 4850 892 4919 eccl.
908 4851 998 4936 quod
1023 4849 1197 4930 Johannes
1212 4850 1254 4918 de
1282 4848 1449 4916 Greveriis
1472 4848 1504 4913 in
1528 4845 1610 4914 eccl.
1627 4845 1841 4912 cameracen.

519 5060 539 5109 l.
551 5058 647 5109 Parent
657 5056 694 5106 du
705 5056 833 5107 chenolue
843 5055 876 5106 de
893 5053 970 5119 Llesse
980 5056 1014 5108 de
1025 5071 1054 5107 ce
1071 5072 1131 5105 nom
1148 5055 1199 5107 clte
1211 5071 1243 5106 en
1256 5056 1318 5105 1³40
1337 5061 1363 5105 et
1384 5057 1446 5104 1342
1458 5052 1589 5118 (Berliere
1602 5052 1707 5110 lucent,
1723 5053 1775 5109 117,
1790 5053 1841 5107 121,

496 5130 545 5192 lm)
557 5149 564 5190 ς
575 5134 633 5183 rolr
644 5132 703 5197 plne
713 5132 779 5182 hnut
790 5147 816 5181 n.
829 5132 899 5181 1184.
908 5159 940 5168 -
949 5134 972 5181 2.
981 5131 1006 5180 Il
1017 5137 1056 5180 est
1067 5131 1119 5181 citb
1128 5146 1226 5181 comme
1235 5130 1308 5179 chnn.
1317 5135 1343 5178 et
1352 5130 1460 5178 chentre
1470 5127 1504 5177 de
1516 5127 1627 5176 Toumai
1639 5125 1663 5174 le
1674 5128 1689 5174 9
1702 5139 1769 5173 mure
1781 5125 1843 5173 1319

498 5202 617 5267 (menne,
630 5206 737 5268 Iacent,
746 5220 773 5256 n.
786 5206 853 5268 rte).
865 5234 897 5243 -
914 5208 937 5256 3.
948 5206 1011 5254 Voir
1023 5220 1047 5254 u.
1062 5207 1132 5255 1236.
1143 5234 1176 5242 -
1187 5207 1209 5255 4.
1222 5205 1284 5253 Voir
1295 5219 1320 5253 n.
1335 5204 1388 5253 me.
1399 5231 1432 5239 -
1448 5206 1470 5251 b.
1483 5202 1546 5250 Volr
1557 5215 1582 5250 n.
1596 5202 1625 5250 18
1646 5201 1715 5259 1121,
1730 5200 1800 5249 1150.
1811 5225 1843 5234 -

500 5276 516 5326 i.
524 5280 608 5330 Simon
618 5280 716 5340 Valret,
728 5282 784 5330 rolr
794 5294 820 5329 n.
832 5281 901 5329 less.
