4650 6059
920 742 1007 818 1352,
1030 743 1116 809 20-31
1140 743 1267 810 octobre.
1714 753 1776 818 ola

412 894 474 960 sibi
491 894 535 961 de
549 894 664 979 aliquo
679 896 755 959 ben.
771 894 854 959 eccl.
870 914 899 959 c.
916 914 945 959 c.
961 895 1015 957 vel
1031 913 1056 959 s.
1073 913 1103 959 c.
1118 902 1295 979 spectante
1307 895 1351 960 ad
1363 897 1462 963 coll...
1473 898 1646 985 prepositi,
1656 899 1775 967 decani

412 1007 448 1064 et
463 998 602 1085 capituli
618 999 701 1063 eccl.
717 996 757 1063 B.
774 994 823 1062 M.
843 996 1025 1082 Hoyensis,
1042 995 1204 1062 Leodien.
1217 996 1315 1078 dioc„
1328 1000 1416 1082 [vac.
1427 1002 1484 1065 vel
1501 1001 1644 1089 vacat.],
1661 1003 1776 1089 digne-

411 1103 497 1167 mini
514 1102 701 1189 providere.
716 1141 760 1151 —
776 1101 854 1167 Fiat
871 1099 911 1165 R.

458 1207 540 1274 Dat.
555 1206 656 1273 Avin.
675 1210 712 1271 16
728 1205 797 1271 kal.
811 1224 890 1270 nov.
906 1210 941 1267 a⁰
959 1209 1021 1269 11⁰.
1037 1204 1112 1284 (22,
1133 1206 1233 1288 141').

466 1341 611 1425 2491.
1419 1374 1514 1438 1352,
1532 1378 1573 1421 2ο
1591 1358 1733 1424 octobre.

458 1461 561 1547 Supp.
576 1460 716 1526 servitor
730 1465 842 1524 vester
856 1456 1028 1535 Johannes
1043 1454 1086 1521 de
1098 1455 1238 1521 Varenis
1255 1466 1273 1536 ¹,
1291 1458 1515 1524 subcollector
1531 1460 1673 1527 Camere
1695 1463 1726 1528 S.
1737 1461 1777 1528 V.

412 1565 447 1630 in
466 1564 604 1630 civitate
620 1572 654 1629 et
670 1564 756 1630 dioc.
774 1561 941 1628 Morinen.
955 1580 996 1626 ac
1011 1568 1099 1624 terra
1113 1558 1665 1648 Flandrensi,quat.[Florentiode
1675 1566 1777 1631 Vare-

410 1670 475 1751 nis,
494 1668 634 1756 clerico]
654 1667 821 1733 Morinen.
836 1666 934 1745 dioc„
950 1665 992 1730 de
1008 1665 1082 1729 can.
1099 1671 1133 1729 et
1149 1666 1241 1749 preb.
1257 1666 1340 1729 eccl.
1357 1664 1389 1730 S.
1406 1664 1497 1731 Petri
1513 1668 1672 1749 Ariensis,
1689 1669 1777 1736 dicte

409 1773 512 1852 dioc„
522 1793 597 1838 vac.
607 1793 666 1859 per
679 1775 732 1838 ob.
745 1770 764 1849 J
768 1770 908 1837 ohannis
922 1766 1070 1847 Maresii,
1081 1767 1136 1851 qui
1149 1787 1256 1853 nuper
1269 1776 1362 1832 extra
1373 1769 1497 1834 curiam
1512 1770 1612 1836 Rom.
1624 1772 1777 1850 decessit,

408 1876 475 1941 nisi
493 1876 527 1940 in
543 1875 591 1940 eis
606 1875 704 1940 alicui
718 1874 812 1940 alteri
824 1872 920 1937 suerit
932 1871 1121 1958 specialiter
1127 1872 1181 1957 jus
1191 1871 1369 1957 quesitum,
1381 1872 1564 1959 dignemini
1579 1877 1754 1962 providere
1767 1900 1776 1958 ;

408 2000 480 2045 non
499 1981 585 2044 obst.
601 1978 692 2063 quod
706 1978 795 2044 idem
812 1976 1001 2042 Florentius
1023 1975 1192 2042 defectum
1219 1976 1381 2041 natalium
1407 1979 1553 2064 patiatur
1579 1981 1621 2046 de
1648 1966 1801 2048 subdia-⁹

408 2104 502 2151 cono
516 2084 649 2168 genitus
664 2091 699 2148 et
714 2084 832 2162 soluta,
848 2103 925 2147 curn
941 2102 1009 2166 qno
1035 2089 1072 2146 ut
1094 2080 1187 2146 dicto
1213 2080 1279 2146 def.
1304 2101 1373 2147 non
1399 2085 1566 2165 obstante,
1592 2089 1669 2152 ben.
1695 2090 1778 2153 eccl.

408 2211 440 2255 c.
458 2210 489 2254 c.
505 2189 560 2252 vel
576 2209 602 2254 s.
618 2209 647 2254 c.
663 2189 790 2252 valeret
805 2187 957 2253 obtinere
972 2186 1034 2251 suit
1050 2193 1140 2251 auct.
1156 2193 1264 2271 apost.
1281 2185 1521 2272 dispensatum.
1536 2230 1581 2239 -
1600 2190 1677 2256 Fiat
1694 2190 1735 2257 R.

456 2293 539 2358 Dat.
554 2292 655 2358 Avin.
675 2312 712 2376 13
729 2291 796 2357 kal.
812 2311 890 2356 nov.
907 2297 940 2355 a⁰
960 2296 1021 2355 11⁰.
1038 2289 1114 2373 (22,
1135 2291 1224 2373 169).

464 2428 616 2512 2492.
1423 2461 1517 2525 1352,
1535 2464 1575 2507 21
1592 2447 1731 2509 octobre.

454 2549 557 2634 Supp.
573 2546 746 2624 Johannes
762 2543 960 2609 Guilaberti²
973 2594 981 2624 ,
994 2543 1133 2609 clericus
1146 2541 1352 2624 Narbonen.,
1367 2544 1399 2608 in
1412 2545 1521 2629 regnis
1533 2545 1649 2627 Dacie,
1660 2548 1776 2613 Suecie

406 2662 445 2718 et
463 2650 646 2735 Norwegie
664 2658 776 2715 vester
791 2657 826 2713 et
841 2655 948 2734 apost.
965 2648 1051 2713 sedis
1066 2647 1208 2713 nuncius
1223 2656 1258 2712 et
1273 2649 1438 2713 collector
1453 2647 1775 2733 deputatus,...quat.

406 2757 428 2836 J
433 2756 559 2823 ohanni
586 2755 628 2820 de
653 2754 843 2835 Bouchout,
860 2752 981 2818 clerico
1007 2751 1095 2818 dioc.
1110 2751 1309 2833 Tornacen.,
1325 2751 1442 2837 nepoti
1455 2750 1620 2828 Johannis
1636 2752 1775 2819 Scotila-

406 2861 503 2940 toris,
530 2858 713 2944 receptoris
739 2858 954 2943 pecuniarum
979 2856 1120 2923 Camere
1150 2857 1300 2942 ejusdem
1331 2856 1558 2940 S(anctitatis)
1584 2878 1643 2943 per
1666 2858 1774 2943 ipsum

408 2966 629 3031 collectorem
654 2962 686 3026 in
703 2962 783 3026 villa
799 2961 958 3046 Bmgensi
975 2961 1139 3046 deputati,
1155 2960 1199 3026 de
1215 2981 1290 3025 can.
1306 2963 1365 3026 sub
1389 2980 1465 3045 exp.
1488 2963 1580 3046 preb.
1598 2963 1682 3027 eccl.
1699 2963 1774 3027 coll.
1826 3024 1829 3029 .

408 3070 442 3134 S.
460 3065 644 3132 Donatiani
660 3064 848 3150 Brugensis‚
864 3065 954 3130 dicte
970 3064 1056 3130 dioc.
1072 3064 1272 3145 Tomacen„
1292 3064 1476 3148 dignemini
1498 3065 1718 3150 providere...
1734 3086 1774 3130 ac

408 3190 488 3235 curn
504 3169 571 3233 suis
586 3169 619 3232 in
635 3169 911 3234 vicecancellaria
928 3169 1184 3254 exprimendis...
1201 3176 1238 3233 ut
1255 3168 1287 3232 in
1304 3168 1422 3234 forma.
1435 3209 1476 3217 -
1494 3167 1569 3232 Fiat
1588 3167 1627 3233 R.

455 3273 536 3338 Dat.
552 3273 652 3338 Avin.
673 3295 708 3337 12
726 3272 792 3338 kal.
808 3294 886 3337 nov.
903 3278 936 3336 a⁰
956 3279 1016 3337 11⁰.
1035 3274 1110 3356 (22,
1132 3274 1219 3357 140).

462 3408 615 3493 2493.
1417 3440 1512 3504 1352,
1527 3442 1571 3505 30
1588 3424 1727 3486 octobre.

455 3526 556 3593 Motu
572 3527 709 3613 proprio
725 3526 938 3612 providemus
955 3525 1141 3609 Reginaldo
1156 3525 1198 3590 de
1214 3525 1373 3606 Buciaco,
1389 3525 1483 3610 [cler.
1501 3525 1660 3590 Parisien.
1673 3526 1770 3605 dioc„

409 3633 480 3697 filio
496 3633 574 3697 nob.
591 3631 650 3695 viri
670 3630 827 3715 Symonis
842 3629 884 3693 de
901 3628 1056 3709 Buciacm
1073 3628 1197 3708 militis,
1214 3629 1299 3711 regis
1327 3628 1467 3693 Francie
1484 3630 1661 3693 consiliarii
1678 3628 1720 3714 ³],
1738 3629 1770 3693 in

407 3757 501 3801 nono
517 3736 618 3800 etatis
633 3756 691 3800 sue
707 3733 832 3819 [anno]
849 3734 1044 3813 constitum,
1060 3732 1102 3797 de
1119 3753 1192 3798 can.
1208 3741 1242 3796 et
1257 3735 1349 3817 preb.
1366 3734 1448 3797 eccl.
1465 3731 1681 3798 Cameracen.
1699 3753 1772 3797 vac.

408 3860 469 3926 per
484 3842 538 3905 ob.
555 3838 722 3905 Francisci
750 3838 792 3903 de
817 3836 996 3920 Capelletis
1012 3848 1033 3917 ³,
1061 3836 1116 3920 qui
1144 3844 1238 3900 extra
1265 3835 1392 3900 curiam
1418 3836 1507 3900 diem
1531 3837 1649 3901 clausit
1666 3845 1772 3900 extre-

409 3964 515 4008 mum.
531 3984 574 3993 -
590 3942 669 4007 Fiat
686 3941 727 4007 R.

454 4045 536 4111 Dat.
551 4045 650 4111 Avin.
668 4066 685 4129 3
702 4044 772 4109 kal.
788 4065 866 4109 nov.
883 4053 916 4109 a⁰
936 4051 997 4109 11⁰.
1015 4045 1089 4128 (22,
1111 4045 1197 4127 152).

462 4182 616 4266 2494.
1420 4215 1434 4258 1
1481 4217 1500 4257 2
1554 4215 1571 4257 1
1590 4196 1729 4260 octobre.

454 4299 556 4366 Motu
570 4300 705 4388 proprio
721 4300 934 4384 providemus
960 4298 1140 4364 Francisco
1166 4299 1208 4363 de
1233 4296 1354 4363 Monte
1373 4214 1485 4379 acufd,
1503 4214 1628 4363 ,cljerico
1655 4297 1774 4362 nobilis

407 4406 472 4471 viri
488 4406 644 4491 Symonis
659 4403 701 4468 de
718 4403 863 4468 Buciaco
878 4419 900 4484 ⁴,
916 4404 1040 4483 militis,
1057 4403 1142 4486 regis
1159 4402 1298 4467 Francie
1323 4402 1504 4468 consiliarii
1523 4401 1546 4483 b,
1574 4402 1616 4467 de
1644 4423 1716 4467 can.
1740 4412 1774 4466 et

407 4511 503 4597 preb.
520 4510 551 4574 S.
567 4508 742 4593 Gangerici
759 4507 983 4587 Cameracen,
1000 4526 1072 4571 vac.
1088 4526 1147 4591 per
1174 4509 1228 4572 ob.
1254 4506 1421 4572 Francisci
1449 4528 1485 4571 as
1502 4517 1512 4542 ⁸
1529 4505 1671 4591 Capeles
1687 4518 1708 4572 ⁵.
1731 4547 1773 4555 —

408 4611 650 4782 Ριῖξειῗᾊνίῃ.
669 4736 686 4779 2
703 4714 771 4779 kal.
790 4734 868 4779 nov.
885 4727 920 4778 a⁰
940 4727 1005 4778 11⁰.
1022 4715 1098 4798 (22,
1119 4714 1219 4798 152).

438 4905 469 4964 a)
483 4903 640 4951 Conciliarii.
654 4931 686 4938 -
704 4904 733 4965 b)
747 4904 904 4952 Conciliarii.
916 4932 948 4938 —
964 4905 991 4966 c)
1008 4902 1064 4953 (bd.
1076 4904 1117 4952 nd.

439 5092 464 5137 l.
478 5087 513 5135 Ce
524 5087 579 5135 doit
590 5087 645 5135 etre
657 5101 691 5133 un
704 5087 796 5134 bitard
808 5087 840 5134 dc
852 5087 925 5142 dean,
939 5089 992 5134 voir
1004 5102 1029 5136 n.
1041 5089 1112 5136 2158.
1122 5114 1153 5121 -
1164 5089 1188 5133 2.
1203 5085 1265 5133 Voir
1277 5102 1301 5136 n.
1313 5090 1384 5136 2136.
1397 5115 1427 5122 -
1445 5088 1467 5135 3.
1482 5087 1605 5148 Fr·anc‹.›is
1619 5101 1647 5133 as
1660 5086 1766 5147 t'apelcs

400 5164 464 5212 voir
475 5175 502 5209 n.
515 5161 536 5219 3,
551 5161 587 5219 ru,
603 5161 655 5217 163,
671 5162 722 5218 roo,
738 5163 794 5209 221.
806 5188 838 5194 -
850 5163 873 5207 1.
890 5161 950 5206 1011
962 5175 987 5208 11.
1000 5161 1072 5207 1193.
1084 5188 1116 5195 -
1128 5164 1150 5208 s.
1163 5158 1203 5208 lo.
