4650 6059
556 777 619 841 804
1122 775 1208 847 1347,
1231 774 1250 838 2
1273 791 1361 839 mars.

555 930 626 1016 pho
641 949 681 995 ac
695 930 812 1014 gratie,
828 927 1053 1014 acceptationi
1070 934 1104 991 et
1119 926 1302 1011 provisioni
1319 927 1420 1013 ipsius
1435 927 1605 1013 predictis,
1622 925 1793 995 Gerardus
1817 929 1924 997 dictus

555 1032 664 1112 Oude,
689 1035 798 1118 presb.
814 1034 903 1099 dicte
926 1032 1024 1113 dioc,
1052 1053 1088 1097 se
1113 1051 1289 1117 opponens
1315 1039 1472 1118 pretextu
1501 1032 1672 1117 cujusdam
1699 1033 1823 1100 frivole
1853 1036 1925 1121 pre·

557 1136 755 1201 sentationis
778 1137 850 1217 sibi,
867 1144 903 1202 ut
928 1135 1060 1216 dicitur,
1087 1135 1185 1200 laeter
1205 1134 1247 1200 de
1274 1135 1405 1215 eadem,
1421 1156 1457 1201 se
1479 1135 1514 1200 in
1538 1135 1667 1202 dictam
1683 1136 1767 1202 eccl.
1791 1137 1924 1203 intrusit

558 1248 592 1304 et
607 1246 620 1272 ⁸
635 1241 880 1325 possessionem
895 1240 1044 1325 ejusdem
1060 1238 1210 1304 indebite
1226 1239 1416 1325 occupavit,
1431 1247 1532 1325 prout
1548 1239 1660 1328 adhuc
1676 1240 1811 1306 detinet
1827 1261 1924 1307 occu·
1954 1265 1957 1270 ·

556 1352 681 1430 patam,
699 1344 833 1424 fructus,
856 1343 1006 1409 redditus
1021 1352 1055 1409 et
1078 1351 1264 1429 proventus
1290 1343 1479 1429 percipiens
1506 1364 1548 1408 ex
1576 1342 1707 1424 eadem,
1724 1351 1759 1408 et
1785 1343 1924 1430 propter

556 1448 717 1533 premissa
734 1456 768 1513 et
791 1449 939 1533 ipsorum
954 1447 1133 1514 occasione
1157 1455 1228 1512 tam
1243 1446 1411 1513 Gerardus
1436 1468 1539 1532 quam
1564 1446 1765 1535 Rodolphus
1780 1448 1922 1535 predicti

557 1550 599 1616 ad
626 1552 740 1616 sedem
765 1560 874 1637 apost.
894 1552 1116 1638 appellarunt,
1143 1548 1192 1614 ita
1215 1548 1305 1633 quod
1331 1549 1477 1613 finaliter
1503 1569 1604 1614 causa
1633 1548 1839 1635 hujusmodi,
1866 1572 1923 1637 per

556 1656 761 1741 presentiam
787 1655 868 1721 dicti
895 1653 1064 1741 Rodolphi
1089 1661 1124 1719 et
1148 1653 1411 1739 appellationem
1436 1652 1518 1718 dicti
1543 1650 1686 1719 Gerardi
1709 1654 1754 1720 ad
1780 1656 1922 1721 eandem
1969 1683 1972 1688 ·

557 1755 671 1821 sedem
687 1762 794 1841 apost.
816 1755 929 1821 extitit
941 1754 1133 1820 introducta
1148 1776 1157 1834 ;
1170 1763 1204 1819 et
1217 1754 1364 1835 tandem,
1378 1777 1456 1822 curn
1469 1766 1667 1844 procurator
1678 1757 1760 1824 dicti
1770 1758 1921 1841 Gerardi,

557 1859 692 1944 singulis
702 1860 911 1943 singulariter
926 1858 1078 1924 terminis
1091 1857 1263 1924 audebitis
1275 1866 1310 1923 et
1323 1861 1700 1942 consuetis,tamcoram
1712 1861 1806 1927 dom.
1820 1861 1921 1928 Fran·

559 1964 649 2028 cisco
666 1962 774 2028 Rome
790 1983 891 2047 quam
906 1961 926 2039 J
930 1962 1063 2028 ohanne
1090 1963 1132 2027 de
1157 1960 1178 2039 J
1181 1981 1310 2042 aurens,
1326 1964 1441 2047 palatii
1462 1973 1569 2050 apost.
1583 1984 1759 2031 causarum
1775 1974 1812 2031 et
1832 1965 1921 2032 dicte
1962 1977 1972 2092 p

560 2089 659 2133 cause
671 2067 887 2149 auditoribus,
903 2068 1091 2134 successive
1114 2067 1265 2148 servatis,
1283 2067 1367 2132 citra
1386 2075 1502 2133 tamen
1518 2068 1562 2134 ad
1576 2068 1781 2134 audiendum
1804 2072 1920 2136 volun·

559 2180 666 2236 tatem
677 2172 757 2237 dicti
782 2170 872 2237 dom.
890 2170 1059 2238 Francisci
1075 2190 1174 2257 super
1190 2169 1393 2235 admissione
1409 2180 1444 2237 et
1455 2172 1645 2257 repulsione
1653 2172 1874 2239 articulorum
1888 2173 1919 2237 in

559 2275 650 2341 dicta
667 2296 766 2341 causa
780 2275 937 2340 datorum
953 2275 1072 2357 eidem,
1090 2272 1324 2361 Rod[olphus]
1336 2274 1427 2340 diem
1438 2274 1508 2339 vite
1524 2275 1717 2368 sue'clausit
1732 2284 1919 2341 extremum

560 2388 655 2443 extra
669 2378 767 2444 Rom.
781 2380 919 2446 curiam.
931 2379 1043 2463 Quare
1058 2399 1153 2464 supp.
1167 2377 1255 2443 idem
1271 2398 1339 2459 rex,
1353 2386 1443 2463 quat.
1460 2378 1521 2444 sibi
1534 2379 1569 2443 in
1581 2399 1666 2464 pers.
1683 2363 1761 2474 cler.
1778 2399 1820 2446 ac
1835 2400 1920 2465 mag.

559 2483 686 2568 capelle
702 2503 760 2547 sue
775 2483 913 2549 Gerardi
930 2482 1041 2547 Brune
1058 2494 1077 2564 ¹,
1095 2481 1255 2548 Leodien.
1271 2481 1368 2562 dioc,
1386 2503 1475 2567 spec.
1490 2502 1541 2568 gr.
1564 2482 1738 2564 iacientes,
1754 2483 1866 2570 ipsum
1880 2482 1921 2548 ad

558 2607 659 2651 omne
671 2588 734 2670 juS,
751 2594 785 2651 et
801 2586 835 2651 in
852 2586 944 2652 omni
955 2586 1029 2671 jure
1054 2585 1144 2671 quod
1170 2584 1231 2671 ipsi
1258 2583 1448 2671 Rodolpho,
1465 2585 1546 2650 dum
1573 2592 1688 2670 ageret
1703 2586 1738 2650 in
1754 2587 1919 2665 humanis

557 2690 591 2755 in
622 2691 713 2756 dicta
744 2690 896 2777 parroch.
912 2692 995 2756 eccl.
1026 2692 1243 2777 competebat
1273 2697 1308 2754 et
1338 2696 1531 2774 competere
1562 2695 1705 2774 poterat,
1737 2689 1918 2776 dignemini

436 2818 444 2830 ·
557 2796 746 2879 subrogare,
763 2804 798 2859 et
820 2795 881 2859 sibi
898 2794 1002 2859 etiam
1017 2794 1059 2860 de
1086 2795 1159 2880 ipsa
1181 2792 1367 2879 providere,
1383 2801 1420 2858 ut
1443 2792 1477 2857 in
1493 2793 1600 2859 forma
1614 2814 1623 2873 3
1638 2812 1710 2858 non
1738 2796 1826 2860 obst.
1842 2814 1919 2879 qua·

557 2917 687 2981 cunque
702 2897 771 2963 litis
785 2895 1039 2983 dependentiab
1060 2904 1155 2963 mota
1173 2896 1354 2982 Rodolpbo
1377 2896 1531 2982 predicto
1554 2896 1795 2982 premissorum
1822 2917 1916 2963 occa-

556 3001 670 3081 sione;
688 3010 722 3066 et
738 3003 828 3086 quod
844 3002 933 3068 idem
957 3001 1123 3067 Gerardus
1138 3000 1181 3066 ad
1206 3000 1401 3085 archiepisc.
1418 3006 1453 3064 et
1477 3020 1548 3087 cap.
1565 2999 1803 3083 Terraconen,
1820 3021 1916 3086 quam

555 3104 669 3170 habita
685 3106 893 3190 possessione
909 3106 1052 3191 pacifica
1067 3105 1158 3171 dicte
1174 3106 1257 3170 eccl.
1283 3112 1334 3169 est
1358 3104 1528 3170 dimittere
1555 3112 1700 3190 paratus,
1726 3126 1862 3172 necnon
1877 3103 1916 3170 ad

556 3228 658 3294 prep,
688 3209 761 3273 dec.
787 3217 821 3273 et
848 3229 922 3294 cap.
947 3208 1151 3289 LeodiensiS,
1179 3217 1214 3273 et
1242 3208 1285 3273 ad
1318 3209 1418 3293 episc.
1454 3206 1626 3289 Leodien.‚
1655 3208 1790 3274 etiamsi
1820 3209 1915 3294 dign,

556 3333 640 3396 pers.
657 3313 711 3375 rel
728 3312 783 3376 off.
800 3312 931 3392 existat,
949 3313 1034 3392 coll,
1046 3320 1121 3393 etc,
1134 3309 1299 3376 beneficia
1315 3311 1407 3391 eccl,
1423 3330 1483 3395 per
1509 3310 1540 3376 S.
1557 3308 1597 3375 V.
1613 3309 1754 3392 litteras,
1771 3310 1917 3377 noscitur

557 3421 745 3498 expectare.
761 3454 805 3463 -
820 3414 1053 3498 Subrogamus,
1069 3423 1134 3480 etc.
1152 3413 1193 3479 R.

601 3517 679 3582 Dat.
695 3517 796 3582 rivin.
815 3521 832 3580 6
849 3537 927 3582 non.
941 3526 1037 3584 mart.
1053 3526 1086 3584 a⁰
1104 3526 1145 3602 5⁰.
1163 3518 1235 3602 (10,
1256 3518 1359 3602 rool).

609 3652 899 3739 1162-1163.
1617 3681 1713 3748 1547,
1733 3686 1753 3729 2
1771 3685 1876 3729 mars.

599 3771 701 3857 Supp.
716 3770 737 3848 J
740 3772 889 3837 ohannes
905 3771 947 3837 de
964 3771 1153 3856 Columpna
1169 3768 1259 3835 card.
1275 3780 1297 3849 ²,
1313 3777 1404 3853 quat.
1421 3768 1455 3832 in
1465 3788 1552 3853 pers.
1562 3767 1703 3853 legitimi
1718 3768 1856 3853 nepotis
1870 3767 1920 3833 sui

556 3874 715 3960 Stephani
731 3885 752 3956 ³,
775 3876 845 3940 nati
862 3876 1024 3961 Stephani
1040 3874 1082 3940 de
1098 3874 1296 3958 Columpna,
1313 3892 1401 3957 spec.
1422 3871 1484 3956 ipsi
1507 3869 1666 3936 cardinali
1681 3891 1730 3956 gr.
1746 3870 1923 3948 iacientes,

554 3979 706 4062 predicto
727 3978 899 4064 Stephano
929 3979 971 4044 de
1001 3999 1075 4043 can.
1101 3986 1135 4042 et
1161 3980 1253 4062 preb.
1277 3976 1359 4040 eccl.
1376 3974 1602 4055 Cameracen,
1617 3995 1693 4041 vac.
1716 3995 1778 4060 per
1800 3976 1926 4060 resign.

555 4081 692 4145 liberam
709 4081 833 4146 iactam
849 4081 891 4145 de
915 4081 994 4166 ipsis
1009 4080 1098 4165 apud
1113 4079 1227 4145 sedem
1241 4086 1349 4164 apost.
1365 4098 1425 4163 per
1437 4077 1573 4143 Petrum
1586 4077 1760 4162 quondam
1782 4076 1929 4164 Agapiti

555 4183 596 4247 de
620 4183 818 4269 Columpna,
847 4206 905 4250 seu
936 4192 1186 4270 procuratorem
1220 4184 1322 4270 ipsius
1347 4184 1390 4248 ad
1420 4184 1486 4249 hoc
1510 4183 1660 4268 legitime
1684 4184 1928 4262 constitutum,

555 4286 736 4370 dignemini
753 4288 937 4372 providere.
960 4326 991 4335 -
1014 4286 1089 4351 Fiat
1107 4287 1146 4353 R.

598 4429 693 4489 1163.
720 4422 807 4487 Item
830 4445 925 4510 supp.
951 4424 1039 4490 card.
1062 4426 1242 4509 predictus,
1270 4435 1361 4511 quat.
1377 4427 1438 4492 sibi
1456 4427 1489 4491 in
1513 4447 1599 4512 pers.
1622 4426 1792 4493 karissimi
1809 4427 1934 4493 fratris

555 4525 604 4587 sui
619 4524 748 4607 Jacobi,
775 4528 847 4592 nati
879 4529 1040 4613 Stephani
1061 4530 1177 4595 militis
1195 4531 1237 4596 de
1264 4529 1466 4615 Columpna,
1483 4550 1573 4615 spec.
1589 4551 1637 4615 gr.
1653 4530 1830 4612 iacientes,
1846 4551 1936 4616 pre0

555 4625 625 4691 sato
639 4625 659 4703 J
662 4630 768 4693 acobo
780 4629 822 4694 de
838 4651 911 4695 can.
924 4638 958 4694 et
983 4633 1086 4716 preb,
1103 4653 1186 4715 quos
1212 4634 1246 4696 in
1267 4633 1358 4698 dicta
1384 4633 1600 4699 Cameracen.
1617 4636 1700 4701 eccl.
1717 4655 1797 4700 ven.
1823 4643 1939 4721 pater

554 4727 644 4794 dom.
668 4729 834 4807 Jordanus
864 4733 906 4798 de
937 4733 1135 4821 Columpna,
1163 4736 1290 4802 electus
1317 4736 1455 4817 Lunen,
1480 4758 1520 4802 ac
1534 4757 1715 4822 germanus
1741 4737 1938 4805 cardinalis

585 4916 613 4977 a)
630 4917 686 4965 Crui.
701 4919 735 4966 Et
747 4921 782 4967 in.
794 4947 826 4953 —
838 4920 868 4980 b)
882 4919 938 4969 Cori,
951 4920 1009 4969 Lite
1020 4921 1201 4984 dependentia.

555 5041 802 5053 ---..-.-

587 5126 609 5171 1.
622 5124 682 5171 Voir
694 5140 718 5173 n.
731 5128 784 5183 217,
797 5129 851 5185 553,
866 5130 920 5175 iil.
932 5156 964 5162 —
976 5132 998 5175 2.
1012 5130 1133 5177 Cnrrlinal
1144 5131 1176 5179 dc
1187 5132 1299 5193 St·Ange
1312 5149 1317 5182 :
1330 5135 1385 5180 voir
1397 5149 1421 5182 n.
1434 5137 1472 5182 22.
1484 5162 1516 5169 -
1528 5136 1551 5183 3.
1565 5131 1666 5182 Decede
1676 5148 1709 5181 en
1722 5136 1794 5195 lars,
1803 5133 1877 5198 apres
1889 5139 1935 5177 ⁸²³

555 5199 698 5256 promerion
709 5214 743 5245 au
755 5200 904 5259 canliualut,
917 5203 982 5248 mais
992 5210 1070 5249 ararit
1082 5203 1181 5252 d'avoir
1192 5220 1252 5266 regu
1264 5220 1310 5254 son
1322 5208 1382 5255 titre
1392 5207 1495 5269 (Eubel,
1509 5207 1528 5267 1,
1542 5207 1596 5269 23).
