4650 6059
960 772 1047 852 1348,
1071 771 1111 836 29
1132 775 1213 838 aaut.
1713 778 1765 842 113

442 925 530 991 Item
548 948 646 1013 supp.
657 925 747 991 idem
760 926 925 991 Robertus
936 924 979 990 de
994 922 1122 1005 Tuici0,
1133 943 1211 989 eum
1220 923 1314 1008 plura
1324 922 1485 989 dimiserit
1500 927 1575 990 ben.
1589 928 1765 994 occasione

402 1030 487 1096 dicte
502 1032 612 1116 gratie
627 1052 688 1117 per
704 1032 868 1118 prefatum
884 1029 974 1095 (lom.
992 1027 1247 1115 B[enedictum]
1263 1048 1319 1114 pp.
1341 1028 1373 1092 in
1390 1028 1481 1094 dieta
1507 1031 1588 1097 eccl.
1605 1030 1765 1098 Leodien.

404 1136 459 1201 sibi
470 1137 571 1217 facte,
581 1157 649 1221 que
660 1136 846 1223 recuperari
856 1156 924 1201 non
937 1142 1086 1221 possunt,
1097 1141 1196 1220 prout
1206 1133 1427 1199 vicedecanus
1437 1143 1472 1200 et
1484 1136 1666 1220 capitulum
1676 1136 1765 1203 dicte

406 1238 565 1306 Leodien.
581 1242 666 1306 eccl.
682 1241 716 1304 in
733 1240 851 1305 litteris
865 1239 941 1304 suis,
957 1240 989 1304 S.
1006 1237 1045 1303 V.
1060 1238 1103 1303 ad
1118 1258 1254 1324 presens
1277 1257 1338 1323 pro
1354 1238 1426 1324 ipso
1442 1238 1576 1304 directis
1591 1247 1765 1322 testantur,

407 1365 463 1410 nec
478 1364 618 1410 seeums
632 1344 743 1410 adhuc
759 1345 802 1410 sit
817 1343 859 1409 de
875 1344 934 1408 lite
950 1343 1068 1423 sutura,
1086 1343 1238 1427 quamvis
1263 1342 1377 1407 multis
1397 1343 1493 1408 annis
1516 1364 1614 1430 super
1637 1346 1765 1431 prefata

408 1448 506 1533 gratia
522 1448 557 1514 in
575 1449 667 1514 curia
684 1448 872 1532 litigaverit,
889 1469 956 1512 non
973 1447 1044 1511 sine
1058 1446 1189 1530 magnis
1200 1446 1363 1531 expensis,
1376 1455 1413 1511 ut
1422 1447 1592 1533 prefertur,
1603 1457 1694 1533 quat.
1704 1449 1764 1514 sibi

409 1552 535 1619 decan.
551 1554 636 1618 eccl.
652 1551 859 1633 Sosatiensis,
876 1551 1050 1617 Colonien.
1066 1550 1164 1630 dioc,
1181 1571 1220 1615 ac
1236 1567 1301 1615 una
1317 1550 1359 1615 de
1375 1553 1465 1636 preb.
1482 1552 1661 1637 majoribus
1675 1551 1765 1618 dicte

364 1695 366 1706 =
410 1658 493 1738 eccl,
510 1658 546 1721 in
563 1677 631 1741 qua
647 1658 790 1742 majores
805 1664 839 1721 et
862 1656 1007 1721 minores
1022 1654 1192 1740 prebende
1208 1655 1364 1734 existunt,
1381 1676 1514 1721 necnon
1538 1677 1624 1743 pers.
1639 1658 1694 1721 vel
1710 1659 1765 1723 off.

411 1781 474 1826 cc.
490 1763 547 1826 vel
568 1760 603 1825 in
625 1760 717 1825 dicta
733 1761 815 1826 eccl.
831 1781 905 1825 vac.
920 1760 975 1824 vel
991 1759 1177 1825 successive
1192 1767 1302 1824 vacat.
1324 1767 1417 1824 motu
1435 1761 1569 1846 proprio
1584 1761 1765 1846 dignemini

412 1866 591 1951 providere.
608 1863 689 1930 Non
715 1868 859 1930 obstant.
876 1862 1171 1930 consuetudinibus
1198 1862 1288 1928 dicte
1304 1864 1385 1929 eccl.
1413 1865 1530 1948 quibus
1555 1865 1634 1930 inibi
1656 1866 1765 1932 caveri
1857 1888 1861 1895 ·

414 1968 524 2036 dicitur
551 1990 596 2034 ne
623 1969 697 2053 quis
723 1968 813 2033 dicte
839 1968 979 2033 ecclesie
1002 1967 1194 2046 canonicus
1222 1966 1282 2031 nisi
1308 1987 1367 2051 per
1383 1989 1499 2034 omnes
1513 1969 1659 2036 minores
1675 1974 1765 2056 preb.

414 2075 568 2159 gradatim
599 2073 770 2151 ascendat,
796 2074 943 2158 aliquam
968 2072 1010 2136 de
1040 2071 1138 2136 dictis
1164 2073 1256 2156 preb.
1286 2072 1465 2157 majoribus
1495 2072 1596 2158 ipsius
1625 2073 1765 2140 ecclesie

415 2179 514 2244 valeat
530 2178 719 2264 adhipisci;
736 2198 794 2242 seu
810 2178 900 2262 quod
915 2174 1102 2260 hujusmodi
1119 2195 1205 2260 pers.
1222 2175 1276 2239 vel
1289 2176 1345 2241 off.
1361 2176 1451 2241 dicte
1467 2178 1559 2259 ecel,
1576 2199 1653 2244 cum
1669 2200 1766 2244 vaca-

415 2284 498 2364 verit,
516 2282 685 2349 canonico
700 2281 801 2367 ipsius
816 2282 898 2347 eccl.
915 2279 1113 2346 Sosatiensis
1136 2277 1311 2344 dumtaxat
1334 2280 1541 2365 prebendato
1557 2283 1767 2348 consueverit

415 2387 574 2473 assignari.
591 2427 635 2435 -
652 2385 727 2450 Fiat
745 2384 784 2449 R.
805 2384 917 2471 [motu
930 2384 1066 2470 proprio
1084 2383 1158 2469 R]¹³.

450 2491 525 2557 Dat.
542 2512 598 2577 ap.
615 2489 865 2555 Villamnovam
882 2512 901 2573 4
917 2486 984 2553 kal.
1001 2497 1085 2573 sept.
1102 2497 1135 2553 a⁰
1152 2497 1195 2554 2⁰.
1211 2490 1259 2571 (5,
1280 2490 1366 2573 183).

454 2644 697 2731 503·504.
1466 2679 1561 2744 1343,
1578 2681 1618 2744 29
1635 2666 1723 2728 ooztt.

450 2764 538 2849 Sign.
554 2762 706 2829 notarius
720 2767 841 2841 vester,
859 2758 1055 2845 Raynaldus
1069 2761 1112 2827 de
1128 2761 1203 2825 filiis
1220 2760 1298 2827 Ursi
1310 2772 1328 2841 ¹,
1352 2762 1537 2845 quodlicet
1554 2763 1669 2847 Ursus,
1695 2786 1766 2849 ger-

363 2875 366 2880 '
417 2889 523 2935 nanus
538 2889 628 2948 suus,
645 2888 720 2933 can.
737 2874 772 2931 et
786 2868 878 2951 preb.
895 2865 937 2930 de
954 2863 1153 2931 Nascinton.
1167 2866 1201 2929 in
1211 2867 1293 2931 eccl.
1308 2864 1515 2931 Lincolnien.
1526 2876 1536 2902 ¹
1548 2867 1662 2934 luisset
1677 2880 1765 2935 auct.

416 2983 513 3059 apost.
531 2971 697 3039 canonice
713 2978 892 3049 assecutus,
909 2969 1049 3054 illosque
1064 2989 1123 3054 per
1137 2970 1263 3035 multos
1278 2991 1385 3036 annos
1400 2971 1601 3057 possedisset
1612 2982 1646 3038 et
1661 2975 1765 3060 possi·

413 3076 497 3141 deret
514 3076 658 3162 pacifice
674 3083 708 3139 et
724 3074 846 3157 quiete,
875 3082 988 3139 tamen
1016 3073 1186 3139 Unfredus
1211 3073 1254 3138 de
1278 3076 1398 3160 Asting
1413 3086 1433 3155 ³,
1458 3077 1513 3159 qui
1539 3098 1599 3162 pro
1626 3079 1703 3143 cler.
1731 3101 1766 3144 se

412 3183 497 3264 gerit,
515 3181 646 3245 dictum
664 3179 788 3244 Ursum
805 3179 930 3245 eisdem
947 3200 1021 3244 can.
1038 3189 1072 3242 et
1088 3183 1180 3264 preb.
1198 3189 1315 3244 contra
1328 3181 1490 3264 justitiam
1502 3183 1668 3266 spoliavit,
1685 3184 1764 3248 etin

411 3287 481 3371 ipsis
498 3307 577 3350 can.
603 3296 636 3348 et
662 3287 752 3368 preb.
778 3293 904 3347 temere
929 3305 963 3346 se
989 3284 1121 3347 intrusit
1147 3284 1285 3367 illosque
1313 3286 1502 3369 occupavit,
1531 3298 1629 3371 prout
1656 3289 1765 3352 adhuc

363 3366 367 3434 i
409 3386 534 3450 detinet
551 3395 758 3469 occupatos;
776 3396 989 3471 propterque
1006 3386 1115 3451 dictus
1133 3386 1238 3451 Ursus
1256 3387 1298 3451 ad
1315 3387 1428 3452 sedem
1447 3399 1554 3473 apost.
1572 3393 1764 3476 appellavit,

408 3494 496 3575 cujus
514 3491 752 3575 appellationis
768 3513 901 3556 causam
920 3501 953 3554 et
970 3492 1095 3572 negotii
1120 3492 1312 3576 principalis
1338 3514 1413 3557 ren.
1434 3494 1505 3558 viro
1526 3494 1616 3560 dom.
1635 3495 1766 3560 Thome

409 3593 547 3672 Fastoll‘,
564 3594 706 3658 auditori
725 3616 895 3659 causarum
912 3595 1024 3679 palatii
1042 3605 1160 3679 apost,
1179 3594 1379 3660 audiendam
1406 3598 1616 3663 commisistis
1643 3610 1676 3664 et
1701 3601 1765 3665 fine

407 3701 522 3765 debito
550 3700 819 3778 terminandam
848 3721 911 3784 que
938 3701 971 3763 in
997 3701 1243 3764 contumaciam
1269 3700 1348 3765 dicti
1376 3700 1515 3766 Unliedi
1544 3715 1593 3767 est
1622 3726 1765 3788 promm-

407 3807 491 3871 ciam
510 3805 683 3869 adsedem
702 3805 886 3889 predictam
904 3806 1050 3887 legitime
1066 3805 1236 3880 devoluta,
1253 3817 1286 3869 et
1306 3807 1336 3868 in
1355 3828 1394 3870 ea
1412 3828 1513 3889 usque
1531 3809 1572 3872 ad
1586 3810 1763 3891 juramenti

406 3911 446 3973 (le
470 3909 666 3993 calumpnia
691 3908 929 3993 prestationem
958 3910 1115 3973 inclusive
1140 3930 1342 3994 processum.
1370 3909 1453 3973 Cum
1480 3924 1590 3975 autem
1621 3915 1764 3997 prelatus

410 4011 515 4078 l'rsus
531 4031 638 4095 nuper
653 4011 760 4075 dictos
776 4033 848 4077 ean.
866 4023 899 4077 et
917 4017 1006 4097 preb.
1024 4023 1058 4077 et
1075 4035 1175 4076 omne
1188 4014 1241 4098 jus
1257 4014 1316 4077 sibi
1345 4025 1541 4099 competens
1569 4018 1601 4079 iu
1629 4018 1763 4096 eisdem,

407 4117 462 4180 lite
480 4113 672 4199 hujusmodi
685 4114 731 4178 sic
748 4114 925 4200 pendente,
943 4117 1140 4180 inmanibus
1155 4117 1193 4180 R.
1207 4116 1243 4180 P.
1256 4117 1345 4181 dom.
1361 4117 1517 4184 Portnen.
1528 4133 1537 4162 ⁴
1550 4122 1637 4205 apud
1650 4123 1761 4186 sedern

409 4222 523 4306 ipsam,
541 4241 601 4305 per
616 4231 864 4305 procuratorem
882 4222 1076 4304 legitimum,
1099 4232 1219 4306 sponte
1237 4233 1270 4285 et
1287 4222 1387 4284 libere
1400 4225 1624 4307 resignaverit,
1642 4226 1763 4291 dictus-

409 4346 468 4409 que
486 4324 579 4390 card.
597 4324 782 4409 hujusmodi
800 4325 1069 4408 resignationem,
1086 4325 1127 4389 de
1144 4325 1304 4389 mandato
1320 4333 1432 4389 vestro
1445 4325 1519 4387 vive
1531 4326 1763 4390 vocisoraculo

410 4431 463 4492 sibi
484 4429 586 4509 facte,
604 4428 773 4493 admiserit
788 4452 795 4505 ;
813 4450 907 4513 supp.
926 4429 1012 4493 idem
1030 4429 1226 4514 Raynaldus
1242 4438 1343 4511 qtrat,
1360 4449 1401 4491 ne
1419 4429 1604 4511 hujusmodi
1632 4430 1669 4493 lis
1693 4430 1761 4514 jam

410 4545 507 4619 cepta
523 4531 698 4598 defensore
714 4542 836 4614 careat,
868 4533 934 4618 [et]
965 4534 1138 4614 contingat
1163 4533 1272 4598 dictos
1300 4553 1373 4598 can.
1400 4542 1433 4596 et
1458 4536 1548 4617 preb.
1574 4536 1614 4596 ab
1643 4534 1761 4598 eodem

414 4636 562 4703 l'nfredo
578 4638 649 4702 sine
665 4638 829 4702 canonico
845 4638 944 4711 titulo
960 4638 1105 4716 retineri,
1121 4638 1302 4720 dignemini
1326 4638 1452 4701 (lictum
1483 4636 1694 4721 llaynaldurn
1720 4640 1762 4703 ad

413 4764 507 4807 onure
520 4744 625 4827 juset
653 4743 685 4806 in
713 4741 803 4806 onmi
828 4742 900 4825 jure
927 4742 1016 4825 quod
1040 4741 1131 4805 dicto
1158 4741 1246 4806 Urso
1273 4743 1487 4825 competebat
1512 4749 1546 4804 et
1572 4750 1762 4827 competere

438 4952 465 5009 a')
480 4950 519 4997 En
535 4964 637 5009 rrmrge:
655 4949 769 4998 (lui-alu
785 4949 809 4995 ia
822 4948 1005 5012 :termille-atione
1014 4965 1062 5012 per·
1074 4948 1136 4997 (lirin.
1150 4952 1266 4997 arreti-um.

440 5173 460 5221 l.
475 5173 537 5219 Voir
550 5187 575 5218 n.
589 5172 643 5218 tal.
657 5197 687 5205 -
700 5172 721 5219 2.
736 5170 806 5231 llliss,
821 5170 948 5232 Ielilioar,
964 5170 981 5231 l,
997 5173 1041 5219 lo?
1056 5189 1060 5229 ;
1076 5169 1162 5234 Papa
1176 5168 1277 5228 Larua,
1292 5168 1339 5227 lll,
1354 5165 1407 5215 128.
1420 5194 1452 5203 -
1464 5168 1486 5216 3.
1502 5165 1627 5226 Petiliana,
1645 5167 1712 5227 1,20,
1727 5170 1764 5216 53.

410 5275 436 5283 -
450 5250 471 5295 l.
483 5247 552 5296 Jeau
564 5245 596 5292 ‹le
610 5245 778 5308 Comrmngcs.

456 5339 518 5379 Auel.
537 5336 586 5377 Vae
604 5336 664 5385 tiela.
1707 5338 1721 5377 t
