4650 6059
482 756 542 819 222
1012 757 1100 831 1345,
1122 756 1205 821 11-25
1226 761 1306 823 aolt.

480 906 604 985 mundi,
622 907 697 970 abb.
713 907 904 971 monasterii
922 906 1119 986 Grassensis,
1133 906 1175 970 O.
1192 906 1223 971 S.
1241 906 1288 983 Β.,
1304 906 1541 974 Carcassonen.
1557 908 1657 990 dioc,
1675 910 1837 975 mandato

480 1019 591 1075 vestro
607 1009 667 1074 sibi
684 1010 820 1075 oraculo
835 1011 911 1075 vive
923 1012 1015 1076 vocis
1031 1011 1122 1076 lacto
1147 1011 1347 1096 recipientis,
1365 1013 1455 1098 apud
1480 1013 1593 1078 sedern
1614 1023 1723 1098 apost.
1739 1014 1839 1079 libere

481 1114 727 1199 resignaverint,
745 1113 782 1178 B.
802 1114 849 1179 M.
868 1116 909 1180 de
926 1115 1156 1199 Busengbeem
1184 1114 1329 1193 Jobanni
1350 1115 1393 1181 de
1411 1116 1515 1182 Roest
1532 1126 1566 1182 et
1582 1117 1613 1181 S.
1630 1115 1661 1194 J.
1679 1117 1717 1182 B.
1735 1119 1839 1184 eccle-

482 1220 547 1283 sias
562 1217 730 1304 predictas
756 1217 929 1304 Stephano
953 1219 1110 1305 predictis
1139 1240 1199 1304 per
1224 1220 1412 1306 hujusmodi
1436 1222 1591 1306 resignat.
1619 1222 1710 1307 apud
1726 1222 1839 1287 sedern

482 1323 624 1388 eandem
641 1343 714 1388 vac.
732 1331 820 1389 auct.
838 1332 946 1410 apost.
963 1324 1112 1390 conferre
1128 1323 1320 1408 dignemini.
1342 1363 1374 1373 -
1396 1325 1473 1392 Fiat
1489 1346 1550 1412 pro
1565 1336 1708 1410 utroque
1726 1326 1766 1392 R.

527 1428 606 1492 Dat.
623 1426 721 1492 Avin.
740 1446 756 1511 5
774 1426 818 1493 id.
834 1448 907 1516 aug.
924 1437 958 1493 a⁰
974 1438 1016 1513 4⁰.
1034 1432 1082 1513 (9,
1103 1431 1179 1513 130)

536 1564 649 1649 894·
1540 1602 1633 1666 1345,
1653 1601 1691 1645 11
1709 1586 1799 1645 oor‘rl.

526 1685 627 1770 Supp.
653 1682 798 1749 Leonius
822 1681 1014 1765 Baclreleer,
1041 1704 1129 1768 mag.
1156 1683 1190 1747 in
1218 1692 1289 1765 art,
1320 1685 1482 1770 plebanus
1512 1685 1665 1770 parroch.
1692 1684 1776 1750 eccl.
1804 1682 1840 1748 B.

483 1788 636 1853 Gudilel
662 1786 893 1867 Bruxeliensis,
919 1787 1134 1854 Cameracen.
1161 1787 1259 1867 dioc,
1286 1788 1366 1854 olim
1382 1796 1494 1854 vester
1517 1789 1652 1854 scolaris
1675 1787 1709 1853 in
1726 1788 1840 1868 theol,

483 1901 573 1976 quat.
593 1892 654 1958 sibi
678 1892 721 1958 de
744 1912 817 1957 can.
843 1893 924 1958 eccl.
947 1893 978 1957 S.
1006 1892 1187 1960 Salvatoris
1213 1891 1402 1978 Trajecten.
1430 1902 1465 1959 et
1488 1896 1579 1980 preb.
1606 1914 1683 1959 cunr
1710 1892 1842 1980 supple-

483 2006 600 2062 mento
617 1996 797 2081 dignemini
812 1997 986 2083 providere
1001 2020 1009 2077 ;
1027 2018 1094 2063 non
1118 2002 1204 2063 obst.
1225 1996 1314 2082 quod
1333 1997 1457 2063 dictam
1481 1999 1673 2085 plebanianr
1690 1997 1841 2084 parroclr.

484 2102 631 2166 noscitur
646 2102 805 2168 obtinere.
822 2144 865 2151 —
881 2101 959 2168 Fiat
975 2102 1013 2169 R.

529 2206 614 2270 ltern
632 2227 726 2292 supp.
739 2216 831 2291 quat.
847 2207 908 2271 sibi
924 2216 958 2272 et
974 2206 1120 2285 Jolranni
1137 2206 1330 2286 Baclreleer,
1344 2208 1413 2294 ejus
1429 2207 1842 2293 patri,1aieoCameracen.

484 2309 580 2391 dioc,
601 2310 685 2397 [ind.
701 2312 734 2375 in
751 2321 813 2377 art.
830 2297 1128 2378 niortconcedere
1151 2311 1363 2398 dignemini].
1380 2351 1421 2362 —
1439 2311 1514 2377 Fiat
1531 2312 1570 2379 R.

431 2409 443 2454 -’
528 2414 607 2480 Dat.
620 2415 718 2481 Avin.
737 2436 754 2501 3
773 2416 815 2482 id.
833 2437 907 2501 aug.
924 2425 957 2481 a⁰
973 2425 1016 2502 4⁰.
1034 2420 1081 2501 (9,
1103 2420 1189 2502 144).

414 2573 416 2578 ’
537 2553 648 2639 895.
1466 2653 1469 2657 ι
1541 2590 1635 2654 1345,
1653 2590 1693 2653 24
1711 2573 1800 2633 aoril.

530 2673 631 2760 Supp.
649 2673 849 2741 Brictius'de
865 2673 1059 2740 Callenielle
1075 2684 1095 2755 ¹,
1107 2673 1206 2755 diac,
1231 2694 1319 2759 mag.
1347 2674 1380 2739 in
1405 2682 1477 2755 art,
1493 2674 1597 2746 lic.,in
1618 2674 1691 2759 jure
1718 2672 1794 2751 civ,
1810 2677 1843 2733 et

485 2779 619 2845 scolaris
635 2780 668 2844 in
681 2781 763 2866 jure,
781 2781 871 2865 quod
898 2800 974 2847 cum
1001 2780 1072 2866 ipse
1087 2779 1225 2846 affectet
1241 2780 1274 2844 in
1294 2779 1336 2845 U.
1352 2777 1383 2858 J.
1408 2787 1540 2847 tantum
1565 2777 1728 2865 proficere
1754 2772 1844 2860 quod

485 2886 590 2969 possit
605 2886 649 2952 ad
664 2886 859 2952 doctoratus
874 2885 1015 2969 insignia
1030 2885 1214 2971 pervenire,
1231 2893 1321 2968 quat.
1350 2904 1426 2951 cum
1451 2906 1503 2965 eo,
1519 2883 1576 2967 qui
1592 2881 1745 2968 parroclr.
1763 2877 1843 2943 eccl.

391 3014 395 3022 ·
486 2989 516 3053 S.
533 2989 677 3055 Arnandi
694 2991 726 3054 in
744 2990 880 3070 Pabula,
891 2989 1077 3056 Tomacen.
1090 2990 1236 3071 dioe.,ex
1253 2998 1364 3056 vestra
1381 2988 1561 3058 collatione
1573 2988 1714 3066 obtinet,
1730 2984 1843 3070 digne·

486 3094 566 3158 rnini
582 3094 783 3180 dispensare,
800 3094 890 3179 quod
906 3115 1008 3180 usque
1035 3095 1077 3160 ad
1104 3094 1281 3159 triennium
1309 3094 1484 3160 residendo
1511 3094 1544 3159 in
1570 3092 1682 3159 studio
1697 3088 1843 3175 generali

486 3198 590 3281 possit
605 3198 761 3263 fructus..
788 3198 877 3263 dicte
902 3220 959 3263 sue
974 3200 1056 3264 eccl.
1082 3220 1157 3264 cum
1183 3219 1222 3263 ea
1250 3199 1442 3282 integritate
1466 3198 1636 3285 percipere
1660 3203 1695 3261 et
1711 3196 1844 3271 habere,

486 3322 563 3365 curn
586 3323 652 3385 qna
679 3303 768 3388 ipsos
797 3304 983 3390 perciperet
1007 3304 1032 3368 si
1050 3304 1081 3367 in
1109 3304 1181 3389 ipsa
1209 3304 1291 3369 eccl.
1316 3305 1533 3390 personaliter
1559 3301 1727 3380 resideret,
1744 3308 1780 3363 et
1803 3297 1844 3362 ad

487 3405 709 3470 sacerdotium
725 3416 899 3493 promotus
914 3409 1081 3488 existeret,
1098 3418 1133 3473 et
1149 3408 1240 3492 qnod
1255 3408 1388 3473 interim
1415 3429 1482 3475 non
1507 3415 1661 3473 teneatur
1676 3403 1720 3470 ad
1736 3424 1842 3469 sacer-

488 3508 616 3574 dotium
630 3512 818 3595 promoveri
835 3535 842 3591 ;
859 3532 927 3577 non
941 3516 1026 3579 obst.
1039 3512 1130 3597 quod
1142 3512 1244 3577 aliam
1257 3513 1409 3598 parroclr.
1420 3514 1501 3578 eccl.
1512 3509 1703 3589 obtinuerit,
1719 3519 1754 3574 et
1768 3528 1843 3574 curn

487 3634 528 3685 eo
541 3613 631 3697 quod
643 3614 686 3679 ad
696 3615 917 3681 sacerdotium
927 3638 994 3684 non
1008 3627 1178 3683 teneretur
1190 3618 1377 3703 promoveri
1392 3616 1559 3682 audiendo
1571 3624 1605 3681 et
1615 3613 1759 3699 legendo
1772 3615 1845 3699 jura

487 3718 596 3783 civilia
613 3719 656 3785 ad
672 3722 883 3806 septennium
899 3743 958 3808 per
978 3724 1041 3788 loci
1059 3722 1261 3789 ordinarium
1286 3722 1383 3787 suerit
1398 3721 1643 3807 dispensatum.
1658 3755 1690 3765 -
1712 3716 1789 3783 Fiat
1807 3716 1845 3781 R.

531 3823 610 3888 Dat.
628 3825 727 3890 rivin.
747 3847 764 3905 9
781 3825 849 3892 kal.
866 3837 951 3913 sept.
967 3836 1000 3892 a⁰
1016 3837 1059 3912 4⁰.
1077 3832 1125 3911 (9,
1146 3830 1246 3910 156l').
1280 3862 1282 3864 >

537 3959 650 4041 896.
1392 4041 1395 4049 ,
1546 3993 1639 4059 1345,
1657 3992 1698 4055 25
1715 3978 1803 4038 nortl.

529 4079 629 4165 Supp.
646 4078 819 4157 Jolrannes
834 4080 876 4145 de
893 4080 1035 4146 Pistorio
1046 4099 1065 4159 ²,
1077 4090 1168 4164 quat.
1179 4080 1249 4165 ejus
1261 4080 1456 4145 familiarem
1467 4079 1648 4146 Goblinurn
1663 4078 1707 4144 de
1721 4077 1847 4143 Ketlre·

486 4204 575 4266 neyo
587 4194 606 4262 ³,
624 4185 700 4250 cler.
718 4183 848 4249 Meten.
865 4184 962 4265 dioc,
979 4186 1012 4249 in
1030 4185 1121 4249 onrni
1143 4187 1216 4270 jure
1237 4185 1327 4268 quod
1342 4183 1452 4250 eidem
1468 4183 1614 4262 Jolranni
1632 4183 1797 4269 competit
1812 4183 1846 4247 in

487 4288 638 4369 patrocli.
655 4289 736 4353 eccl.
753 4288 795 4354 de
813 4288 959 4353 Markou
975 4300 994 4367 ⁴,
1012 4287 1172 4354 Leodien.
1189 4289 1286 4369 dioc,
1303 4290 1344 4355 de
1357 4290 1465 4373 quain
1484 4288 1581 4354 Rom.
1598 4308 1666 4354 cur.
1683 4288 1716 4353 in
1733 4294 1846 4352 vestro

487 4408 581 4453 sacro
597 4391 723 4475 palatio
740 4393 858 4476 litigat,
875 4392 1056 4476 dignemini
1073 4396 1250 4477 subrogare
1267 4416 1275 4473 ;
1292 4414 1359 4458 non
1376 4395 1461 4458 obst.
1475 4392 1565 4475 quod
1580 4391 1669 4457 idem
1683 4390 1847 4456 Goblinus

487 4512 560 4557 can.
584 4502 618 4557 et
639 4498 730 4580 preb.
748 4496 780 4560 in
809 4497 863 4560 SS.
880 4497 1120 4582 Apostolorum
1146 4499 1320 4564 Colonien.
1338 4505 1372 4563 et
1396 4498 1430 4561 in
1458 4497 1488 4564 S.
1518 4496 1659 4562 Dionisii
1684 4493 1846 4561 Leodien.

487 4596 635 4660 ecclesiis
651 4619 724 4663 can.
741 4603 801 4664 sub
814 4621 888 4685 exp.
905 4604 996 4685 preb.
1013 4602 1162 4668 noscitur
1178 4602 1338 4668 obtinere.
1369 4640 1400 4650 -
1433 4601 1509 4667 Fiat
1537 4601 1577 4666 R.
1598 4599 1794 4684 Resignavit
1814 4601 1847 4664 in

487 4700 640 4766 manibus
652 4703 782 4768 nostris.
809 4703 847 4767 R.

530 4804 608 4869 Dat.
625 4806 723 4869 Avin.
742 4811 759 4870 8
777 4806 841 4871 kal.
859 4819 943 4893 sept.
967 4820 1000 4873 a''
1016 4818 1058 4893 4⁰.
1077 4813 1126 4890 (9,
1149 4813 1233 4894 157).

518 4994 546 5047 εὶ)
564 4997 574 5039 (
582 4993 620 5041 bd.
633 4995 722 5042 tiriolo.

489 5132 738 5140 ——..-.——-

523 5217 544 5263 1.
557 5215 618 5262 Voir
630 5230 654 5263 u.
669 5217 721 5263 ili.
776 5218 799 5263 2.
815 5214 873 5261 l'oir
886 5229 909 5263 u.
927 5219 977 5264 lil.
994 5246 1003 5249 --
1017 5245 1019 5250 ·
1033 5220 1055 5265 3.
1071 5218 1129 5264 l'oir
1142 5233 1166 5265 n.
1182 5220 1233 5267 lot.
1249 5247 1277 5253 -
1290 5221 1312 5266 l.
1328 5220 1386 5267 l'ou'
1398 5234 1422 5267 n.
1435 5223 1489 5267 libb.
