4650 6059
480 764 542 828 392
968 761 1058 838 tusa.
1078 761 1171 828 17-20
1192 761 1355 833 decembre

481 917 523 982 de
540 918 726 1003 capellania
741 933 800 983 seu
814 916 949 996 vicaria,
966 933 1069 1000 quarn
1093 913 1237 980 condam
1261 912 1281 991 J
1284 915 1434 980 obannes
1463 913 1563 981 Fabri
1580 926 1589 951 ¹
1607 917 1641 982 in
1658 922 1745 985 eccl.
1772 922 1845 985 Ari-

481 1022 627 1102 nionen,
643 1023 723 1088 dum
738 1024 868 1091 riveret
884 1023 1150 1099 obtinebatvac.
1165 1038 1226 1102 per
1239 1020 1294 1084 ob.
1310 1018 1392 1085 dicti
1409 1018 1428 1096 J
1432 1019 1576 1086 ohannis
1588 1020 1691 1087 Fabri
1708 1025 1743 1089 in
1760 1027 1842 1091 curia

481 1126 829 1212 defuncti,dignemini
845 1125 1034 1213 providere;
1046 1143 1115 1189 non
1128 1125 1215 1188 obst.
1227 1122 1319 1206 quod
1329 1125 1407 1189 ben.
1418 1123 1462 1189 ad
1474 1125 1551 1192 coll.
1562 1127 1727 1212 prepositi
1744 1132 1840 1195 eccle-

483 1229 530 1294 sie
547 1230 578 1294 S.
596 1230 684 1295 Petri
700 1230 942 1310 Thoraltensis,
958 1229 1049 1305 dicte
1064 1226 1163 1306 dioc,
1180 1226 1328 1292 noscitur
1343 1234 1557 1311 expectare...
1573 1268 1617 1279 --
1633 1229 1711 1297 Fiat
1728 1231 1769 1297 R.

527 1333 607 1397 Dat.
623 1334 724 1398 Avin.
739 1355 761 1414 4
776 1333 819 1400 id.
835 1334 908 1400 dec.
924 1341 957 1400 a⁰
973 1341 1016 1417 7⁰.
1033 1332 1105 1416 (16,
1124 1329 1193 1413 60).

536 1470 680 1554 1465.
1450 1483 1546 1566 1348,
1564 1500 1606 1565 17
1622 1485 1800 1549 de'cembrc.
1880 1530 1882 1546 .

529 1587 629 1655 Motu
644 1590 779 1677 proprio
794 1586 1009 1676 providemus
1024 1585 1172 1665 Johanni
1190 1584 1384 1665 Clementis,
1408 1586 1491 1651 alias
1513 1586 1555 1651 de
1572 1584 1712 1665 Brullio,
1727 1598 1738 1623 ²
1753 1588 1835 1653 fami-
1879 1673 1882 1678 p

484 1694 554 1758 liari
570 1702 694 1772 nostro,
711 1694 753 1759 de
768 1692 905 1781 paroch.
921 1690 1063 1758 ecclesia
1078 1689 1120 1755 de
1136 1688 1286 1769 CaminS,
1302 1689 1491 1755 Tornacen.
1507 1689 1605 1770 dioc,
1621 1710 1698 1757 vac.
1714 1691 1758 1757 ad
1772 1712 1834 1777 pre·

484 1817 560 1862 sens
576 1798 609 1860 in
626 1798 716 1863 curia
741 1796 839 1863 Rom.
855 1816 915 1883 per
939 1794 1193 1883 promocionem
1221 1791 1311 1859 Petri
1335 1794 1378 1860 de
1402 1794 1527 1861 Serone
1551 1804 1563 1839 ³
1585 1794 1629 1861 dc
1649 1795 1834 1882 episcopatu

483 1897 750 1966 Tarracinensi...
766 1940 809 1950 -
826 1899 903 1968 Fiat
918 1906 1014 1966 motu
1030 1896 1176 1986 proprio,
1193 1895 1234 1963 R.

528 2003 606 2067 Dat.
623 2004 722 2069 Avin.
739 2022 757 2086 3
775 2003 818 2069 id.
834 2000 909 2070 dec.
923 2010 958 2070 a⁰
975 2010 1017 2087 7⁰.
1034 2002 1105 2087 (16,
1126 2002 1210 2087 65l).

538 2139 682 2221 1466.
1435 2156 1532 2237 1348,
1556 2172 1598 2235 15
1620 2157 1798 2220 decembre.

528 2259 650 2343 Supp...
667 2256 875 2342 Aymericus,
888 2256 1066 2342 episcopus
1080 2255 1596 2341 Atrebaten.,...quat.[familiari
1610 2279 1671 2324 suo
1688 2268 1722 2324 et
1738 2259 1834 2325 conti-

484 2382 552 2427 nuo
579 2360 795 2426 commensali
830 2360 932 2427 Petro
958 2358 1117 2439 Imbanli,
1138 2357 1341 2445 presbitero]
1367 2357 1583 2426 Lemovicen.
1606 2361 1706 2443 dioc,
1731 2362 1784 2428 lic.
1807 2362 1834 2425 in

484 2464 610 2548 legibus
622 2473 656 2529 et
670 2467 744 2530 bac.
760 2463 794 2528 in
809 2463 996 2543 decretis...
1011 2462 1055 2527 de
1070 2482 1143 2529 can.
1171 2470 1207 2527 et
1229 2465 1321 2547 preb.
1347 2464 1431 2528 eccl.
1455 2465 1632 2549 collegiate
1657 2464 1836 2545 Fumensis

485 2568 653 2634 Morinen.
668 2569 767 2647 dioc,
783 2587 858 2634 vac.
873 2587 934 2653 per
948 2570 1004 2634 ob.
1025 2566 1198 2652 Aymerici
1223 2564 1389 2650 Vigerii,...
1418 2568 1473 2650 qui
1496 2587 1603 2653 nuper
1626 2579 1722 2635 extra
1747 2569 1837 2636 Rom.

484 2672 610 2738 curiam
626 2671 715 2736 diem
732 2672 850 2736 clausit
866 2679 1063 2751 extremum,
1079 2670 1135 2754 qui
1163 2678 1245 2735 ante
1269 2669 1372 2754 ipsius
1397 2671 1570 2756 Aymerici
1595 2675 1650 2738 ob.
1678 2672 1836 2739 luerunt...

483 2775 652 2855 reservati,
668 2774 850 2859 dignemini
874 2774 1104 2861 providere...;
1131 2793 1202 2839 non
1218 2775 1303 2839 obst.
1320 2772 1412 2857 quod
1426 2793 1500 2840 can.
1515 2777 1575 2841 sub
1591 2797 1669 2862 exp.
1694 2780 1787 2862 preb.
1808 2778 1837 2841 in

483 2879 565 2943 eccl.
592 2878 839 2943 Autisiodoren.
857 2886 891 2942 et
906 2877 1042 2963 paroch.
1063 2879 1145 2943 eccl.
1161 2877 1204 2942 de
1232 2875 1393 2957 Polliam,
1417 2878 1566 2962 ejusdem
1592 2880 1839 2947 Autisiodoren.

482 2982 581 3063 dioc,
605 2981 756 3047 obtinere
772 2992 938 3051 noscatur.
954 3022 997 3032 -
1014 2980 1089 3046 Fiat
1106 2979 1147 3045 R.

527 3086 606 3150 Dat.
623 3085 723 3150 Avin.
745 3088 781 3151 18
797 3084 864 3153 kal.
877 3084 1021 3171 januarii
1038 3091 1071 3150 a⁰
1088 3091 1130 3168 7⁰.
1148 3084 1219 3167 (16,
1239 3086 1305 3167 70).

538 3221 675 3302 1467.
1449 3236 1545 3320 1348,
1562 3257 1604 3299 20
1620 3240 1802 3305 decembre.

528 3339 615 3422 Sign.
633 3339 664 3403 S.
681 3338 721 3425 V.
740 3337 842 3422 Hugo
865 3336 1040 3418 Goethals,
1055 3338 1198 3408 acolitus
1210 3336 1397 3412 Tornacen.
1413 3338 1511 3417 dioc,
1528 3340 1619 3423 quod
1634 3341 1706 3426 ipse
1723 3343 1758 3407 in
1774 3364 1843 3428 gra·

483 3443 538 3507 tiis
568 3442 686 3507 vestris
716 3442 923 3525 generalibus
953 3442 1134 3525 quamdam
1164 3442 1437 3527 expectationem
1469 3444 1501 3507 in
1528 3443 1636 3509 sonna
1661 3467 1843 3532 pauperum

485 3546 685 3630 impetravit,
702 3554 737 3609 et
751 3545 967 3630 postmodum
974 3554 1126 3615 attamen
1139 3547 1278 3612 fortuito
1287 3556 1322 3611 et
1334 3548 1404 3611 sine
1421 3548 1519 3633 culpa
1536 3569 1605 3628 sua,
1622 3550 1697 3634 ipso
1708 3552 1845 3617 sedente

485 3662 518 3715 et
535 3660 694 3735 pergente
722 3671 818 3735 super
845 3671 945 3714 unam
971 3652 1199 3734 quadriguam,
1219 3672 1283 3738 per
1310 3672 1441 3716 ramum
1466 3652 1563 3716 unius
1588 3654 1715 3719 arboris
1739 3656 1843 3720 visum

486 3755 572 3819 oculi
598 3754 647 3819 sui
674 3753 802 3818 dexteri
831 3754 952 3833 amisit,
980 3755 1143 3839 pupillam
1170 3764 1285 3820 tamen
1311 3756 1414 3840 ipsius
1439 3756 1526 3820 oculi
1555 3757 1742 3824 obtinendo
1770 3781 1843 3825 curn

485 3859 668 3946 aperitione
696 3857 776 3923 dicti
804 3858 892 3923 oculi
921 3857 1055 3941 aliquali
1069 3882 1078 3938 3
1095 3879 1198 3943 quare
1223 3880 1292 3923 non
1308 3867 1422 3946 potest
1437 3859 1480 3925 ad
1492 3879 1605 3924 sacros
1621 3861 1758 3926 ordines
1773 3883 1845 3948 pro-

483 3963 620 4041 moveri,
645 3983 707 4027 nec
734 3982 794 4047 per
817 3981 1024 4047 consequens
1040 3982 1132 4027 suam
1147 3962 1290 4046 gratiam
1306 3963 1497 4047 generalem
1514 3963 1675 4042 obtinere,
1700 3985 1779 4030 curn
1805 3966 1845 4030 ad

485 4087 595 4131 sacros
612 4065 744 4130 ordines
770 4064 963 4150 pertineat;
988 4066 1066 4149 quia
1092 4065 1124 4129 S.
1141 4065 1181 4131 V.
1209 4066 1243 4130 in
1271 4066 1406 4151 publico
1430 4066 1628 4132 consistorio
1651 4077 1777 4150 vestro,
1793 4071 1846 4136 dic

483 4170 613 4233 veneris
628 4178 708 4233 ante
725 4168 845 4232 festum
861 4167 899 4232 B.
914 4164 1063 4248 Martini,
1074 4188 1139 4253 qua
1151 4168 1286 4252 quidem
1299 4170 1352 4235 die
1365 4170 1569 4235 scribebatur
1587 4187 1604 4252 7
1622 4170 1696 4236 idus
1707 4192 1846 4238 novem·

483 4274 550 4338 bris
566 4285 585 4353 ⁴,
612 4271 703 4355 quasi
732 4272 886 4336 omnibus
910 4272 1100 4338 reverendis
1128 4272 1161 4335 in
1187 4272 1321 4338 Christo
1346 4273 1494 4358 patribus
1524 4292 1563 4337 ac
1593 4273 1741 4341 dominis
1764 4277 1847 4341 meis

484 4377 629 4442 dominis
645 4375 875 4455 cardinalibus
893 4396 933 4441 ac
949 4377 1053 4441 etiam
1070 4377 1219 4461 plurimis
1234 4377 1306 4443 aliis
1322 4378 1541 4462 presentibus,
1558 4378 1844 4464 dispensationem

485 4482 595 4566 quoad
611 4501 723 4545 sacros
739 4479 870 4544 ordines
886 4480 947 4544 sibi
960 4481 1107 4563 negavit,
1124 4480 1184 4545 scd
1210 4480 1252 4546 ad
1279 4482 1479 4546 beneficium
1496 4502 1521 4547 s
1538 4503 1578 4561 c,
1595 4482 1688 4566 quod
1699 4484 1846 4570 pertinet

484 4585 527 4650 ad
544 4584 731 4668 simplicem
753 4591 936 4663 tonsuram,
962 4584 1022 4648 sibi
1050 4585 1335 4669 dispensationem
1361 4586 1538 4665 concessit,
1555 4594 1589 4650 et
1613 4586 1770 4671 promisit
1785 4589 1845 4653 sibi

484 4689 515 4754 S.
532 4689 571 4754 V.
588 4689 629 4753 de
645 4691 721 4753 ben.
737 4708 762 4752 s
779 4707 819 4766 c.,
835 4688 963 4753 scilicet
978 4687 1021 4753 ad
1037 4689 1223 4774 simplicem
1244 4699 1418 4754 tonsuram
1442 4689 1643 4774 pertinente,
1660 4691 1845 4757 misericor·

482 4794 568 4860 diter
583 4792 768 4879 proiidere.
794 4791 905 4875 Quare
931 4791 1101 4877 predictus
1129 4792 1232 4878 Hugo
1262 4794 1429 4879 supplicat
1431 4842 1482 4859 .....
1500 4801 1590 4877 quat.
1618 4793 1680 4859 sibi
1702 4795 1844 4880 gratiam

517 4966 535 5010 l.
549 4964 610 5010 l'oir
623 4978 647 5011 n.
659 4965 715 5011 u3n.
726 4992 759 4998 —
770 4967 793 5012 2.
805 4964 867 5013 l'oir
880 4979 906 5014 n.
919 4965 973 5022 868,
987 4966 1057 5022 1113,
1072 4966 1142 5013 1281.
1154 4991 1187 5001 -
1199 4968 1220 5014 3.
1234 4966 1295 5013 l'oir
1305 4979 1330 5014 n.
1343 4966 1433 5014 191111
1446 4967 1519 5027 signa
1532 4979 1577 5013 son
1589 4966 1734 5027 obligation
1747 4983 1844 5017 comme

480 5037 541 5086 cure
561 5038 592 5084 dc
614 5039 707 5085 t'arnin
731 5038 752 5085 lc
765 5040 795 5084 29
807 5037 908 5098 janvier
922 5039 983 5086 1343
997 5038 1128 5099 (llerli'crc.
1143 5040 1237 5087 Intrat.
1249 5039 1326 5090 rond..
1341 5054 1364 5087 n.
1378 5041 1443 5100 134).
1456 5039 1479 5087 ll
1491 5039 1532 5086 lut
1545 5038 1648 5087 nomme
1659 5042 1676 5088 it
1689 5040 1801 5091 l'drbcbe
1812 5043 1843 5091 dc

481 5112 615 5159 'l'erracinc
627 5112 650 5158 lc
660 5112 820 5176 inor-,umbre
830 5114 893 5161 1348
904 5112 1009 5175 (Bubul,
1023 5114 1043 5171 l,
1054 5115 1121 5174 nol).
1130 5122 1156 5163 ct
1168 5120 1274 5164 mourut
1284 5121 1365 5163 avant
1377 5114 1401 5162 le
1412 5115 1443 5162 18
1454 5112 1521 5161 avril
1534 5114 1597 5161 1352
1609 5112 1685 5174 (lb.)
1696 5116 1761 5163 -1,
1774 5117 1787 5162 ἲ
1800 5130 1841 5163 no·

481 5187 583 5233 rcmbrc
599 5186 668 5233 1348.
