4650 6059
484 809 547 874 454
1018 806 1134 879 ..rara
1156 805 1191 869 21
1211 804 1309 885 jun..

487 957 549 1022 fuit
579 976 640 1022 suo
670 957 870 1023 cancellario
895 956 1056 1040 magistro
1093 953 1213 1039 Egidio
1243 954 1336 1019 dicto
1362 952 1690 1041 Vandenhautkijne,
1728 957 1839 1023 clerico

483 1060 566 1146 juris
581 1060 689 1145 perito
705 1059 893 1126 Tomacen.
909 1058 1006 1138 dioc.,
1030 1057 1072 1122 ad
1087 1056 1373 1143 presentationem
1398 1058 1530 1124 abbatis
1556 1067 1592 1125 et
1615 1080 1715 1126 conv.
1731 1082 1840 1128 mona-

489 1163 578 1229 sterii
595 1162 626 1228 S.
644 1162 734 1228 Petri
750 1162 946 1243 Gandensis,
963 1161 1005 1227 O.
1022 1160 1054 1226 S.
1070 1159 1120 1241 Β,
1136 1160 1227 1226 dicte
1254 1160 1352 1241 dioc.,
1380 1161 1499 1246 quibus
1524 1163 1735 1249 presentatio
1760 1164 1841 1231 dicte

489 1266 629 1332 ecclesie
645 1266 869 1332 communiter
884 1265 939 1331 vel
954 1264 1089 1331 divisim
1104 1264 1253 1330 noscitur
1268 1265 1445 1351 pertinere,
1462 1267 1667 1334 auctoritate
1682 1268 1841 1335 ordinaria

488 1370 659 1456 provisum
674 1369 848 1455 ipsamque
863 1368 1003 1454 pacifice
1025 1366 1199 1453 possidet;
1216 1376 1250 1433 et
1279 1368 1367 1452 quia,
1383 1378 1421 1433 ut
1435 1368 1565 1451 dicitur,
1589 1371 1681 1437 dicta
1707 1372 1840 1439 ecclesia

488 1474 550 1539 fuit
565 1480 646 1539 ante
661 1472 762 1558 ipsius
776 1472 936 1537 Willelmi
951 1474 1006 1537 ob.
1021 1470 1193 1538 collationi
1206 1471 1293 1536 sedis
1310 1480 1417 1557 apost.
1434 1482 1611 1555 reservata,
1628 1495 1726 1561 supp.
1741 1476 1841 1542 dictus

489 1597 602 1643 comes
618 1584 710 1660 quat.
726 1575 875 1642 dedicta
892 1575 1046 1662 portione
1073 1595 1132 1640 seu
1153 1574 1307 1656 rectoria,
1323 1575 1428 1640 etiam
1443 1576 1471 1641 si
1486 1578 1689 1662 generaliter
1704 1581 1760 1644 vel
1774 1600 1839 1665 spe·

488 1680 616 1746 cialiter
632 1679 730 1745 fuerit
740 1679 914 1745 collationi
927 1678 1015 1744 sedis
1026 1685 1136 1764 apost.
1146 1685 1328 1759 reservata,
1338 1699 1396 1744 seu
1407 1679 1489 1746 alias
1500 1681 1726 1766 quovismodo
1738 1690 1839 1762 vacet

487 1784 579 1849 dicto
594 1782 754 1868 magistro
770 1782 890 1868 Egidio
905 1781 1088 1867 dignemini
1115 1781 1158 1847 de
1178 1802 1281 1862 novo,
1305 1790 1402 1847 motu
1428 1784 1575 1870 proprio,
1601 1785 1789 1872 providere.
1804 1825 1839 1836 -

489 1886 564 1952 Fiat
581 1885 632 1967 R.,
648 1891 684 1952 et
697 1886 860 1952 habemus
875 1888 946 1972 ejus
961 1885 1126 1952 beneficia
1141 1905 1204 1971 pro
1218 1886 1382 1971 expressis
1399 1885 1439 1952 R.

531 1991 611 2056 Dat.
627 1991 727 2057 Avin.
747 2010 784 2074 13
801 1990 868 2057 kal.
881 1990 954 2075 julii
970 1998 1004 2056 a⁰
1020 1992 1063 2056 8⁰.
1080 1992 1150 2076 (19,
1167 1991 1238 2075 46).

542 2131 684 2211 1744.
1552 2163 1647 2228 1549,
1664 2166 1706 2209 21
1717 2144 1803 2228 juin.

532 2248 633 2333 Supp.
655 2246 804 2313 Thomas
819 2246 1001 2332 Jaquimini
1011 2247 1053 2313 de
1068 2245 1169 2313 Tullo
1186 2259 1195 2285 ¹
1212 2246 1245 2311 in
1262 2246 1355 2313 omni
1368 2247 1442 2333 jure
1454 2256 1489 2314 et
1504 2250 1549 2313 ad
1564 2268 1665 2314 omne
1677 2249 1742 2336 jus,
1758 2247 1840 2335 quod

487 2351 659 2429 Johannes
684 2349 818 2417 Morelli
835 2366 856 2432 ²,
885 2350 1035 2431 clericus,
1058 2371 1149 2417 nunc
1173 2351 1315 2437 scriptor
1339 2359 1459 2433 vester,
1488 2351 1635 2418 habebat
1660 2361 1696 2418 et
1726 2354 1840 2419 habere

486 2461 620 2541 poterat
636 2455 670 2519 in
692 2454 845 2540 parroch.
862 2454 1005 2521 ecclesia
1020 2454 1063 2520 de
1088 2453 1250 2535 Marcuel,
1275 2453 1435 2521 Leodien.
1452 2454 1550 2537 dioc.,
1567 2475 1609 2521 ac
1620 2456 1681 2521 lite
1698 2464 1734 2522 et
1749 2476 1841 2523 causa

488 2557 658 2644 pendente
673 2557 707 2622 in
730 2557 859 2644 palatio
886 2557 1073 2644 apostolico
1085 2557 1128 2623 de
1143 2567 1179 2622 et
1192 2578 1291 2645 super
1305 2558 1448 2625 ecclesia
1459 2559 1619 2647 predicta,
1636 2559 1725 2626 inter
1741 2561 1841 2648 ipsum

487 2661 655 2728 Thomam
670 2682 712 2727 ex
728 2670 824 2748 parte
852 2661 918 2727 una
934 2670 969 2727 et
985 2661 1155 2747 quondam
1183 2661 1386 2728 Gobelinum
1401 2662 1444 2728 de
1467 2661 1692 2751 Canthenayo
1708 2677 1730 2748 ³,
1747 2685 1840 2732 cano

487 2766 600 2831 nicum
617 2764 671 2831 SS.
688 2765 929 2852 Apostolorum
952 2763 1126 2832 Colonien.
1143 2785 1185 2830 ex
1199 2767 1314 2847 altera,
1342 2765 1375 2831 in
1402 2766 1495 2852 cujus
1506 2769 1580 2854 jure
1594 2768 1706 2836 dictus
1721 2769 1839 2848 Johan-

487 2890 547 2933 nes
569 2869 682 2935 extitit
708 2872 912 2954 subrogatus,
940 2876 976 2935 et
1005 2889 1106 2935 omne
1125 2869 1180 2955 jus
1210 2889 1305 2934 suum
1336 2870 1370 2933 in
1400 2870 1554 2937 manibus
1583 2872 1674 2938 dom.
1699 2871 1839 2961 episcopi

487 2972 678 3038 Tricastrini
694 2973 883 3058 resignavit,
900 2972 955 3058 qui
972 2972 1231 3058 resignationem
1243 2973 1397 3055 eandem,
1415 2982 1490 3057 etc,
1502 2975 1629 3061 recepit
1652 2984 1689 3042 et
1704 2976 1838 3056 admisit,

488 3076 668 3160 subrogari,
693 3097 769 3142 cum
793 3078 949 3143 clausulis
972 3077 1167 3143 necessariis
1193 3078 1282 3143 circa
1309 3079 1580 3164 subrogationem
1606 3080 1797 3165 hujusmodi
1812 3081 1837 3147 in

488 3183 684 3247 cancellaria
699 3182 917 3261 declarandis
933 3189 967 3246 et
977 3202 1060 3246 cum
1076 3181 1148 3246 aliis
1170 3201 1238 3247 non
1255 3182 1474 3249 obstantibus.
1490 3224 1534 3233 -
1550 3182 1626 3249 Fiat
1643 3183 1684 3251 R.

532 3285 611 3349 Dat.
627 3286 727 3351 Avin.
748 3308 782 3350 11
802 3286 869 3351 kal.
882 3285 954 3370 julii
971 3293 1004 3350 a⁰
1020 3288 1063 3351 8⁰.
1081 3288 1150 3369 (19,
1169 3286 1253 3371 53').

542 3402 682 3485 1745.
1551 3438 1647 3502 1349,
1666 3418 1804 3501 21juin.

530 3522 675 3586 Rotulus
693 3525 987 3608 permutationmn.

532 3622 618 3689 Item
634 3624 731 3689 simili
759 3625 861 3690 modo
886 3626 1022 3710 Egidius
1047 3625 1215 3706 BardiauS,
1233 3624 1452 3711 capellaniam
1468 3645 1561 3711 perp.
1577 3625 1610 3690 in
1627 3628 1711 3693 eccl.
1728 3627 1840 3693 Came·

486 3749 607 3809 racen,
624 3738 658 3793 et
675 3727 885 3814 Ingerramus
901 3729 1095 3810 Parcheval,
1111 3750 1204 3815 perp.
1230 3728 1451 3815 capellaniam
1477 3729 1519 3794 de
1535 3728 1732 3796 Wissebeke
1747 3731 1841 3797 sitam

487 3832 520 3896 in
537 3834 626 3898 eccl.
650 3834 786 3918 paroch.
813 3832 855 3898 de
880 3833 1019 3915 Sanctis,
1046 3833 1136 3899 dicte
1164 3832 1382 3899 Cameracen.
1409 3832 1506 3913 dioc.,
1530 3853 1590 3918 per
1613 3844 1842 3919 procuratores

485 3939 659 4001 amborum
675 3958 776 4002 causa
792 3936 1050 4022 permutationis
1065 3937 1099 4000 in
1117 3937 1273 4002 manibus
1291 3935 1523 4022 [G(uillelmi),
1540 3936 1691 4023 episcopi
1718 3937 1843 4005 Tricas·

485 4039 590 4125 trini]
602 4041 810 4125 resignarunt
826 4040 1036 4126 ;supplicant
1048 4049 1138 4125 quat.
1150 4039 1304 4125 E(gidio)
1315 4040 1357 4105 de
1367 4039 1562 4105 Wissebeke
1574 4048 1609 4105 et
1620 4039 1843 4127 I(ngerramo)

485 4143 643 4227 predictis
659 4144 691 4207 in
708 4145 789 4209 eccl.
809 4144 1024 4210 Cameracen.
1050 4144 1093 4210 de
1116 4144 1310 4229 capellaniis
1336 4165 1429 4229 perp.
1457 4143 1559 4209 modo
1586 4146 1751 4229 premisso
1775 4168 1844 4213 vac.

484 4245 664 4330 dignemini
682 4248 866 4332 providere.
883 4288 926 4295 —
949 4246 1026 4313 Fiat
1044 4248 1084 4313 R.

528 4348 606 4413 Dat.
630 4350 727 4414 Avin.
749 4371 781 4413 11
802 4349 869 4414 kal.
882 4352 954 4435 julii
971 4359 1004 4417 a⁰
1021 4355 1063 4417 8⁰.
1082 4354 1150 4435 (19,
1170 4353 1236 4436 55).
1261 4381 1264 4387 ·

539 4469 678 4550 1746.
1549 4504 1644 4569 1349,
1662 4506 1702 4551 ar
1713 4485 1802 4567 juin.

527 4587 672 4651 Rutulus
696 4590 965 4674 resignationum.
1595 4638 1619 4647 .,
1652 4638 1654 4643 -
1701 4639 1705 4647 -

527 4689 614 4756 Item
630 4691 728 4755 simili
744 4693 845 4758 modo
860 4693 1042 4777 dignemini
1067 4695 1242 4779 providere
1271 4693 1370 4758 Petro
1398 4693 1596 4774 Peskenare,
1620 4695 1746 4761 clerico
1761 4696 1845 4763 Tor·

481 4815 597 4860 nacen.
612 4795 709 4875 dioc.,
726 4796 768 4861 de
784 4799 901 4883 capell.
918 4799 981 4862 sita
998 4798 1030 4861 in
1057 4800 1139 4863 eccl.
1156 4798 1186 4862 S.
1205 4799 1293 4862 Petri
1324 4796 1513 4878 insulensis,
1539 4796 1630 4863 dicte
1653 4798 1753 4881 dioc.,
1770 4820 1844 4867 vac.

480 4919 539 4983 per
565 4900 702 4964 liberam
730 4900 988 4985 resignationem
1016 4901 1049 4966 in
1077 4903 1232 4967 manibus
1258 4903 1347 4968 dom.
1375 4900 1427 4981 G,
1453 4901 1602 4987 episcopi
1633 4902 1842 4984 Tricastrini,

481 5002 603 5068 factam
620 5013 654 5068 et
678 5005 856 5070 admissam
873 5028 931 5092 per
953 5006 1145 5084 Johannem
1162 5007 1204 5071 de
1222 5005 1347 5070 Brullio
1362 5018 1382 5071 ⁴.

482 5126 750 5137 ᾖ---.

511 5179 531 5224 l.
541 5177 603 5224 Voir
614 5193 639 5225 n.
656 5180 721 5227 1213,
732 5206 764 5213 -
776 5179 800 5228 2,
811 5178 872 5225 l'oir
884 5193 908 5226 n.
920 5181 988 5237 1⁰00,
1004 5180 1073 5237 1213,
1087 5181 1158 5226 1229.
1170 5206 1201 5213 -
1214 5179 1236 5225 3.
1250 5178 1311 5226 VoIr
1323 5192 1348 5225 n.
1361 5179 1415 5237 896,
1430 5179 1501 5227 1229.
1513 5204 1543 5215 -
1556 5176 1579 5226 4.
1591 5176 1654 5226 Voir
1665 5192 1690 5227 n.
1703 5179 1759 5239 868,
1773 5181 1845 5236 tata,

478 5250 547 5308 1281,
563 5253 630 5301 nor.
647 5252 717 5299 run.
1780 5269 1786 5277 ·
