4650 6059
595 773 652 836 194
1098 772 1185 845 1845,
1209 771 1305 834 24-25
1326 770 1443 835 senior.

646 919 753 1003 791.
1607 955 1703 1019 1345,
1720 958 1760 1020 24
1769 938 1912 1023 seurrer.

637 1040 740 1125 Supp.
765 1037 949 1123 Philippus,
972 1058 1032 1102 rex
1059 1035 1210 1116 Francie,
1234 1036 1416 1121 quodcum
1432 1037 1513 1122 ipse,
1530 1037 1654 1103 virtute
1668 1040 1774 1123 gratie
1790 1062 1850 1126 per
1868 1040 1908 1107 E.
1925 1042 1953 1106 S.

594 1142 655 1206 sibi
671 1142 771 1221 facte,
786 1140 829 1206 de
844 1140 1043 1226 recipiendis
1058 1139 1196 1224 singulis
1211 1139 1361 1225 personis
1376 1139 1409 1203 in
1426 1139 1562 1224 singulis
1581 1142 1731 1208 ecclesiis
1744 1145 1840 1228 regni
1857 1146 1906 1210 sui
1922 1147 1953 1210 in

592 1246 774 1310 canonicos
789 1253 824 1309 et
847 1245 880 1308 in
904 1244 1030 1324 fratres,
1048 1243 1204 1327 Egidium
1220 1243 1262 1309 de
1278 1242 1448 1324 Lorriaco,
1464 1265 1551 1328 mag.
1570 1244 1709 1310 Roberti
1726 1247 1769 1312 de
1785 1246 1952 1328 Lernaeo,

593 1350 694 1435 ipsius
709 1348 795 1433 regis
810 1348 977 1414 secretarii
1001 1347 1116 1426 filium,
1131 1346 1360 1432 recipiendum
1376 1347 1409 1410 in
1427 1349 1509 1413 eccl.
1525 1347 1557 1413 S.
1573 1349 1767 1431 Audomari,
1785 1349 1950 1417 Morinen.

591 1453 688 1533 dioc,
713 1452 929 1532 nominasset,
954 1451 1110 1535 idemque
1136 1449 1283 1534 Egidius,
1305 1451 1400 1535 juxta
1422 1459 1574 1516 tenorem
1590 1451 1681 1516 dicte
1696 1453 1814 1537 gratie,
1832 1454 1949 1519 ibidem

589 1564 745 1642 receptus
771 1555 886 1620 fuisset
916 1555 950 1619 in
981 1575 1055 1619 can.
1085 1557 1145 1619 sub
1177 1574 1253 1640 exp.
1283 1557 1386 1640 preb„
1413 1561 1449 1619 et
1473 1554 1620 1635 demum,
1647 1556 1690 1621 de
1719 1566 1900 1642 parentum
1920 1566 1950 1624 et

589 1661 776 1725 amicorum
801 1679 936 1725 suorum
966 1658 1117 1739 consilio,
1149 1658 1402 1724 matrimonium
1433 1659 1665 1738 contraxerit3
1696 1669 1836 1746 propter
1866 1662 1949 1746 quod

588 1763 695 1847 gratia
721 1764 792 1849 ipsa
818 1762 944 1827 inutilis
966 1769 1017 1826 est
1042 1761 1185 1841 effecta;
1211 1770 1304 1846 quat.
1328 1760 1437 1827 eidem
1451 1761 1531 1846 regi,
1550 1769 1587 1826 ut
1602 1762 1680 1828 loco
1694 1762 1776 1829 dicti
1795 1763 1905 1851 Egidii
1921 1765 1948 1829 in

588 1867 739 1953 predicta
765 1868 847 1932 eccl.
872 1868 933 1932 sub
958 1865 1078 1931 eadem
1093 1864 1172 1930 data
1189 1874 1223 1930 et
1239 1866 1273 1929 in
1291 1865 1410 1930 eodem
1422 1865 1495 1951 jure
1511 1885 1571 1952 per
1599 1866 1712 1931 omnia
1738 1867 1948 1952 surrogando

588 1970 693 2054 possit
708 1970 811 2035 alium
825 1970 1009 2049 nominare,
1027 1970 1212 2035 concedere
1229 1969 1410 2055 dignemini
1426 1970 1469 2035 de
1484 1991 1530 2055 gr.
1548 1970 1695 2056 speciali.
1711 2011 1755 2019 —
1771 1970 1848 2036 Fiat
1866 1981 1950 2039 auct.

589 2083 713 2154 nostra,
731 2073 764 2137 in
781 2073 897 2153 forma,
913 2074 955 2139 de
971 2074 1048 2139 data
1068 2074 1226 2160 presenti.
1245 2073 1286 2139 R.

633 2177 711 2241 Dat.
728 2197 782 2263 ap.
799 2175 1048 2241 Villamnovam
1066 2181 1083 2240 6
1099 2176 1165 2242 kal.
1181 2185 1277 2242 mart.
1293 2185 1326 2241 a⁰
1344 2183 1385 2260 3⁰.
1402 2178 1451 2261 (6,
1469 2178 1554 2262 μ’).

641 2338 753 2419 792.
1604 2370 1699 2435 1345,
1716 2373 1756 2435 24
1766 2353 1910 2438 Ῐῤυὶεν.

633 2456 734 2522 Motu
757 2456 894 2542 proprio
919 2475 1127 2521 reservamus
1150 2456 1393 2542 preposituram
1419 2456 1501 2521 eocl.
1526 2454 1696 2535 Leodien.,
1713 2455 1951 2522 conferendam

589 2560 785 2640 Bertrando,
813 2560 864 2625 tit.
890 2560 922 2625 S.
951 2557 1057 2624 Marci
1086 2573 1095 2598 ¹
1121 2561 1230 2645 presb.
1254 2558 1353 2640 card„
1377 2558 1411 2621 in
1435 2557 1552 2623 eadem
1568 2559 1650 2623 eccl.
1667 2579 1740 2623 can.
1757 2562 1860 2644 preb,
1878 2581 1951 2625 cum

587 2664 759 2730 vacaverit
784 2684 844 2750 per
868 2664 1167 2743 consecrationem,
1193 2664 1248 2728 vel
1271 2662 1337 2727 alio
1363 2662 1481 2747 quovis
1516 2661 1628 2742 modu,
1656 2671 1872 2748 preterquam
1895 2686 1952 2751 per

587 2777 732 2835 mortem
743 2767 959 2852 Enguelberti
972 2767 1070 2833 electi
1084 2776 1119 2833 et
1130 2788 1191 2853 per
1202 2787 1263 2832 nos
1275 2765 1398 2853 provisi
1414 2767 1448 2830 in
1465 2766 1566 2852 episc.
1580 2765 1741 2831 Leodien.
1754 2782 1776 2832 ².
1789 2765 1952 2833 Volumus

586 2882 700 2939 tamen
712 2871 811 2957 quod,
819 2872 1148 2958 cumpossessionem
1157 2871 1332 2958 pacificam
1343 2870 1432 2936 dicte
1441 2870 1650 2956 prepositure
1660 2870 1760 2935 fuerit
1768 2880 1951 2950 assecutus,

586 2977 773 3063 prioratum
797 2976 840 3041 de
868 2973 1083 3056 MarescatiO,
1110 2974 1197 3040 dioc.
1223 2973 1427 3054 Xantonen.,
1453 2994 1513 3059 per
1536 2973 1721 3039 monachos
1737 2972 1769 3038 S.
1785 2972 1951 3051 Johannis

585 3077 838 3163 Angeliacensis
853 3078 988 3143 solitum
1004 3078 1189 3162 gubernari,
1205 3076 1374 3141 dimittere
1388 3085 1553 3141 teneatur.
1571 3114 1603 3124 —
1619 3075 1694 3142 Fiat
1707 3085 1803 3142 motu
1810 3080 1950 3163 proprio

585 3192 621 3247 et
637 3183 879 3267 dispensamus
896 3189 931 3245 et
946 3181 1095 3246 dimittat
1110 3180 1239 3245 dictum
1254 3181 1448 3265 prioratum.
1465 3179 1505 3244 R.

631 3286 710 3349 Dat.
728 3305 780 3370 ap.
797 3283 1046 3348 Villamnovam
1064 3287 1081 3346 6
1097 3282 1164 3347 kal.
1181 3291 1278 3348 mart.
1295 3291 1329 3348 a⁰
1346 3291 1387 3367 3⁰.
1405 3282 1454 3366 (6,
1471 3288 1540 3367 49).

637 3447 1693 3542 793-1345,
1711 3478 1752 3540 25
1760 3460 1905 3545 [doner.

629 3565 730 3650 Supp.
753 3563 870 3628 Petms
892 3564 934 3626 de
959 3559 1168 3641 Molendino,
1186 3562 1267 3627 civis
1287 3560 1454 3642 Parisien.,
1471 3569 1562 3645 quat.
1578 3561 1740 3647 Gregorio
1755 3562 1798 3628 de
1815 3562 1950 3629 Molen-

585 3669 675 3749 dino,
702 3670 779 3734 cler.
807 3666 976 3746 Parisien.,
1004 3666 1073 3730 filio
1100 3687 1172 3746 suu,
1197 3666 1250 3732 lic.
1276 3666 1310 3729 in
1333 3673 1406 3746 art,
1432 3688 1472 3732 ac
1497 3669 1573 3732 bac.
1600 3666 1634 3730 in
1660 3668 1735 3751 leg,
1760 3668 1950 3733 Aurelianis

585 3773 743 3854 studenti,
755 3792 817 3857 pro
832 3791 899 3855 quo
915 3770 1019 3835 etiam
1035 3770 1234 3835 universitas
1249 3772 1397 3856 ejusdem
1413 3770 1477 3837 loci
1494 3790 1554 3856 per
1569 3790 1644 3835 suas
1659 3769 1789 3835 litteras
1799 3769 1839 3835 V.
1853 3792 1949 3858 supp.

585 3878 628 3957 8.,
653 3876 829 3963 providere
853 3874 1034 3960 dignemini
1059 3873 1102 3938 de
1128 3876 1280 3960 parroch.
1304 3877 1386 3942 cccl.
1412 3875 1445 3942 S.
1460 3874 1573 3954 Ylarii,
1597 3874 1728 3959 Sagien.
1750 3874 1838 3941 dioc.
1854 3898 1864 3954 ;
1883 3897 1949 3960 que

583 3989 681 4046 tanto
708 3987 861 4065 tempore
886 3979 1029 4058 vacavit,
1054 3978 1144 4062 quod
1169 3980 1240 4063 ejus
1266 3980 1403 4045 collatio
1427 4000 1486 4065 per
1509 3979 1639 4064 lapsum
1661 3978 1824 4065 temporis
1840 3989 1891 4044 est
1907 3980 1950 4046 ad

584 4084 698 4147 sedem
714 4091 822 4168 apost.
838 4082 998 4147 devoluta
1012 4104 1020 4160 ;
1038 4102 1106 4145 non
1123 4084 1210 4147 obst.
1223 4082 1313 4166 quod
1328 4104 1401 4148 can.
1417 4086 1477 4148 sub
1493 4102 1569 4168 exp.
1583 4083 1676 4167 preb.
1693 4082 1726 4146 in
1742 4084 1826 4148 eccl.
1843 4082 1950 4149 Cons-

583 4188 735 4267 tantiam,
752 4194 786 4250 et
811 4187 844 4249 in
870 4185 1010 4249 Remen.
1030 4186 1200 4268 quoddam
1216 4189 1292 4253 ben.
1308 4189 1401 4270 eccl„
1428 4185 1579 4253 custodie
1604 4193 1846 4272 nuncupatum,
1862 4196 1898 4252 et
1914 4188 1947 4252 in

587 4289 625 4354 B.
644 4289 693 4355 M.
710 4291 752 4355 de
769 4289 1013 4374 Rupelmonde,
1030 4297 1064 4352 et
1081 4289 1113 4352 in
1130 4290 1161 4354 S.
1178 4289 1350 4355 Godeleve
1373 4291 1415 4357 de
1440 4289 1635 4370 Liseveche,
1661 4310 1701 4355 ac
1728 4290 1761 4354 in
1786 4290 1818 4355 S.
1836 4288 1886 4357 M.
1904 4291 1949 4357 de

584 4392 615 4456 S.
644 4391 771 4472 Maura,
800 4392 1003 4478 capellanias
1037 4413 1140 4479 perp„
1184 4396 1342 4475 ecclesiis,
1376 4393 1563 4459 Tomacen.
1589 4399 1624 4457 et
1647 4391 1817 4460 Turoneu.
1849 4394 1948 4475 dioc„

582 4496 731 4560 noscitur
758 4497 919 4562 obtinere.
935 4536 978 4544 —
995 4494 1070 4560 Fiat
1088 4496 1127 4560 R.
1145 4497 1190 4561 Et
1205 4497 1288 4561 nihil
1306 4497 1458 4563 dimittat
1472 4503 1494 4562 ⁸.
1512 4496 1552 4561 R.

630 4596 707 4661 Dat.
724 4619 776 4682 ap.
794 4597 1043 4663 Villamnovam
1061 4619 1077 4683 5
1095 4599 1162 4665 kal.
1178 4611 1275 4666 mart.
1292 4609 1324 4666 a⁰
1342 4609 1384 4685 3⁰.
1401 4602 1450 4685 (6,
1467 4604 1536 4685 46).

614 4810 642 4869 a)
656 4810 696 4856 En
709 4824 795 4869 merge
806 4813 866 4858 :aet
879 4810 959 4857 ariclril
971 4810 1108 4858 dimittutn
1122 4829 1130 4859 :
1137 4812 1196 4871 suit
1204 4814 1289 4875 positu
1300 4814 1327 4860 in
1339 4813 1460 4877 originali
1468 4828 1516 4876 per
1528 4813 1653 4861 dolabrum
1677 4817 1796 4874 auarum,
1806 4819 1830 4862 et
1840 4815 1882 4862 lrir·
1894 4831 1945 4862 cor·

583 4889 650 4930 rectu
662 4882 694 4930 de
706 4884 824 4931 rrruudato
835 4884 957 4944 trausacto
970 4885 1032 4931 mila
1041 4885 1076 4933 R.
1087 4884 1215 4934 Gemmm'.

615 5122 635 5167 l.
649 5120 775 5167 Bertrand
786 5120 818 5167 ‹le
832 5121 904 5168 Doux
917 5136 922 5173 ;
941 5122 995 5167 voir
1007 5135 1032 5167 n.
1045 5121 1083 5170 28.
1096 5149 1127 5155 -
1145 5124 1167 5168 2.
1188 5121 1327 5182 lingelbert
1338 5122 1370 5170 de
1382 5122 1407 5169 la
1419 5121 1508 5169 Marck
1518 5122 1559 5169 fut
1577 5136 1679 5184 pourvu
1695 5121 1719 5170 le
1730 5124 1762 5170 25
1774 5121 1869 5172 ferrier
1883 5126 1941 5171 1315

582 5194 686 5255 (Ilubel
701 5195 719 5252 1,
734 5196 802 5252 311),
