4650 6059
478 778 534 842 120
990 775 1077 850 1343,
1101 776 1173 842 7-14
1195 774 1323 843 octobre.

479 937 589 994 certus
605 927 843 993 canonicorum
870 947 1027 992 numerus
1053 936 1104 992 est
1120 928 1301 1008 institutus,
1324 927 1506 1013 dignemini
1531 927 1707 1014 providere
1723 950 1731 1006 ;
1748 931 1840 1013 preb.

480 1054 570 1110 vero,
593 1053 725 1096 necnon
742 1040 880 1111 curtem,
908 1032 1095 1111 eeclesiam,
1124 1031 1379 1117 prestimonium
1405 1052 1463 1096 seu
1487 1031 1714 1097 obedientiam
1740 1050 1841 1098 cano-

481 1138 563 1203 nicis
580 1138 661 1201 eccl.
678 1136 758 1201 dicti
774 1137 966 1201 monasterii
983 1136 1146 1202 duntaxat
1170 1137 1330 1221 assignari
1347 1144 1519 1218 consueta,
1536 1138 1562 1202 si
1579 1138 1676 1203 simul
1693 1144 1753 1202 aut
1769 1157 1841 1201 sue·

481 1243 608 1308 cessive
624 1249 750 1306 vacant
777 1249 834 1306 aut
850 1262 927 1306 eum
943 1241 1148 1321 vacaverint,
1166 1240 1367 1306 conferenda
1394 1242 1514 1322 eidem,
1530 1241 1756 1321 reservand0;
1773 1262 1840 1305 non

482 1350 567 1412 obst.
584 1343 824 1411 consuetudine
840 1366 898 1411 seu
914 1353 1053 1424 statute,
1070 1345 1189 1429 quibus
1205 1345 1314 1410 caveri
1327 1344 1448 1410 dicitur
1465 1343 1598 1424 ibidem,
1614 1345 1705 1428 quod
1732 1345 1841 1409 nullus

481 1450 670 1534 hujusmodi
696 1457 834 1529 curtem,
861 1450 1047 1529 ecclesiam,
1069 1449 1325 1536 prestimonium
1352 1470 1410 1514 seu
1435 1448 1663 1515 obedientiam
1687 1450 1840 1515 obtinere

481 1556 601 1634 valeat,
617 1554 679 1618 nisi
698 1574 770 1618 can.
787 1553 908 1617 existat
924 1562 1001 1617 actu
1018 1552 1264 1638 prebendatus;
1293 1573 1351 1617 seu
1367 1552 1456 1636 quod
1477 1553 1513 1617 in
1528 1553 1610 1619 eccl.
1626 1553 1659 1620 S.
1675 1552 1695 1630 J
1698 1552 1841 1619 ohannis

483 1659 640 1725 Leodien.
657 1678 729 1723 can.
746 1665 781 1721 et
807 1660 899 1743 preb.
915 1658 1063 1723 noscitur
1087 1658 1248 1737 obtinere,
1276 1678 1315 1722 ae
1331 1677 1429 1742 super
1453 1678 1527 1722 can.
1543 1666 1578 1721 et
1601 1659 1694 1742 preb.
1711 1644 1839 1722 00018.

481 1762 652 1828 Adelberti
677 1770 772 1826 extra
795 1782 908 1826 muros
930 1763 1114 1845 Aquenses,
1143 1759 1301 1827 Leodien.
1327 1761 1424 1841 dioc„
1455 1760 1603 1827 noscitur
1632 1760 1775 1845 litigare.
1801 1800 1840 1810 -

484 1866 674 2056 Fuibaltzbap.
692 1969 939 2034 Villamnovam
957 1990 973 2033 2
990 1990 1069 2035 non.
1086 1978 1152 2036 oct.
1170 1978 1204 2036 a⁰
1221 1978 1262 2035 2⁰.
1279 1971 1326 2052 (3,
1345 1971 1449 2054 248').

532 2107 648 2193 530.
1511 2140 1605 2205 1343,
1623 2138 1643 2205 7
1659 2124 1799 2187 octobre.

526 2224 626 2291 Motu
641 2223 775 2310 proprio
790 2223 1003 2309 providemus
1019 2223 1209 2304 Guillelmo,
1223 2224 1254 2289 S.
1268 2222 1317 2289 M.
1333 2224 1365 2288 in
1379 2222 1558 2289 Cosmedin
1574 2223 1659 2291 diac.
1670 2226 1760 2292 card.
1771 2237 1790 2307 ¹,
1800 2227 1840 2291 de

481 2353 554 2396 can.
584 2340 618 2394 et
642 2332 734 2415 preb.
759 2327 974 2394 Cameracen.
1000 2348 1072 2393 vac.
1100 2349 1158 2412 per
1185 2336 1329 2393 mortem
1356 2326 1521 2405 Johannis
1544 2326 1586 2392 de
1613 2326 1803 2415 Batpalrnis
1820 2344 1840 2410 ²,

481 2436 573 2518 cujus
588 2438 664 2499 ben.
693 2442 772 2498 ante
796 2432 897 2518 ipsius
921 2440 1064 2497 mortem
1089 2434 1271 2497 extiterunt
1295 2439 1471 2497 reservata.
1487 2473 1530 2481 —
1546 2431 1622 2498 Fiat
1646 2440 1744 2499 motu
1767 2455 1841 2521 pro·

482 2539 565 2624 prio.
585 2537 624 2603 R.

525 2644 602 2707 Dat.
619 2663 672 2728 ap.
688 2641 937 2706 villamnovam
952 2662 1032 2707 non.
1049 2650 1115 2707 oet.
1132 2649 1166 2707 a⁰
1183 2649 1224 2707 2⁰.
1241 2643 1289 2726 (3,
1302 2635 1396 2726 054).

531 2781 638 2866 531.
1497 2812 1592 2877 1343,
1610 2814 1650 2877 14
1668 2796 1801 2859 octobre

524 2900 624 2985 Supp.
641 2898 823 2976 Johannes,
839 2899 942 2962 abbas
959 2897 989 2962 S.
1007 2897 1095 2962 Petri
1106 2898 1201 2982 juxta
1214 2897 1414 2962 Gandavum
1429 2907 1450 2978 ³,
1467 2904 1556 2980 quat.
1572 2897 1633 2962 sibi
1658 2906 1693 2963 et
1720 2898 1844 2964 dilecte

480 3025 537 3069 sue
553 3004 651 3069 matri
669 3000 857 3087 Margarete
873 3000 915 3066 de
932 3000 1047 3066 Puttin
1060 3001 1243 3086 dignemini
1268 3001 1437 3086 indulgere
1456 2999 1575 3087 [absol.
1593 3000 1625 3064 in
1643 3010 1706 3066 art.
1722 3000 1840 3087 mort]

480 3106 674 3173 —ffimR

420 3171 424 3180 ’
524 3213 601 3277 nat.
614 3211 713 3275 nvn.
730 3210 835 3296 pone
852 3209 895 3275 0.
912 3216 979 3276 oet.
995 3218 1028 3275 av
1047 3218 1088 3275 20.
1105 3212 1153 3293 (3,
1173 3210 1262 3294 256).

531 3346 776 3434 532-548.
1490 3381 1585 3445 1343,
1602 3382 1642 3444 14
1660 3364 1801 3427 octobre.

525 3468 626 3552 Supp.
652 3465 824 3552 Philippus
849 3466 892 3531 de
917 3466 1069 3546 Arbosi0,
1096 3466 1242 3531 decanus
1266 3464 1443 3549 Brugensis
1467 3480 1487 3546 ⁴,
1512 3465 1648 3530 nuntius
1678 3487 1719 3530 ex
1747 3476 1844 3551 parte

482 3571 743 3656 Flamingorum,
770 3580 865 3636 extra
890 3569 1080 3636 Flandriam
1108 3578 1245 3654 propter
1261 3589 1376 3634 eorum
1393 3568 1587 3634 fidelitatem
1616 3569 1844 3649 existentium,

483 3676 526 3741 ad
542 3673 581 3740 V.
599 3674 630 3739 S.
647 3675 850 3760 presentiam
873 3674 1068 3753 destinatus,
1085 3683 1176 3757 quat.
1193 3671 1282 3737 fratri
1308 3693 1368 3737 suo
1382 3693 1551 3758 gemiano,
1567 3693 1656 3757 mag.
1685 3672 1789 3739 Petro
1803 3672 1845 3738 de

482 3779 635 3859 Arbosi0,
660 3780 747 3859 cler.,
775 3777 817 3843 de
841 3780 916 3843 ben.
941 3777 1023 3842 eccl.
1051 3797 1079 3841 0.
1097 3797 1125 3841 0.
1141 3778 1195 3840 vel
1219 3797 1244 3841 s,
1272 3796 1311 3856 c.,
1339 3785 1512 3860 spectante
1538 3776 1765 3842 communiter
1791 3777 1844 3841 vel

481 3884 612 3949 divisim
638 3884 680 3948 ad
714 3883 812 3960 coll...
839 3882 951 3967 episc„
975 3879 1047 3946 dec.
1073 3889 1107 3945 et
1135 3901 1206 3966 cap.
1233 3879 1383 3959 Trecen,
1411 3880 1635 3965 cujuscunque
1661 3880 1846 3946 taxationis

482 3987 611 4052 decime
627 3986 754 4052 dietum
770 3989 846 4051 ben.
868 3984 998 4063 existat,
1015 3984 1108 4050 dicto
1124 3983 1226 4049 Petro
1246 3983 1427 4067 dignemini
1444 3984 1620 4069 providere
1635 4006 1644 4064 ;
1667 4003 1737 4049 non
1758 3986 1844 4050 obst.

482 4091 571 4174 quod
595 4112 667 4156 can.
687 4098 721 4155 et
736 4093 828 4175 preb.
844 4089 933 4155 dicte
950 4089 1031 4152 0001.
1048 4088 1199 4168 Trecen,
1216 4088 1257 4152 de
1273 4086 1409 4173 quadiu
1436 4095 1488 4152 est
1511 4087 1656 4171 litigavit
1672 4096 1707 4152 et
1734 4087 1845 4154 adhuc

483 4195 599 4277 litigat,
616 4195 764 4259 noscitur
780 4193 941 4258 obtinere.
956 4233 999 4240 —
1017 4191 1091 4256 Fiat
1107 4213 1211 4277 usque
1228 4191 1270 4257 ad
1288 4212 1328 4275 70
1344 4191 1399 4255 lib.
1416 4212 1444 4256 c.
1461 4212 1501 4272 c.,
1520 4212 1559 4276 50
1576 4212 1600 4256 s.
1617 4211 1646 4257 c.
1663 4190 1704 4256 R.

527 4340 608 4398 533.
627 4331 713 4394 Item
741 4331 848 4414 suppl.
865 4338 955 4413 quat.
973 4329 1110 4412 Hugoni
1127 4328 1169 4393 (10
1185 4328 1337 4407 ArbosiO,
1355 4328 1603 4411 consanguineo
1629 4348 1700 4408 suo,
1717 4330 1844 4394 nullum

483 4438 558 4500 ben.
576 4437 658 4500 0001.
675 4434 851 4512 obtinenti,
867 4435 909 4497 de
924 4436 1000 4498 ben.
1029 4455 1086 4498 seu
1112 4434 1169 4498 off.
1185 4456 1210 4498 e.
1227 4455 1266 4513 c.,
1295 4433 1593 4512 administratione,
1610 4434 1663 4497 vel
1688 4434 1844 4499 matricu-

482 4540 560 4603 laria
577 4560 634 4603 seu
662 4537 812 4603 custodia
834 4538 887 4600 vel
914 4537 1102 4622 leprosaria,
1119 4545 1293 4623 spectante
1319 4535 1542 4602 communiter
1573 4538 1626 4601 vel
1642 4535 1777 4603 divisim
1801 4538 1844 4603 ad

483 4645 580 4707 coll...
597 4651 672 4720 etc„
690 4649 725 4705 ut
737 4662 865 4725 supra...
883 4640 994 4725 episc„
1011 4640 1082 4706 dec.
1097 4648 1131 4705 et
1144 4662 1216 4725 cap.
1243 4639 1382 4717 Eduen.,
1399 4638 1581 4724 dignemini
1598 4637 1786 4725 providere.
1804 4682 1846 4689 —

485 4746 561 4811 Fiat
577 4768 679 4830 usqne
697 4746 738 4810 ad
755 4766 796 4829 40
813 4745 857 4808 lib
873 4745 923 4810 R..

528 4887 611 4954 534.
637 4884 723 4948 ltern
740 4904 834 4968 supp.
852 4882 1013 4948 Nicolaus
1030 4882 1207 4948 Guidnclrii
1224 4891 1243 4964 ⁵,
1261 4882 1397 4947 nuntius
1413 4890 1449 4945 ut
1465 4901 1574 4965 snpra,
1591 4888 1681 4964 quat.
1698 4880 1845 4957 Johanni

483 5023 598 5030 ..ν-

520 5090 539 5136 1.
552 5086 698 5133 (10111000ιο
710 5085 741 5130 (10
755 5084 778 5129 ln
791 5082 878 5143 augeo„
893 5098 975 5129 neven
987 5083 1021 5129 du
1038 5083 1110 5144 Papo.
1125 5083 1334 5131 10100210-
1352 5085 1374 5130 2.
1387 5082 1448 5128 Voir
1459 5096 1484 5129 n.
1496 5083 1552 5129 olo,
1570 5108 1602 5115 —-
1619 5082 1642 5129 3.
1660 5078 1726 5129 dean
1744 5081 1777 5129 de
1796 5081 1846 5129 Pn-

485 5163 561 5209 tlnnn.
582 5159 654 5207 abbi:
671 5160 795 5213 1:5:1149
809 5157 902 5204 t'bvrier
916 5159 977 5203 1375
991 5155 1077 5215 ((1011,
1091 5156 1185 5214 bloiet,
1199 5156 1228 5214 V,
1242 5157 1288 5202 203
1302 5170 1307 5205 ;
1325 5156 1382 5203 l'en
1401 5155 1523 5213 Lokoren,
1546 5154 1650 5201 {bootes
1668 5153 1702 5200 de
1713 5155 1849 5203 St-Pierre

484 5236 499 5281 0
517 5234 597 5283 (tamt.
614 5235 645 5292 11,
665 5230 1018 5295 pp.1.lx-Lx).-l.voir
1036 5245 1060 5277 n.
1074 5234 1127 5279 185.
1140 5259 1171 5265 —
1183 5235 1205 5278 b.
1221 5229 1329 5292 11001110,
1346 5229 1468 5287 (boetem,
1483 5229 1517 5286 ll,
1536 5230 1591 5278 628.
