4650 6059
565 823 621 888 132
1080 815 1167 889 1343,
1190 816 1226 880 17
1248 817 1415 881 novembre.

566 974 726 1040 facientes
741 970 882 1057 perdant
898 968 1042 1046 easdem,
1053 976 1087 1032 et
1103 968 1193 1051 quod
1206 968 1324 1053 singuli
1340 977 1466 1034 certam
1492 990 1658 1034 summam
1673 969 1764 1034 bladi
1780 969 1929 1035 similiter

567 1079 737 1155 amittant,
754 1075 816 1140 nisi
833 1073 969 1157 singulis
984 1073 1101 1137 diebus
1113 1072 1240 1138 duabus
1255 1073 1345 1139 boris
1373 1074 1527 1139 intersint
1542 1096 1551 1154 ;
1569 1094 1638 1139 non
1656 1076 1814 1139 obstante
1829 1075 1927 1140 etiam

567 1181 656 1266 qnod
673 1181 855 1244 decanatus
869 1178 1077 1264 personalem
1094 1176 1318 1258 residentiam,
1335 1178 1437 1243 etiam
1459 1178 1652 1261 juramento
1677 1178 1780 1263 ipsius
1804 1175 1824 1255 J
1827 1178 1929 1244 ohan·

568 1286 618 1350 nis
634 1284 751 1349 decani
769 1283 938 1362 vallatam,
955 1282 1056 1364 exigit
1081 1290 1115 1345 et
1142 1282 1288 1365 requirit,
1305 1302 1344 1346 ac
1368 1283 1619 1365 quibuscunque
1644 1281 1836 1367 privilegiis,
1851 1304 1930 1347 con·

568 1387 798 1453 suetudinibus
814 1394 848 1449 et
864 1386 998 1450 statutis
1013 1385 1161 1466 ejusdem
1187 1386 1337 1467 ecclesie,
1364 1394 1399 1449 et
1423 1385 1496 1450 aliis
1521 1405 1590 1451 non
1609 1388 1706 1465 obst,
1726 1392 1761 1450 et
1779 1386 1930 1452 clausulis

569 1490 742 1577 oportunis
758 1499 792 1554 et
808 1488 1050 1554 executoribus.
1066 1529 1109 1537 —
1126 1487 1201 1552 Fiat
1219 1489 1251 1551 in
1268 1488 1374 1553 forma
1389 1488 1431 1554 ad
1446 1488 1618 1553 biennium
1636 1488 1676 1554 R.

616 1595 695 1658 Dat.
712 1595 811 1658 Avin.
832 1597 869 1657 16
885 1591 953 1658 kal.
970 1593 1042 1658 dec.
1060 1602 1093 1657 a⁰
1110 1600 1151 1656 2⁰.
1169 1597 1217 1676 (3,
1235 1592 1271 1657 P.
1289 1590 1334 1671 ll,
1353 1594 1420 1674 60).

620 1732 736 1815 580·
1536 1762 1631 1826 1343,
1648 1762 1689 1825 17
1706 1745 1890 1809 trovembre.

613 1851 713 1934 Supp.
732 1847 930 1930 Margareta,
947 1846 1115 1930 quondam
1131 1845 1217 1929 regis
1229 1845 1368 1912 Francie
1381 1846 1457 1925 iilia,
1471 1846 1641 1912 comitissa
1652 1846 1819 1928 Flandrie,
1832 1847 1931 1933 quod,

570 1975 646 2019 cunr
662 1961 749 2017 auct.
766 1952 952 2015 litterarum
979 1950 1069 2014 dom.
1096 1947 1280 2030 Benedicti,
1306 1949 1549 2037 predecessoris
1572 1950 1684 2029 vestri,
1698 1951 1776 2016 cler.
1793 1961 1828 2016 et
1854 1972 1932 2017 con-

570 2057 709 2121 siliarius
726 2076 812 2130 snus,
837 2075 923 2137 mag.
943 2052 1090 2117 lliclrael
1106 2053 1148 2118 de
1174 2052 1344 2138 Triclreyo
1362 2064 1381 2133 ¹,
1398 2074 1471 2117 can.
1496 2061 1531 2116 et
1556 2056 1648 2137 preb.
1665 2054 1699 2117 in
1715 2055 1799 2119 eccl.
1816 2054 1934 2119 Carne-

570 2181 692 2239 racen,
710 2180 793 2243 quos
810 2156 980 2241 quondam
997 2156 1140 2222 Gentilis
1163 2156 1206 2222 de
1230 2157 1304 2222 filiis
1321 2157 1398 2223 Ursi
1415 2157 1456 2222 de
1474 2156 1567 2222 Urbe
1584 2156 1616 2220 in
1638 2156 1729 2222 dicta
1744 2158 1839 2236 eccl,
1855 2158 1934 2224 dum

570 2264 710 2341 viveret,
728 2262 911 2339 obtinebat,
928 2280 1061 2325 necnon
1086 2260 1392 2326 archidiaconatum
1410 2259 1569 2326 Hanonie
1585 2261 1618 2325 in
1640 2259 1731 2326 dicta
1758 2263 1841 2328 eccl.
1857 2272 1877 2341 ²,
1894 2284 1933 2327 ex

572 2367 753 2431 collatione
769 2365 828 2430 sibi
846 2365 933 2429 facta
949 2364 990 2428 de
1006 2385 1048 2428 eo
1064 2385 1123 2450 per
1145 2363 1247 2448 episc.
1264 2362 1489 2445 Cameracen,
1504 2384 1565 2448 per
1591 2373 1736 2430 mortem
1751 2365 1843 2431 dom.
1861 2365 1932 2431 Bal·

572 2469 662 2534 duini
680 2468 721 2532 de
739 2467 1116 2551 Colemedi0,quondam
1128 2466 1287 2533 Hanonie
1297 2467 1533 2548 archidiaconi,
1544 2468 1705 2549 obtineat,
1717 2478 1752 2535 et
1763 2469 1931 2555 predictos

575 2593 648 2637 can.
665 2579 698 2635 et
715 2575 806 2656 preb.
823 2593 861 2636 ac
888 2571 1197 2636 archidiaconatum
1225 2571 1416 2650 obtinuerit,
1433 2571 1518 2637 sicut
1543 2581 1577 2637 et
1601 2593 1692 2638 nunc
1717 2575 1860 2656 obtinet,
1876 2594 1931 2660 per

572 2676 678 2740 multa
694 2685 846 2760 tempora
862 2676 1002 2761 pacifice
1025 2684 1059 2739 et
1084 2675 1219 2759 quiete3
1248 2684 1412 2758 quatenus
1437 2676 1697 2761 acceptationes
1724 2678 1930 2756 collationes,

572 2788 607 2844 et
622 2779 847 2865 possessiones
874 2779 1110 2865 predictorum,
1126 2786 1161 2842 et
1177 2800 1218 2841 ex
1244 2778 1308 2842 biis
1332 2777 1568 2863 dependentia,
1585 2779 1619 2843 in
1644 2800 1829 2866 personam
1855 2781 1931 2848 dicti
1965 2865 1968 2872 Ι

573 2882 750 2949 Michaelis
765 2882 947 2968 dignemini
964 2891 1052 2948 auct.
1068 2890 1176 2968 apost.
1193 2882 1402 2947 confirmare.
1417 2881 1549 2947 —Fiat
1564 2882 1603 2948 R.

617 2988 693 3051 Dat.
710 2989 810 3052 Arin.
831 3007 867 3071 15
885 2986 950 3051 kal.
967 2986 1039 3051 dee.
1055 2994 1088 3049 a⁰
1105 2994 1146 3050 2⁰.
1165 2986 1213 3068 (3,
1232 2983 1268 3050 P.
1286 2983 1330 3066 II,
1350 2988 1434 3071 5ol').

622 3123 731 3204 581.
1536 3154 1631 3218 1343,
1649 3154 1690 3217 17
1708 3141 1892 3205 novembre.

616 3240 779 3323 Dignetur
795 3239 825 3302 S.
842 3237 881 3303 V.
905 3238 1080 3323 providere
1097 3237 1252 3318 Gnidoni,
1269 3239 1321 3304 tit.
1339 3239 1370 3303 S.
1388 3237 1512 3304 Cecilie
1538 3241 1647 3324 presb.
1674 3241 1775 3322 card,
1792 3243 1835 3308 de
1863 3264 1931 3309 can.

571 3351 605 3406 et
632 3346 723 3427 preb.
740 3345 821 3407 eccl.
849 3341 1025 3421 Morineu,
1043 3362 1126 3426 qnos
1150 3343 1325 3408 obtinebat
1351 3341 1550 3408 Eustaclrius
1565 3342 1608 3408 de
1631 3346 1704 3430 Ays
1720 3354 1740 3426 ³,
1757 3347 1815 3431 qui
1831 3366 1933 3434 nuper

573 3455 667 3511 extra
686 3447 784 3511 Rom.
801 3467 867 3511 cur.
884 3445 971 3510 diem
989 3446 1106 3511 clausit
1123 3455 1320 3513 extremum.
1337 3488 1379 3496 -
1396 3447 1471 3513 Fiat
1487 3458 1583 3514 motu
1598 3450 1735 3535 proprio
1751 3450 1793 3517 R.
1878 3471 1880 3475 ·

616 3553 693 3616 Dat.
709 3552 810 3615 Acin.
832 3570 866 3634 15
884 3550 948 3615 kal.
965 3551 1037 3616 dec.
1054 3558 1086 3615 a⁰
1104 3559 1145 3615 2⁰.
1163 3551 1211 3636 (3,
1229 3552 1265 3617 P.
1283 3552 1328 3631 ll,
1344 3554 1410 3637 52).

622 3689 735 3773 582.
1535 3724 1553 3767 r
1553 3724 1597 3787 34
1597 3723 1631 3788 3,
1649 3721 1689 3787 17
1707 3708 1891 3772 novembre.

614 3810 716 3894 Supp.
738 3805 847 3872 Maria
876 3805 917 3870 de
947 3804 1115 3886 Artlresio,
1147 3805 1317 3871 comitissa
1345 3804 1594 3888 NamurcensiS,
1622 3806 1723 3891 quod,
1751 3830 1830 3874 cum
1863 3810 1931 3896 ipsa

572 3913 675 3977 filiam
692 3931 785 3977 suam
803 3908 1027 3994 Margaretam
1044 3909 1077 3972 in
1093 3910 1298 3974 monasterio
1314 3910 1442 3976 incluso
1457 3910 1499 3975 de
1516 3909 1736 3995 Pentegbienr
1748 3934 1828 3979 cum
1844 3934 1931 3979 soro·

571 4017 659 4080 ribus
675 4015 798 4080 ibidem
817 4014 890 4078 Deo
906 4012 1077 4091 dedicatis,
1104 4011 1146 4077 Ο.
1164 4010 1202 4077 F.
1231 4011 1326 4094 Min,
1352 4013 1531 4094 incluserit,
1557 4021 1591 4078 et
1616 4014 1759 4080 eandem
1779 4016 1931 4103 omnipo-

571 4120 655 4183 tenti
674 4119 748 4183 Deo
764 4115 978 4195 dedicaverit,
989 4115 1079 4199 quod
1095 4116 1334 4181 monasterium
1345 4116 1504 4181 situatum
1520 4126 1571 4182 est
1587 4116 1620 4181 in
1636 4118 1723 4185 dioc.
1734 4118 1930 4199 Tornacen,

572 4226 631 4288 sub
648 4223 799 4287 districtu
816 4229 850 4285 et
866 4219 1016 4285 dominio
1033 4219 1089 4284 filii
1108 4220 1156 4283 sui
1175 4220 1307 4285 comitis
1334 4219 1582 4302 Namurcensis,
1599 4229 1634 4287 et
1659 4225 1701 4288 ab
1730 4223 1801 4308 ejus
1816 4225 1930 4310 prede·

573 4325 756 4390 cessoribus
771 4322 945 4387 fundatum
962 4330 997 4386 et
1013 4331 1263 4402 constructum;
1281 4323 1370 4407 quod
1387 4325 1458 4411 ipsa
1476 4323 1585 4390 Maria
1601 4325 1780 4407 comitissa,
1798 4350 1875 4394 cum
1891 4329 1931 4394 ad

572 4428 698 4493 dictum
724 4427 963 4490 monasterium
989 4426 1132 4489 eandem
1158 4427 1271 4490 venire
1297 4429 1485 4512 contigerit,
1514 4429 1620 4514 ipsum
1646 4430 1732 4496 intra
1756 4431 1930 4512 inclusum,

573 4553 706 4596 curura
733 4530 883 4616 personis
908 4529 1059 4613 ydoneis,
1088 4530 1213 4595 totiens
1237 4532 1392 4615 quotiens
1417 4534 1610 4617 expedierit,
1635 4535 1779 4617 gratiose
1795 4547 1831 4602 et
1856 4558 1931 4603 cunr

571 4635 748 4700 honestate
772 4654 836 4718 qua
861 4654 935 4699 earn
961 4634 1070 4712 decet,
1101 4636 1212 4699 caleat
1244 4636 1453 4717 subintrare;
1479 4639 1654 4703 contrariis
1680 4640 1931 4727 quibuscunque

571 4739 758 4822 privilegiis,
775 4738 918 4817 statutis,
946 4738 1210 4805 ordinationibus
1225 4762 1283 4805 seu
1299 4742 1473 4807 sententiis
1499 4742 1580 4809 dieti
1607 4746 1802 4811 monasterii
1825 4748 1932 4832 aqui-

571 4843 764 4925 buscunque
779 4842 944 4906 emanatis
959 4863 1027 4907 non
1044 4844 1254 4909 obstantibus
1268 4855 1289 4910 ⁴.
1304 4885 1347 4893 -
1364 4844 1439 4911 Fiat
1455 4866 1530 4912 curn
1547 4858 1627 4914 octo
1644 4848 1684 4916 R.

616 4945 692 5008 Dat.
709 4946 808 5009 Arin.
831 4966 865 5029 15
883 4945 948 5011 kal.
965 4946 1037 5011 dec.
1054 4956 1086 5011 a⁰
1098 4955 1138 5011 2⁴¹.
1157 4948 1205 5029 (3,
1223 4947 1259 5013 P.
1278 4947 1322 5029 ΙΙ,
1342 4956 1408 5034 56).

603 5182 624 5226 l.
643 5179 704 5225 l'oir
724 5194 748 5226 n.
761 5182 815 5227 bn·
836 5209 842 5213 -
863 5182 884 5228 2.
904 5179 960 5228 (tto
978 5181 1001 5228 lc
1021 5183 1048 5229 21
1072 5180 1158 5242 jnillct
1181 5185 1241 5230 1348
1261 5184 1406 5245 (llcrillcrs,
1423 5186 1492 5235 (lut.
1512 5184 1544 5233 de
1563 5186 1739 5250 ,sn-trunam,
1763 5189 1797 5253 lI,
1819 5191 1889 5254 281).
1901 5218 1933 5226 —-

569 5255 590 5301 3.
602 5254 662 5301 von·
674 5267 698 5301 n.
711 5256 783 5302 :m-
802 5284 807 5288 -
821 5256 843 5303 4.
857 5255 945 5313 Enbel,
963 5254 1065 5304 Bullur.
1079 5256 1215 5317 Fronto,
1230 5258 1272 5316 Vl,
1287 5273 1311 5321 p.
1325 5261 1377 5320 137,
1391 5275 1415 5309 n.
1428 5263 1482 5311 239.
