4650 6059
964 794 1053 870 1350,
1073 793 1114 858 29
1132 792 1250 874 juin-13
1268 792 1377 875 Juillet.
1786 793 1846 861 525

480 945 738 1032 impetrantium
755 946 864 1031 ipsum
879 944 1132 1031 precedentium
1148 943 1182 1007 in
1197 942 1286 1025 data,
1297 953 1333 1010 et
1343 945 1626 1011 reservationibus
1639 943 1848 1012 obstantibus

481 1051 613 1114 nullum
628 1049 773 1114 fructum
799 1069 858 1114 seu
884 1047 1099 1113 commodum
1125 1048 1320 1133 reportavit,
1345 1050 1424 1115 licet
1447 1050 1580 1115 labores
1596 1049 1716 1115 exinde
1733 1070 1847 1134 quam-

483 1155 597 1240 plures
607 1152 743 1217 subierit
759 1160 794 1217 et
809 1172 981 1238 expensas.
996 1150 1120 1215 Verum
1140 1170 1217 1216 cum
1234 1171 1306 1216 can.
1319 1158 1354 1215 et
1369 1153 1472 1236 preb,
1484 1172 1568 1235 quos
1580 1152 1613 1216 in
1625 1153 1695 1238 ipsa
1705 1154 1847 1219 ecclesia

483 1258 637 1323 obtinere
665 1257 795 1321 solebat
822 1255 1054 1341 lnguerramus
1076 1255 1119 1320 de
1147 1253 1347 1335 Malvinet0,
1369 1275 1429 1341 per
1455 1258 1509 1320 ob.
1534 1256 1646 1341 ipsius,
1673 1257 1729 1340 qui
1753 1266 1848 1321 extra

483 1361 611 1427 curiam
627 1360 780 1439 decessit,
797 1359 867 1425 sedi
883 1369 991 1445 apost.
1006 1359 1164 1425 reservati
1181 1367 1303 1424 vacent
1319 1359 1362 1424 ad
1377 1379 1513 1445 presens
1522 1382 1530 1439 ;
1563 1381 1657 1446 supp.
1674 1361 1763 1425 idem
1779 1362 1848 1447 epi·

482 1485 617 1550 scopuS,
629 1470 720 1547 quat.
733 1464 826 1529 dicto
842 1464 1018 1549 capellano
1033 1482 1093 1526 suo
1105 1461 1148 1526 de
1159 1461 1259 1527 dictis
1281 1483 1355 1529 can.
1368 1472 1403 1527 et
1412 1465 1505 1549 preb.
1518 1463 1565 1527 sic
1581 1484 1655 1529 vac.
1666 1463 1847 1548 dignemini

482 1567 661 1652 providere
681 1590 689 1645 ;
713 1588 782 1632 non
810 1570 896 1632 obst.
923 1565 1094 1631 beneficiis
1120 1585 1185 1648 que
1209 1566 1339 1630 obtinet
1356 1575 1390 1632 et
1406 1575 1564 1652 expectat
1592 1567 1623 1630 in
1650 1569 1848 1633 cancellaria

482 1670 711 1756 exprimendis
730 1694 738 1750 ;
757 1691 833 1736 cum
849 1670 968 1736 ceteris
983 1690 1052 1734 non
1068 1672 1184 1734 obst...
1202 1669 1334 1735 -Fiat
1351 1669 1391 1735 R.

528 1775 613 1839 Dat.
630 1774 732 1839 Avin.
752 1794 768 1858 5
786 1773 856 1839 kal.
867 1775 939 1859 julii
956 1781 990 1840 a⁰
1007 1781 1051 1855 9⁰.
1070 1776 1148 1857 (20,
1167 1776 1237 1858 94).

535 1894 682 1976 2019.
1555 1928 1649 1990 1350,
1667 1929 1707 1992 29
1717 1907 1805 1989 juin.

528 2012 632 2097 Supp.
656 2009 830 2088 Johannes
858 2009 966 2095 Egidii
993 2010 1075 2076 dicti
1102 2009 1222 2089 Surles,
1250 2008 1390 2074 clericus
1415 2007 1585 2091 Leodien.,
1610 2021 1702 2096 quat.
1719 2013 1780 2077 sibi
1807 2013 1849 2078 de

479 2136 562 2180 can.
580 2123 615 2178 et
630 2116 722 2199 preb.
738 2115 821 2178 eccl.
839 2112 1040 2198 Magantia,
1056 2133 1129 2179 vac.
1156 2112 1245 2199 apud
1261 2112 1376 2178 sedem
1391 2122 1500 2200 apost.
1515 2134 1575 2200 per
1590 2117 1643 2180 ob.
1661 2115 1848 2181 Hennanni

479 2220 526 2284 de
543 2218 802 2298 Sauwelnheim,
815 2218 870 2301 qui
887 2219 921 2282 in
937 2218 1086 2304 partibus
1102 2216 1166 2282 illis
1180 2217 1271 2283 diem
1283 2217 1400 2282 clausit
1412 2225 1609 2298 extremum,
1623 2226 1658 2284 et
1670 2219 1759 2305 ipsos
1770 2219 1850 2284 dum

481 2323 571 2387 vixit
587 2322 621 2386 in
637 2321 727 2387 dicta
755 2322 898 2387 ecclesia
923 2322 1108 2401 obtinebat,
1125 2331 1161 2385 et
1190 2340 1274 2404 quos
1297 2320 1328 2386 S.
1345 2320 1385 2387 E.
1402 2331 1482 2386 ante
1504 2322 1717 2387 vacationem
1740 2323 1850 2407 hujus-

482 2425 579 2491 modi
604 2425 777 2491 donationi
794 2446 852 2489 sue
868 2434 902 2489 et
918 2426 1005 2490 sedis
1029 2434 1136 2511 apost.
1159 2424 1349 2510 specialiter
1363 2426 1555 2504 reservavit,
1572 2425 1682 2505 eidem
1704 2426 1848 2503 Johanni

482 2530 670 2614 dignemini
687 2529 862 2615 providere
882 2552 889 2608 ;
918 2551 986 2595 non
1012 2532 1097 2595 obst.
1126 2527 1216 2613 quod
1243 2549 1342 2613 super
1355 2530 1547 2614 provisione
1562 2530 1624 2595 sibi
1640 2531 1792 2596 facienda
1808 2530 1850 2595 de

480 2634 600 2717 aliquo
616 2634 697 2698 eccl.
713 2636 790 2698 ben.
807 2655 832 2699 s.
845 2654 874 2698 c.
891 2633 935 2698 ad
951 2635 1208 2700 collationem...
1225 2634 1392 2699 abbatisse
1409 2634 1565 2699 secularis
1581 2636 1721 2700 ecclesie
1734 2635 1768 2701 N
1771 2636 1849 2699 ivel-

480 2738 596 2818 lensis,
613 2736 773 2802 Leodien.
789 2736 887 2816 dioc,
905 2737 1060 2803 informa
1088 2758 1271 2824 pauperum
1287 2737 1330 2802 sit
1345 2746 1530 2823 expectans
1548 2762 1556 2817 3
1574 2758 1677 2821 quam
1693 2746 1849 2822 expecta·

479 2843 615 2907 tionem
631 2862 708 2906 curn
723 2841 932 2927 processibus
956 2840 1033 2907 inde
1058 2841 1181 2907 secutis
1197 2842 1230 2905 in
1246 2840 1345 2906 totali
1361 2841 1431 2925 ejus
1447 2840 1553 2907 forma
1576 2840 1757 2925 dignemini
1785 2841 1846 2905 sibi

477 2964 662 3022 reservare,
675 2964 886 3028 quacumque
902 2946 1144 3010 constitutione
1160 2944 1327 3011 contraria
1343 2964 1412 3009 non
1428 2946 1525 3025 obst,
1543 2965 1618 3009 cum
1636 2942 1755 3010 ceteris
1775 2964 1844 3016 non

481 3052 574 3115 obst.
585 3083 629 3092 -
645 3046 723 3113 Fiat
740 3046 780 3112 R.

528 3154 611 3218 Dat.
628 3153 727 3218 Avin.
745 3173 762 3235 3
780 3152 845 3217 kal.
859 3153 931 3238 julii
949 3161 982 3218 a⁰
1000 3161 1041 3234 9⁰.
1059 3155 1136 3238 (20,
1157 3157 1222 3237 71).

536 3273 686 3355 2020·
1538 3307 1634 3369 1350,
1651 3307 1670 3369 9
1681 3284 1804 3366 juillet.

528 3391 632 3476 Supp.
646 3389 840 3474 Reynaldus
851 3389 893 3454 de
904 3389 1023 3468 Ponte,
1034 3391 1188 3457 dominus
1200 3390 1328 3457 Montis
1343 3391 1554 3471 fortismileS,
1571 3399 1662 3475 quat.
1678 3387 1849 3475 [Conrado

481 3496 579 3560 dicto
604 3493 803 3572 Venderare,
828 3493 966 3579 clerico]
998 3494 1200 3574 Coloniensi,
1217 3495 1348 3560 decan.
1365 3515 1403 3559 ac
1426 3498 1517 3581 preb.
1530 3515 1602 3559 vac.
1618 3494 1672 3557 vel
1688 3500 1799 3557 vacat.
1816 3491 1849 3555 in

482 3598 569 3663 eccl.
585 3597 617 3661 S.
634 3596 864 3660 Bartholomei
882 3594 1040 3661 Leodien.
1057 3596 1239 3681 dignemini
1257 3597 1432 3682 providere
1448 3620 1455 3676 ;
1470 3618 1538 3661 non
1556 3600 1641 3661 obst.
1658 3596 1749 3679 quod
1766 3593 1804 3659 E.
1818 3594 1848 3658 S.

482 3702 595 3766 eidem
621 3702 743 3765 clerico
767 3701 910 3784 gratiam
935 3700 1050 3765 fecerit
1067 3702 1108 3767 de
1125 3722 1198 3767 can.
1214 3704 1274 3766 sub
1291 3722 1366 3787 exp.
1393 3705 1484 3786 preb.
1509 3702 1542 3765 in
1566 3702 1647 3764 eccl.
1672 3698 1848 3764 duodecim

482 3806 713 3892 apostolorum
729 3802 904 3868 Colonien.
920 3844 964 3853 --
981 3803 1056 3869 Fiat
1073 3804 1113 3870 R.

527 3910 609 3974 Dat.
626 3908 724 3972 Avin.
741 3926 760 3988 7
778 3907 821 3972 id.
834 3908 906 3991 julii
923 3916 956 3973 a⁰
974 3915 1015 3988 9⁰.
1033 3909 1109 3992 (20,
1130 3912 1198 3993 74).

537 4027 848 4108 202l·2022.
1512 4059 1666 4123 1350,15
1681 4037 1807 4119 juillet.

530 4148 633 4233 Supp.
661 4145 865 4225 Bochardus,
891 4168 1004 4211 comes
1029 4145 1294 4227 Vindocinensis,
1311 4154 1402 4229 quat.
1426 4143 1614 4211 consiliario
1629 4163 1689 4207 suo
1704 4141 1851 4218 Johanni

491 4250 660 4331 Conversi,
688 4250 742 4314 lic.
767 4250 800 4313 in
828 4251 901 4334 leg,
929 4271 1002 4315 can.
1028 4259 1062 4315 et
1089 4254 1180 4336 preb.
1204 4251 1285 4315 eccl.
1302 4250 1333 4313 S.
1349 4248 1532 4314 Audomari
1547 4249 1581 4312 in
1598 4247 1629 4311 S.
1646 4247 1850 4326 AndomarO,

491 4355 574 4420 dioc.
593 4353 771 4431 Morinen,
788 4374 860 4417 vac.
877 4373 936 4437 per
953 4355 1006 4417 ob.
1023 4352 1112 4417 Petri
1140 4353 1221 4418 dicti
1250 4352 1377 4417 Paresis
1390 4370 1411 4432 ¹,
1428 4352 1483 4436 qui
1497 4359 1592 4416 extra
1615 4350 1741 4416 curiam
1758 4350 1850 4429 obiit,

492 4469 522 4522 et
537 4479 596 4543 per
612 4457 874 4522 reservationem
891 4465 990 4520 antea
1006 4457 1140 4537 factam,
1158 4457 1306 4522 conferre
1322 4455 1505 4541 dignemini
1520 4455 1674 4540 gratiose,
1691 4475 1768 4519 cum
1782 4473 1851 4518 nou

494 4564 573 4626 obst.
589 4561 631 4626 de
647 4560 766 4644 quibus
781 4560 815 4624 in
828 4560 1024 4624 cancellaria
1039 4560 1161 4625 docere
1177 4568 1371 4625 teneatur...
1389 4599 1433 4609 —
1450 4557 1526 4624 Fiat
1543 4558 1583 4624 R

534 4664 577 4729 Et
587 4664 672 4729 sibia
687 4670 728 4729 de
742 4664 805 4728 ista
821 4664 863 4728 sit
886 4664 1068 4747 provisum.
1084 4704 1127 4714 -
1144 4662 1222 4729 Fiat
1237 4663 1279 4730 de
1295 4662 1447 4748 sequenti
1464 4662 1505 4729 R.

535 4766 610 4833 Fiat
633 4767 664 4831 R
675 4766 699 4832 ¹³.

538 4869 615 4937 Dat.
629 4871 730 4935 Avin.
745 4891 762 4954 3
779 4870 823 4935 id.
832 4871 904 4955 julii
921 4880 954 4937 a⁰
971 4881 1012 4952 9⁰.
1029 4875 1103 4956 (20,
1121 4876 1187 4957 97).

531 5014 760 5134 ⁸)lProlnblement
774 5018 834 5066 :usi
847 5018 882 5065 ibi
894 5033 915 5067 a.
924 5048 955 5054 -
964 5020 993 5081 b)
1004 5020 1044 5066 En
1052 5033 1155 5081 marge:
1169 5017 1238 5066 Vada
1250 5017 1361 5074 inferias
1370 5014 1407 5064 ud
1418 5016 1524 5078 siquam,
1532 5028 1563 5063 ce
1571 5016 1614 5075 qui
1627 5027 1654 5062 se
1664 5016 1786 5076 rapporte
1798 5013 1812 5060 rl
1825 5012 1850 5060 la

507 5097 561 5148 supp
572 5090 628 5149 ique
640 5092 766 5140 salvante.

513 5176 728 5194 x—a

536 5229 554 5275 l.
566 5231 621 5281 l'oir
638 5249 662 5283 n.
677 5237 729 5283 123.
