4650 6059
977 766 1065 839 1349,
1088 766 1177 832 1628
1195 766 1322 849 Janvier.
1401 862 1403 867 Δ
1768 771 1825 835 401

462 912 510 976 ibi
530 912 741 978 auctoritate
757 921 866 998 apost.
883 913 1054 998 provisum
1075 913 1118 979 de
1141 935 1216 980 can.
1240 923 1275 980 et
1297 917 1389 1000 preb.
1413 915 1555 981 ecclesie
1580 915 1745 996 Briocen.,
1770 918 1825 1003 qui

461 1033 565 1099 ruper
582 1014 619 1078 in
635 1013 757 1079 eadem
771 1022 978 1079 vacaverunt
993 1035 1052 1100 per
1067 1017 1121 1081 ob.
1137 1036 1224 1101 mag.
1248 1016 1379 1084 Thome
1403 1017 1568 1100 Gralonis,
1589 1020 1826 1086 nichilominus

462 1138 578 1182 amen
595 1116 797 1183 Guillelmus
813 1116 924 1184 Budes
940 1118 973 1183 in
997 1119 1241 1204 possessionem
1265 1121 1412 1208 ipsorum
1436 1123 1659 1190 canonicatus
1682 1131 1716 1188 et
1732 1127 1823 1210 preb.

461 1221 497 1287 le
514 1221 614 1287 facto
629 1242 665 1287 se
680 1221 823 1303 intrusit,
854 1229 890 1287 et
915 1222 1005 1307 ipsos
1028 1223 1173 1289 intrusus
1198 1224 1327 1290 detinet
1351 1236 1543 1313 occupatos.
1559 1226 1693 1308 Verum,
1725 1225 1826 1292 Pater

461 1324 524 1407 3¹⁰²,
542 1346 625 1391 cum
635 1324 746 1391 eidem
767 1324 948 1392 Guillelmo
971 1327 1174 1412 supplicanti
1189 1328 1232 1393 sit
1247 1338 1384 1415 propter
1395 1330 1523 1395 senium
1536 1330 1704 1396 anfractus
1715 1330 1824 1396 litium

461 1430 670 1515 amplectere
686 1448 874 1509 onerosum,
890 1428 967 1495 ideo
982 1439 1177 1516 procurator
1199 1453 1276 1497 suus
1300 1432 1424 1499 adhoc
1440 1434 1651 1513 constitutus,
1665 1435 1718 1517 jus
1733 1436 1824 1519 quod

461 1533 520 1599 sibi
538 1534 761 1617 competebat
776 1540 811 1597 et
827 1539 1020 1617 competere
1036 1542 1171 1618 poterat
1186 1534 1221 1598 in
1243 1534 1342 1600 dictis
1358 1556 1431 1601 can.
1448 1544 1483 1601 et
1499 1539 1591 1621 preb.
1608 1535 1771 1616 briocen,
1787 1536 1820 1600 in

461 1636 617 1701 manibus
633 1634 675 1699 R.
692 1634 729 1700 P.
746 1634 788 1700 D.
804 1633 1019 1719 G(uillelmi),
1036 1636 1134 1701 electi
1150 1636 1398 1720 Tricastrinen.,
1414 1639 1456 1705 de
1471 1638 1635 1704 mandato
1647 1638 1679 1704 S.
1691 1636 1732 1704 V.
1744 1638 1822 1703 viva

461 1760 545 1807 voce
560 1739 625 1805 sibi
640 1739 733 1805 facto
747 1738 949 1825 recipientis
965 1759 1047 1824 pure
1065 1738 1133 1827 [et]
1151 1739 1255 1806 libere
1277 1743 1467 1827 resignavit.
1485 1743 1596 1826 Quare
1611 1763 1706 1828 supp.
1733 1741 1822 1807 idem

462 1842 663 1909 Guillelmus
674 1852 766 1927 quat.
776 1843 901 1908 dilecto
912 1863 972 1909 suo
982 1842 1001 1921 J
1004 1843 1132 1909 ohanni
1141 1843 1185 1910 de
1194 1843 1373 1931 Valeceyo,
1384 1846 1437 1911 lic.
1451 1846 1483 1910 in
1493 1847 1646 1926 decretis,
1657 1845 1823 1912 canonico

464 1946 674 2033 prebendato
689 1946 888 2027 Tomacen,
913 1946 1042 2013 dictum
1054 1948 1107 2032 Jns
1122 1947 1170 2013 sic
1185 1949 1403 2033 resignatum,
1419 1957 1457 2014 ut
1473 1948 1645 2034 prefertur,
1661 1947 1822 2026 conferre,

467 2051 547 2115 etin
564 2071 607 2117 eo
623 2052 732 2138 ipsum
748 2055 925 2135 subrogare
940 2050 1123 2135 dignemini
1139 2051 1182 2118 de
1197 2053 1305 2137 gratia
1320 2052 1465 2138 speciali.
1480 2092 1524 2102 —
1539 2050 1615 2118 Fiat
1630 2051 1669 2117 R.

507 2154 585 2220 Dat.
602 2155 703 2220 Avin.
724 2160 760 2219 16
776 2153 844 2220 kal.
860 2154 940 2220 febr.
956 2163 989 2219 a⁰
1006 2163 1048 2238 7⁰.
1066 2156 1260 2241 (16,‘112*).

515 2282 828 2367 1489-1490.
1470 2318 1565 2381 1549,
1583 2297 1625 2363 16
1634 2296 1779 2379 sanarer.

505 2402 629 2489 Supp...
654 2401 773 2468 Petrus
788 2401 874 2489 Lupi
900 2402 942 2468 de
976 2400 1150 2468 Montibus
1166 2413 1186 2485 ¹,
1210 2402 1427 2468 Cameracen.
1444 2401 1541 2480 dioc,
1557 2421 1644 2485 mag.
1661 2401 1694 2465 in
1711 2408 1773 2466 art.
1789 2408 1824 2465 et

471 2503 496 2570 in
517 2505 698 2585 medicina,
723 2506 864 2571 nuncius
890 2506 1130 2573 Universitatis
1157 2505 1350 2571 Parisiensis
1374 2526 1435 2591 pro
1459 2504 1621 2570 facultate
1647 2503 1824 2583 medicine,

470 2619 553 2692 quat.
569 2610 613 2676 de
628 2631 705 2676 can.
721 2618 757 2675 et
779 2613 871 2696 preb.
898 2609 1038 2676 ecclesie
1066 2608 1313 2695 Rothomagen.
1337 2609 1397 2674 sibi
1421 2608 1602 2694 dignemini
1626 2606 1823 2695 providere;

469 2730 529 2779 non
545 2716 633 2780 obst.
649 2713 740 2798 quod
756 2734 828 2779 can.
845 2723 879 2779 et
895 2716 986 2799 preb.
1002 2713 1143 2779 ecclesie
1158 2712 1190 2779 S.
1206 2711 1365 2778 Germani
1390 2711 1589 2793 Montensis,
1606 2711 1824 2777 Cameracen.

466 2813 560 2898 dioc,
576 2817 727 2883 noscitur
742 2818 947 2896 obtinere....,
964 2818 1017 2882 vel
1033 2816 1075 2882 de
1091 2837 1166 2883 can.
1182 2824 1217 2881 et
1240 2819 1331 2903 preb.
1355 2816 1495 2882 ecclesie
1519 2815 1678 2881 Leodien.
1702 2835 1774 2881 vac.
1791 2816 1825 2879 in

465 2921 553 2986 curia
569 2920 670 2986 Rom.
686 2941 746 3006 per
760 2925 814 2987 ob.
832 2922 972 2987 Henrici
995 2922 1038 2987 de
1058 2920 1199 2987 Colonia
1208 2931 1229 3003 ²,
1246 2922 1301 3006 qui
1319 2922 1353 2986 in
1379 2921 1470 2986 curia
1495 2920 1647 3006 predicta
1671 2919 1824 2985 decessit.

463 3058 502 3071 -
521 3021 601 3088 Fiat
618 3021 659 3089 R.

509 3146 616 3210 1490.
634 3141 722 3208 Item
737 3165 854 3230 supp...
870 3144 889 3223 J
893 3146 1042 3211 ohannes
1057 3146 1189 3212 Tbome
1204 3146 1246 3212 de
1271 3145 1434 3211 Huesden
1446 3154 1467 3225 ³,
1484 3144 1622 3210 clericus
1635 3143 1824 3229 Trajecten.

461 3245 560 3327 dioc,
577 3267 667 3331 mag.
685 3247 719 3311 in
746 3248 882 3330 artibus,
910 3250 1052 3315 nuncius
1078 3250 1316 3317 Universitatis
1344 3248 1538 3314 Parisiensis
1564 3268 1625 3332 pro
1641 3245 1825 3332 Anglicana

461 3351 615 3431 nacione,
632 3358 723 3434 quat.
739 3351 833 3417 sibi...
856 3353 987 3419 decan.
1009 3362 1044 3418 et
1068 3356 1160 3440 preb.
1185 3353 1267 3419 eccl.
1295 3352 1333 3418 B.
1352 3351 1400 3417 M.
1419 3351 1641 3432 Encoriensis,
1667 3350 1824 3416 Leodien.

462 3451 560 3534 dioc,
577 3474 653 3518 vac.
669 3452 712 3518 ad
727 3475 865 3539 presens
880 3478 940 3542 per
955 3461 1009 3523 ob.
1025 3456 1044 3535 J
1048 3458 1166 3523 oannis
1181 3458 1223 3523 de
1239 3457 1349 3521 Oxem
1361 3468 1381 3537 ⁴,
1398 3457 1453 3540 qui
1464 3465 1559 3521 extra
1576 3455 1700 3521 curiam
1712 3454 1825 3520 deces-

464 3556 516 3636 sit,
532 3578 617 3642 quos
633 3556 664 3621 S.
682 3556 721 3622 V.
738 3559 910 3624 collationi
928 3561 1014 3626 sedis
1037 3561 1222 3645 apostolice
1248 3569 1327 3625 ante
1354 3560 1424 3643 ejus
1447 3560 1576 3624 obitum
1602 3558 1824 3636 reservavit...,

466 3660 574 3726 eidem
590 3681 678 3746 mag.
696 3659 715 3738 J
719 3662 842 3726 obanni
859 3664 1041 3748 dignemini
1058 3666 1243 3751 providere.
1259 3704 1302 3713 -
1320 3663 1396 3728 Fiat
1413 3663 1483 3726 R...

508 3764 586 3829 Dat.
602 3764 703 3829 Avin.
724 3770 761 3829 16
778 3765 843 3832 kal.
860 3768 940 3833 febr.
957 3777 990 3833 a⁰
1007 3776 1049 3851 7⁰.
1067 3770 1136 3853 (16,
1158 3769 1245 3851 119).

518 3885 655 3968 1491.
1460 3914 1554 3977 1349,
1579 3913 1619 3975 23
1638 3890 1782 3972 jarzvr'er.

506 4004 630 4090 Supp...
647 4000 769 4083 Guido,
786 4002 838 4067 tit.
856 4003 886 4067 S.
904 4002 1027 4069 Cecilie
1043 4006 1152 4089 presb.
1169 4003 1270 4081 card,
1287 4007 1378 4086 quat.
1402 4019 1463 4063 suo
1486 3996 1608 4061 clerico
1624 4004 1658 4059 et
1674 3995 1823 4060 familiari

466 4107 565 4173 Petro
581 4106 741 4187 Bemerii,
757 4106 838 4171 alias
853 4107 895 4170 de
911 4109 1085 4187 Atrebato,
1113 4107 1154 4172 de
1178 4127 1251 4171 can.
1277 4112 1311 4169 et
1327 4106 1420 4189 preb.
1448 4099 1588 4166 ecclesie
1605 4100 1643 4165 B.
1663 4096 1711 4164 M.
1730 4096 1824 4183 Mag-

465 4210 583 4276 dalene
600 4208 804 4274 Virdunen...
821 4209 1002 4293 dignemini
1015 4209 1190 4296 providere
1207 4232 1215 4288 ;
1231 4229 1300 4272 non
1314 4210 1399 4272 obst.
1412 4203 1502 4290 quod
1515 4202 1717 4289 capellanias
1732 4222 1824 4288 perp.

465 4313 505 4379 de
533 4312 680 4379 Mannes
705 4312 805 4378 etde
832 4312 959 4398 Bossay
985 4323 1019 4379 et
1046 4335 1120 4379 can.
1145 4315 1206 4378 sub
1228 4332 1303 4397 exp.
1330 4313 1421 4394 preb.
1447 4307 1587 4374 ecclesie
1611 4308 1653 4372 de
1678 4305 1824 4385 Siclini0,

465 4418 678 4496 Ambianen,
689 4415 939 4481 Claromonten.
950 4426 984 4481 et
994 4416 1182 4482 Tomacen.
1192 4415 1290 4495 dioc,
1307 4413 1458 4478 obtinere
1474 4411 1684 4477 noscitur.-
1695 4409 1771 4475 Fiat
1785 4409 1824 4474 R.

505 4523 586 4587 Dat.
603 4521 705 4586 Avin.
726 4541 763 4585 10
779 4520 847 4585 kal.
863 4521 943 4586 febr.
960 4529 992 4585 a⁰
1009 4529 1051 4603 7⁰.
1069 4522 1138 4605 (16,
1159 4522 1250 4603 rr7l)

497 4690 518 4736 1.
528 4686 637 4743 Denifle,
654 4685 777 4742 (barfod,
790 4692 810 4733 t.
824 4686 857 4743 ll,
872 4687 925 4743 617,
939 4686 1121 4741 630,631.-2,
1134 4680 1159 4732 ÷
1172 4686 1201 4731 16
1213 4682 1299 4744 juillet
1309 4683 1371 4728 1348
1384 4675 1825 4741 ((1οΤ1]οιικ,11,80).-3.11061110.

463 4761 516 4820 616,
529 4762 578 4807 616
589 4775 596 4815 ;
609 4760 666 4806 voir
676 4759 735 4821 plus
747 4759 810 4805 baut
822 4772 847 4807 11.
860 4761 915 4805 630.
927 4785 959 4791 -
976 4759 998 4806 1.
1015 4758 1081 4806 Jean
1092 4757 1125 4805 de
1137 4758 1254 4815 Hoceem,
1267 4753 1299 4802 ne
1311 4769 1343 4802 en
1355 4753 1449 4801 levricr
1463 4754 1530 4809 1278,
1548 4750 1659 4798 ecolatre
1670 4748 1702 4796 de
1715 4749 1739 4797 S.
1752 4749 1826 4796 Iam-

463 4834 520 4884 bert
535 4835 553 4882 b
571 4831 656 4893 Liege,
675 4832 766 4895 prerbt
777 4832 810 4879 de
823 4833 846 4879 S.
860 4833 951 4889 Pierre,
964 4831 1089 4879 chanoine
1100 4830 1235 4879 d'lncourt
1247 4836 1273 4878 et
1284 4829 1316 4876 dc
1329 4830 1353 4875 S.
1371 4828 1493 4874 (lermaiu
1505 4827 1519 4871 b
1532 4822 1680 4881 Tirlemont,
1698 4820 1792 4870 decede
1806 4822 1828 4869 le

463 4907 597 4957 20ctobre
610 4906 673 4953 1318
685 4906 732 4967 (cf.
754 4905 839 4952 Kurtb
852 4921 893 4967 ap.
915 4905 1073 4967 Bioqruplrie
1093 4904 1228 4960 nationale,
1249 4908 1268 4951 t.
1290 4901 1336 4957 lx,
1358 4899 1405 4948 col.
1425 4900 1548 4954 395·104;
1570 4897 1656 4952 Balau,
1676 4895 1781 4942 Soorcea
1797 4894 1828 4940 dr

464 4979 541 5029 Mitt.
559 4978 597 5026 du-
610 4993 680 5041 pays
699 4976 731 5024 de
743 4977 825 5037 Luae,
838 4993 881 5040 pp.
894 4980 951 5024 199-
965 4980 1012 5026 513
1023 4994 1028 5034 ;
1040 4978 1072 5025 dc
1089 4978 1186 5035 Tbeux,
1200 4977 1320 5037 (10016100
1336 4973 1367 5020 cle
1379 4974 1404 5020 S.
1423 4971 1549 5029 lamabant,
1565 4970 1699 5027 11,66-60;
1712 4967 1786 5016 Ball.
1798 4967 1829 5014 de

464 5053 548 5101 flat.
564 5051 638 5099 aret.
656 5049 721 5113 liesq,
741 5051 813 5108 XVl,
833 5054 901 5103 340:
923 5047 1402 5110 (Pffil‘mne,x111,2ot-2ar).m
1413 5047 1548 5094 cononicat
1566 5050 1591 5091 et
1610 5043 1635 5090 ln
1652 5040 1780 5104 prebende
1796 5042 1828 5090 (10

466 5122 545 5186 Lstge
560 5124 652 5172 iurent
668 5121 784 5171 conferes
800 5124 908 5171 aiGr'llos
924 5124 957 5171 dc
974 5124 1111 5172 Bochefort
1128 5121 1241 5185 (Suppl,
1254 5126 1272 5168 t.
1286 5122 1322 5178 19,
1335 5120 1353 5168 f.
1366 5123 1396 5167 90
1408 5136 1413 5175 ;
1424 5117 1558 5166 Jnlroueo
1570 5116 1616 5164 der
1631 5114 1828 5176 Gerellsclwsts.

465 5198 542 5247 lotar.
557 5196 653 5256 daca,
666 5196 736 5244 Xlll
748 5198 845 5258 (1901),
858 5212 883 5260 p.
896 5198 964 5258 311).

517 5286 581 5329 Aul.
594 5285 643 5327 Vnt.
660 5285 721 5335 belg.
1756 5278 1781 5319 ⁸6
