4650 6059
479 746 540 810 268
1041 747 1130 814 1346.
1153 747 1173 811 7
1193 750 1274 813 aodt.

478 920 589 964 sorum
613 901 791 965 occasione
808 923 815 978 ;
838 907 873 963 et
889 898 979 982 quod
995 898 1082 963 idem
1101 896 1278 963 Marselius
1293 902 1369 965 ben.
1386 902 1467 966 eccl.
1485 922 1513 966 c.
1531 923 1559 967 c.
1576 906 1630 967 vel
1647 924 1671 968 s.
1690 926 1719 969 c.
1737 915 1829 990 spect.

480 1003 524 1067 ad
550 1005 656 1067 coll...
689 1003 761 1069 dec.
789 1012 823 1067 et
851 1023 925 1087 cap.
949 1002 1031 1066 eccl.
1057 1002 1321 1081 Davantriensis,
1349 1005 1499 1089 predicte
1526 1004 1716 1090 Trajecten.
1744 1009 1829 1080 dioc..

479 1128 539 1192 per
555 1107 594 1172 Υ.
619 1108 651 1172 S.
675 1109 804 1173 litteras
829 1108 862 1170 in
887 1106 1057 1171 communi
1083 1106 1191 1171 forma
1216 1106 1276 1171 sibi
1301 1128 1487 1184 concessas,
1512 1118 1546 1174 et
1567 1130 1743 1194 processus
1766 1114 1830 1177 inde

481 1221 623 1290 secutos,
639 1213 787 1277 noscitur
799 1220 976 1297 expectare
989 1235 997 1289 ;
1012 1233 1113 1295 quam
1125 1211 1266 1294 gratiani
1281 1220 1314 1275 et
1327 1212 1397 1296 ejus
1410 1212 1567 1277 effectum
1582 1214 1642 1279 sibi
1659 1216 1829 1300 dignemini

479 1336 659 1380 reservare.
676 1356 718 1365 -
735 1315 809 1381 Fiat
825 1326 859 1380 et
874 1325 1048 1379 remaneat
1064 1316 1123 1380 sibi
1140 1316 1257 1399 gratia.
1278 1313 1318 1380 R.

525 1420 603 1485 Dat.
619 1421 718 1485 Avin.
736 1423 754 1485 8
772 1421 814 1485 id.
831 1442 904 1504 aug.
921 1429 955 1485 a⁰
973 1427 1014 1504 5⁰.
1031 1423 1097 1503 (ll,
1119 1420 1206 1500 129).

533 1589 885 1671 10410.Ι
1561 1610 1656 1690 1546,
1675 1627 1694 1690 7
1710 1616 1796 1672 anat.

524 1708 624 1793 Supp.
650 1708 722 1773 dec.
747 1717 781 1772 et
806 1708 987 1793 capitulum
1010 1708 1091 1771 eccl.
1111 1705 1290 1786 Morinen.,
1308 1719 1399 1791 quat.
1417 1711 1650 1775 concanonico
1667 1733 1739 1788 suo,
1755 1731 1840 1795 mag.

479 1810 609 1889 Jacobo
635 1812 677 1877 de
704 1812 868 1889 Souastre,
886 1811 938 1875 lic.
956 1810 988 1873 in
1006 1810 1080 1895 leg,
1097 1810 1138 1873 de
1155 1811 1327 1875 scolastria
1353 1811 1454 1896 ipsius
1472 1814 1553 1878 eccl.
1572 1811 1751 1887 Morinen.,
1768 1835 1840 1897 que,

480 1916 559 1979 licet
577 1916 608 1978 111
626 1937 665 1979 ea
681 1915 769 1999 dign.
786 1923 967 2000 reputetur,
984 1913 1083 1978 valde
1108 1914 1230 1978 modici
1256 1915 1377 1979 valoris
1399 1915 1521 1995 existit,
1539 1937 1601 1981 nec
1618 1918 1660 1982 ad
1676 1918 1840 1983 decimam

481 2030 531 2084 est
559 2029 683 2098 taxata,
709 2040 783 2084 vac.
809 2016 898 2103 apud
922 2018 1037 2082 sedem
1061 2027 1169 2102 apost.
1195 2038 1255 2103 pro
1276 2019 1423 2102 eoquod
1440 2039 1526 2104 mag.
1543 2018 1692 2097 Jacobus
1709 2021 1833 2086 Parvus

482 2145 587 2208 nuper
617 2125 724 2209 ipsam
754 2123 962 2189 scolastriarn
993 2123 1157 2202 obtinens
1197 2123 1367 2188 scolastrie
1385 2203 1390 2209 ι
1406 2125 1487 2189 eccl.
1526 2126 1741 2204 Arnbianen,
1779 2145 1840 2210 qut·

480 2228 631 2292 similiter
646 2228 736 2312 dign.
751 2235 935 2312 reputatur,
951 2225 1197 2309 possessionem
1212 2227 1470 2312 pacificarn,per
1492 2228 1720 2312 provisionem
1736 2241 1834 2314 apost

481 2333 592 2396 extitit
618 2340 798 2409 assecutus,
823 2329 932 2394 eidem
957 2349 1044 2413 mag.
1066 2327 1198 2406 Jacobo
1213 2329 1255 2394 de
1271 2330 1429 2396 Souastre
1444 2331 1625 2414 dignemini
1643 2332 1818 2417 providere

481 2452 549 2495 non
576 2435 660 2497 obst.
684 2431 774 2514 quod
790 2432 823 2496 in
839 2433 931 2498 dicta
954 2431 1133 2511 Morinen.,
1150 2434 1240 2498 acin
1257 2434 1288 2499 S.
1306 2434 1395 2499 Petri
1412 2435 1454 2500 de
1472 2433 1609 2514 Lutoza,
1623 2435 1837 2501 Cameracen

481 2534 578 2612 dioc,
595 2536 752 2616 ecclesiis,
769 2557 844 2601 can.
861 2546 895 2601 et
910 2539 1002 2621 preb.
1019 2537 1168 2602 noscitur
1184 2538 1347 2602 obtinere.
1368 2575 1401 2586 -
1423 2537 1498 2603 Fiat
1515 2536 1554 2603 R.

526 2638 605 2704 Dat.
620 2641 720 2704 Avin.
739 2659 756 2724 7
772 2640 816 2706 id.
833 2662 906 2725 aug.
922 2650 955 2705 a⁰
973 2648 1014 2723 5⁰.
1032 2642 1099 2722 (ll,
1120 2643 1208 2724 128).

536 2809 674 2891 1041.
1331 2812 1335 2820 ’
1561 2829 1657 2911 134⁶,
1676 2847 1695 2910 7
1712 2835 1801 2894 arrrtt.

524 2928 612 3011 Sign.
643 2927 816 3005 Johannes
846 2930 956 2996 dictus
987 2929 1076 2994 Loze
1100 2941 1120 3007 ¹,
1144 2931 1253 3013 presb.
1279 2927 1437 2994 Leodien.
1463 2928 1561 3009 dioc,
1587 2929 1678 3013 quod
1707 2931 1784 3025 ipse
1803 2949 1840 2996 ar

481 3032 634 3115 parroclr.
657 3034 740 3098 eccl.
764 3033 806 3099 de
822 3034 939 3113 Welle,
963 3031 1153 3116 Trajecten.
1178 3030 1275 3110 dioc,
1299 3038 1380 3098 tunc
1404 3053 1488 3114 vac,
1511 3032 1574 3097 fuit
1596 3055 1617 3098 a
1639 3054 1722 3099 vero
1746 3023 1837 3120 ipsiu

481 3136 620 3200 ecclesie
636 3144 778 3221 patrono
794 3145 1004 3222 presentatus
1020 3145 1055 3199 et
1071 3136 1104 3199 in
1121 3134 1238 3200 eadem
1256 3134 1427 3201 institutus
1439 3144 1473 3201 et
1485 3137 1732 3222 possessionem
1747 3138 1840 3224 ipsiu:

482 3248 661 3318 assecutus,
678 3262 818 3323 eamque
834 3260 965 3324 semper
981 3249 1099 3325 postea
1115 3238 1263 3324 possedit
1279 3248 1314 3303 et
1330 3239 1440 3305 adhuc
1456 3240 1615 3325 possidet,
1628 3251 1663 3305 et
1676 3241 1834 3308 fructus„

484 3345 635 3427 percepit
658 3353 691 3408 et
708 3345 849 3430 percipit
874 3366 915 3408 ex
933 3344 1078 3423 eadem;
1103 3363 1203 3428 quam
1229 3342 1311 3407 eccl.
1327 3344 1519 3409 Alexander
1530 3344 1572 3409 de
1590 3344 1733 3428 lnglren,
1757 3354 1837 3412 auct

484 3447 589 3529 gratie
616 3447 675 3510 sibi
703 3448 791 3512 facte
817 3468 877 3532 per
904 3448 935 3512 S.
963 3447 1002 3512 V.
1034 3449 1066 3511 in
1095 3447 1200 3512 sonna
1227 3467 1292 3530 qua
1319 3448 1520 3533 pauperibus
1547 3449 1676 3513 clericis
1703 3452 1840 3516 scribet<

486 3550 714 3630 consuevistis
739 3552 942 3636 acceptavit,
963 3561 998 3616 et
1023 3552 1084 3616 sibi
1108 3551 1186 3616 fecit
1207 3551 1249 3614 de
1270 3551 1388 3616 eadem
1404 3552 1570 3636 provideri
1586 3575 1594 3631 ;
1612 3554 1706 3636 cujus
1722 3555 1840 3619 fructus

485 3674 651 3718 suminam
679 3664 875 3720 contentam
902 3655 936 3719 in
963 3655 1053 3720 dicta
1079 3676 1125 3739 gr.
1153 3654 1292 3719 minime
1320 3656 1507 3734 excedunt;
1537 3667 1674 3741 propter
1699 3679 1765 3741 que
1789 3659 1839 3722 lite

484 3760 620 3823 suborta
644 3758 675 3822 in
700 3759 827 3844 palatio
851 3759 1038 3844 apostolico
1066 3759 1151 3823 iuter
1166 3757 1358 3836 Jonannem
1375 3768 1409 3823 et
1425 3760 1655 3825 Alexandrum
1675 3763 1838 3846 predictos

483 3862 695 3948 superdicta
722 3866 803 3929 eccl.
831 3872 864 3927 et
890 3863 992 3947 ipsius
1017 3862 1205 3941 occasione,
1234 3862 1266 3925 in
1295 3863 1412 3927 eadem
1440 3863 1498 3927 lite
1523 3863 1584 3928 fuit
1607 3873 1642 3930 et
1665 3875 1717 3932 est
1742 3887 1838 3951 usque

483 3966 526 4031 ad
542 3969 791 4034 conclusionem
814 3966 981 4031 exclusive
997 3985 1190 4051 processum
1205 3987 1214 4048 3
1232 3966 1371 4048 qualite
1388 3965 1557 4049 pendente
1572 3967 1682 4034 dictus
1698 3971 1839 4035 Alexan·

482 4071 550 4152 der,
576 4073 658 4137 infra
684 4072 766 4136 duas
792 4070 898 4135 dietas
926 4090 1029 4155 prope
1058 4068 1155 4134 Rom.
1188 4069 1325 4148 curiam,
1352 4068 1454 4145 viam,
1472 4079 1523 4134 est
1550 4071 1704 4137 universe
1735 4075 1840 4139 carnis

484 4178 656 4257 ingressus.
688 4175 797 4253 Unde,
825 4174 880 4236 S¹'¹''
904 4184 1009 4258 pater,
1038 4173 1116 4238 licet
1143 4173 1253 4238 dictus
1277 4170 1452 4249 Joliannes
1478 4194 1609 4259 semper
1632 4180 1788 4261 sperabat
1810 4189 1840 4242 et

484 4280 592 4343 adbuc
617 4289 727 4363 speret
753 4299 787 4342 se
813 4278 935 4341 habere
956 4278 1009 4361 jus
1035 4277 1066 4340 111
1092 4278 1183 4343 dicta
1208 4279 1301 4356 eccl,
1323 4285 1438 4340 tamen
1462 4276 1504 4341 ad
1527 4278 1714 4343 tollendum
1743 4301 1840 4345 omne

483 4384 630 4462 dubium,
647 4393 681 4447 et
697 4393 732 4447 ut
750 4383 861 4466 quiete
878 4390 912 4447 et
928 4383 999 4446 sine
1014 4383 1073 4446 lite
1089 4381 1214 4447 dictam
1231 4383 1312 4448 eccl.
1329 4381 1434 4466 possit
1450 4381 1611 4462 obtinere,
1634 4403 1730 4468 supp.
1752 4394 1840 4467 quat.

484 4509 585 4551 omne
598 4488 651 4571 jus
667 4486 756 4570 quod
772 4486 863 4551 dicto
879 4487 1070 4551 Alexandro
1093 4485 1136 4549 ad
1158 4485 1282 4549 dictam
1299 4486 1381 4549 eccl.
1399 4505 1457 4549 seu
1473 4484 1506 4548 in
1525 4485 1596 4569 ipsa
1612 4488 1801 4572 competiit,
1817 4490 1840 4553 si

483 4593 571 4673 quod
588 4603 622 4655 et
638 4592 881 4673 qualecumque
896 4590 978 4655 illud
995 4590 1064 4669 suit,
1081 4589 1191 4654 eidem
1208 4587 1356 4664 Jolranni
1372 4589 1554 4673 dignemini
1572 4590 1723 4654 conferre
1736 4600 1771 4655 et
1783 4591 1840 4657 sibi

481 4696 524 4759 de
540 4695 659 4760 eodeni
671 4695 744 4779 jure
761 4694 945 4779 providere,
968 4694 1141 4778 ipsumque
1166 4713 1335 4776 surrogare
1352 4694 1385 4756 in
1402 4692 1521 4758 eodem
1538 4715 1546 4770 ;
1564 4712 1632 4757 non
1649 4696 1736 4758 obst.
1753 4694 1840 4760 dicta

481 4799 547 4863 litis
562 4799 744 4883 pendentia
757 4807 792 4861 et
804 4818 1012 4879 quacumque
1025 4798 1267 4862 constitutione
1284 4808 1342 4862 aut
1359 4798 1593 4863 reservatione.
1610 4796 1744 4863 —Fiat
1763 4798 1801 4865 R.

525 4902 602 4967 Dat.
627 4903 726 4966 Avin.
752 4921 768 4984 7
794 4901 836 4964 id.
861 4922 933 4985 aug.
958 4908 990 4965 a⁰
1016 4909 1056 4983 5⁰.
1083 4904 1269 4983 (111381).

482 5076 731 5090 =„-.--...-—---

517 5182 535 5227 1.
557 5180 616 5224 lun·
630 5193 652 5224 n.
668 5179 736 5223 111311.
