4650 6059
1020 767 1107 843 1347,
1131 767 1150 831 9
1172 766 1290 832 levrici.
1781 771 1842 835 299

488 917 607 983 Zellaer
622 918 657 983 in
673 917 766 984 dicta
782 918 865 984 eccl.
881 917 1061 1002 vulgariter
1076 917 1264 1004 appellatur
1279 940 1286 997 ;
1312 917 1448 1002 placeat
1473 917 1582 982 eidem
1599 918 1629 983 S.
1647 917 1686 984 V.
1704 919 1736 983 in
1753 920 1843 985 dicta

486 1023 725 1108 supplicatione
749 1020 872 1108 [quod]
900 1021 1083 1087 obmissum
1110 1021 1207 1086 fuerit
1231 1022 1384 1107 supplere
1409 1023 1468 1085 sub
1494 1021 1572 1087 data
1592 1022 1844 1108 supplicationis

483 1126 682 1211 supradicte.
697 1168 741 1175 -
757 1125 834 1191 Fiat
849 1125 891 1190 de
906 1124 999 1191 dicto
1021 1123 1156 1192 defectu
1172 1123 1213 1192 R.

522 1229 604 1295 Dat.
621 1230 723 1295 Aviu.
741 1235 759 1295 6
777 1230 820 1296 id.
837 1230 917 1296 febr.
934 1236 968 1295 a⁰
985 1236 1027 1313 5⁰.
1045 1229 1117 1312 (10,
1136 1230 1204 1314 51).

532 1369 671 1450 1147.
705 1385 707 1388 ’
1510 1399 1604 1467 1547,
1624 1403 1643 1466 9
1657 1383 1797 1470 scorrer.

523 1486 628 1572 Supp.
645 1486 765 1552 Petrus
780 1484 920 1551 Cruilier
934 1484 976 1550 de
993 1483 1183 1565 NobiliacO,
1197 1489 1305 1571 presb.
1323 1486 1550 1569 Lemovicen,
1566 1487 1668 1551 famil.
1686 1485 1843 1551 Bemardi

479 1589 522 1655 de
539 1588 713 1671 Neronio,
729 1588 958 1655 archidiaconi
984 1588 1249 1674 Antwerpiensis
1266 1601 1286 1670 ¹,
1311 1599 1400 1674 quat.
1417 1592 1478 1657 sibi
1507 1591 1627 1677 capell.
1653 1588 1695 1654 de
1724 1587 1844 1654 Mello-

478 1702 609 1776 monte,
626 1692 807 1759 Belvacen.
823 1692 962 1774 dioc.„..
981 1692 1131 1759 conferre
1147 1693 1340 1777 dignemini.
1363 1694 1498 1761 -Fiat
1515 1694 1555 1760 R.

524 1797 606 1863 Dat.
621 1798 723 1864 Avin.
741 1818 758 1882 5
774 1797 819 1863 id.
835 1797 915 1863 febr.
931 1804 964 1862 a⁰
982 1804 1023 1881 5⁰.
1041 1798 1112 1880 (10,
1129 1797 1199 1881 49).

534 1934 675 2017 1148.
1521 1965 1616 2031 1347,
1633 1966 1653 2030 9
1661 1946 1802 2034 saturier.

524 2053 618 2138 Sign.
634 2051 825 2118 Ludoin'cus
839 2049 949 2116 dictus
964 2049 1137 2131 Sanetus¹,
1153 2071 1227 2135 cap.
1238 2059 1272 2116 et
1284 2051 1386 2118 famil.
1396 2052 1601 2119 domesticus
1613 2049 1847 2117 commensalis

480 2157 575 2223 dom.
590 2157 634 2223 de
650 2155 840 2241 Columpna
853 2153 1040 2236 cardinalia,
1057 2154 1148 2239 quod
1157 2155 1239 2240 ipse,
1249 2156 1362 2240 vigore
1375 2178 1464 2243 spec.
1474 2179 1522 2243 gr.
1538 2178 1598 2243 per
1612 2156 1666 2221 sel.
1676 2176 1741 2220 rec.
1754 2154 1845 2219 dom.

480 2260 500 2339 J
503 2261 678 2326 ohannem
693 2279 816 2345 papam
827 2256 930 2323 XXII
941 2258 1003 2323 sibi
1019 2257 1118 2338 facte,
1135 2259 1217 2324 eccl.
1234 2269 1385 2325 curatam
1400 2261 1442 2327 de
1455 2261 1672 2344 Gudegoven,
1685 2258 1845 2324 Leodien.

481 2364 582 2444 dioc,
599 2364 693 2449 cujus
707 2362 833 2428 fructus
846 2383 884 2446 32
898 2362 954 2427 lib.
970 2382 1064 2447 parv.
1079 2361 1204 2428 Turon.
1214 2364 1362 2428 valorem
1375 2385 1535 2444 annuum,
1545 2384 1611 2429 sec.
1627 2372 1695 2429 tax.
1706 2362 1845 2442 decime,

482 2489 553 2534 non
571 2467 750 2548 excedunt,
767 2466 923 2547 obtinuit,
940 2475 974 2531 et
989 2466 1078 2532 circa
1095 2474 1175 2532 octo
1190 2468 1286 2532 annis
1307 2468 1449 2554 pacifice
1464 2468 1623 2555 possedit,
1640 2488 1716 2533 cum
1732 2474 1846 2531 tamen

483 2572 571 2637 infra
588 2591 716 2637 annum
731 2589 800 2636 non
817 2590 853 2634 se
868 2569 985 2635 fecerit
1001 2569 1045 2635 ad
1059 2589 1172 2635 sacros
1187 2569 1319 2635 ordines
1343 2570 1543 2656 promoveri.
1561 2568 1705 2635 Necnon
1722 2576 1756 2632 et
1772 2569 1847 2632 sub·

481 2684 665 2760 sequenter
684 2696 704 2739 a
724 2674 815 2740 dom.
831 2672 1018 2739 Benedicto
1037 2693 1126 2758 papa
1146 2670 1227 2752 XII,
1243 2673 1333 2739 dom.
1350 2695 1415 2741 ‘suo
1431 2673 1590 2740 cardinali
1610 2673 1762 2759 predicto
1786 2671 1847 2735 sibi

482 2781 631 2860 favente,
642 2798 715 2845 can.
726 2778 872 2843 obtinuit
881 2779 941 2842 sub
951 2798 1026 2862 exp.
1036 2779 1128 2863 preb.
1142 2776 1176 2840 in
1188 2777 1270 2842 eccl.
1281 2777 1312 2842 S.
1324 2777 1509 2844 Donatiani
1523 2777 1709 2862 Bmgensis,
1719 2776 1848 2842 Toma-

481 2906 557 2951 cen.
573 2884 672 2965 dioc,
689 2883 780 2948 nulla
796 2881 885 2947 facta
912 2880 1084 2945 mentione
1099 2880 1142 2944 de
1166 2879 1264 2946 dictis
1290 2882 1390 2947 sacris
1406 2881 1575 2946 ordinibus
1589 2901 1658 2945 non
1676 2879 1848 2965 susceptis,

481 2988 543 3054 sed
559 3007 717 3074 expresso
732 2987 765 3050 in
781 2984 1028 3071 supplicatione
1043 2984 1239 3071 simpliciter
1261 2984 1351 3069 quod
1366 2985 1493 3050 dictam
1509 2986 1591 3050 eccl.
1611 2984 1796 3063 obtinebat,
1813 2992 1848 3049 et

482 3113 562 3157 eam
578 3092 748 3157 dimittere
763 3091 983 3176 promittebat
997 3090 1113 3155 habita
1132 3092 1344 3176 possessione
1370 3090 1459 3156 dicte
1487 3092 1577 3175 preb.
1606 3111 1708 3174 quam
1727 3110 1848 3174 expec-

483 3198 581 3261 tabat
597 3219 605 3276 ;
623 3216 722 3278 quarn
740 3196 842 3260 etiam
858 3194 1130 3279 expectationem
1146 3195 1181 3258 in
1205 3195 1324 3259 eadem
1341 3193 1501 3278 Brugensi
1518 3196 1600 3259 eccl.
1625 3194 1686 3258 sibi
1702 3193 1733 3257 S.
1758 3191 1797 3257 V.
1815 3193 1847 3256 in

484 3301 599 3365 rotulo
615 3298 763 3384 ejusdem
788 3299 878 3363 dom.
903 3298 951 3362 sui
968 3299 1154 3378 renovarit,
1172 3319 1212 3363 ac
1227 3300 1330 3363 etiam
1355 3298 1398 3362 de
1422 3300 1572 3365 cantoria
1590 3298 1737 3383 ejusdem
1755 3299 1847 3377 eccl,

483 3425 559 3468 rac.
577 3402 667 3488 apud
683 3411 790 3489 apost.
806 3402 930 3480 sedem,
947 3402 1115 3487 providit;
1133 3422 1210 3467 cum
1226 3411 1340 3467 tamen
1371 3403 1458 3467 idem
1481 3402 1672 3468 Ludovicus
1695 3402 1737 3466 de
1758 3402 1849 3467 dicta

484 3519 602 3573 curata
619 3508 701 3572 eccl.
718 3528 818 3590 quam
834 3509 974 3571 tenebat
990 3527 1057 3570 non
1074 3508 1171 3570 aliter
1186 3507 1219 3570 in
1236 3507 1479 3591 supplicatione
1496 3528 1554 3571 sua
1570 3507 1686 3572 fecerit
1708 3506 1851 3569 mentio-

484 3633 576 3689 nem,
587 3631 688 3694 quam
704 3618 857 3694 tempore
869 3609 959 3674 dom.
973 3608 1158 3690 Benedicti,
1172 3619 1208 3673 ut
1221 3611 1433 3695 premittitur,
1444 3611 1513 3694 jam
1531 3612 1672 3690 lecisset,
1685 3610 1748 3674 nisi
1762 3608 1851 3693 quod

485 3726 563 3800 post
581 3713 828 3778 assecutionem
853 3712 1003 3777 cantorie
1028 3733 1103 3776 eam
1124 3714 1344 3797 promittebat
1371 3714 1550 3793 dimittere,
1574 3736 1673 3797 quam
1699 3724 1851 3798 tempore

486 3818 578 3884 dom.
610 3815 786 3881 Benedicti
816 3823 893 3901 post
918 3816 1164 3880 assecutionem
1190 3837 1263 3881 can.
1289 3826 1323 3880 et
1347 3820 1439 3901 preb.
1464 3817 1689 3902 predictorum
1718 3837 1752 3879 se
1775 3836 1850 3900 pro-

487 3922 625 3985 miserat
663 3920 884 3985 dimissurum.
917 3920 1037 4002 Quare,
1069 3941 1144 3984 cum
1173 3930 1406 4005 procuratores
1436 3922 1483 3985 sui
1511 3921 1553 3984 ad
1588 3922 1653 3985 hoc
1678 3920 1851 3984 constituti

487 4027 602 4091 debite
634 4024 909 4102 renuntiaverint,
926 4033 961 4088 et
977 4024 1079 4088 etiam
1096 4045 1172 4089 cum
1189 4025 1321 4104 effectu,
1347 4024 1532 4108 cuicunque
1556 4024 1619 4108 juri
1636 4024 1695 4087 sibi
1712 4023 1745 4085 in
1762 4022 1853 4087 dicta

488 4131 570 4195 eccl.
590 4129 799 4213 competenti
816 4136 894 4192 ante
920 4128 1034 4193 datam
1060 4128 1150 4192 dicte
1177 4128 1338 4208 cantorie,
1355 4128 1435 4192 licet
1461 4126 1666 4191 renuntiatio
1688 4126 1852 4211 prelibata

490 4232 531 4298 ad
549 4232 697 4297 eundem
714 4230 923 4296 Ludovicum
941 4240 1093 4316 tempore
1109 4231 1305 4315 signationis
1331 4232 1515 4296 rotulorum
1533 4231 1722 4295 nullatenus
1737 4250 1853 4315 perve-

489 4340 593 4402 nisset
607 4359 616 4416 ;
630 4343 664 4400 et
680 4336 782 4400 modo
806 4336 1052 4415 nichilominus,
1067 4336 1250 4419 juvenilem
1272 4357 1368 4399 suum
1393 4336 1582 4420 recogitans
1605 4355 1759 4413 errorem,
1776 4355 1853 4399 ean-

490 4443 566 4506 dern
584 4440 734 4506 indebite
750 4440 894 4504 tenuisse
911 4440 1024 4504 doleat
1038 4464 1045 4519 ;
1063 4461 1157 4524 supp.
1175 4448 1267 4522 quat.
1285 4439 1438 4519 eundem,
1465 4440 1527 4517 cui,
1541 4439 1583 4504 ad
1599 4438 1747 4523 ejusdem
1763 4437 1853 4502 dorn.

490 4546 536 4610 sui
555 4564 665 4630 nuper
680 4543 884 4621 instantiam,
902 4543 943 4607 de
959 4564 1033 4608 can.
1050 4552 1083 4607 et
1108 4547 1200 4628 preb.
1227 4565 1299 4608 uae.
1324 4544 1357 4607 in
1386 4546 1468 4609 eccl.
1492 4544 1523 4608 S.
1540 4543 1631 4607 Petri
1659 4542 1852 4622 Duacensis,

493 4653 691 4715 ¹ltrebaten.
707 4648 805 4727 dioc,
822 4648 853 4712 S.
870 4646 909 4713 V.
925 4648 1082 4734 providit,
1108 4669 1184 4713 cum
1210 4657 1326 4712 tamen
1353 4648 1385 4712 in
1411 4648 1656 4733 supplicatione
1682 4667 1740 4709 sua
1764 4644 1854 4730 quod

494 4754 619 4818 dictam
637 4759 789 4817 curatam
806 4752 887 4816 eccl.
900 4759 1053 4816 tenuerat
1071 4751 1228 4831 indebite,
1246 4761 1282 4815 ut
1307 4753 1479 4837 prefertur,
1490 4753 1617 4816 nullam
1635 4751 1748 4814 lecerit
1761 4769 1854 4812 men-

496 4857 632 4937 tionem,
650 4875 791 4939 quorum
807 4876 880 4919 can.
897 4864 931 4919 et
947 4859 1038 4940 preb.
1055 4856 1299 4940 possessionem
1326 4855 1476 4921 nondum
1504 4856 1615 4919 extitit
1638 4859 1818 4931 assecutus,
1836 4873 1854 4915 a

499 4972 589 5024 reatu
600 4961 708 5044 culpe,
719 4979 820 5043 quam
831 4969 967 5044 propter
978 4959 1090 5023 omnia
1104 4969 1138 5023 et
1153 4959 1282 5044 singula
1297 4959 1457 5045 premissa
1474 4959 1623 5024 noscitur
1639 4956 1854 5036 commisisse,

504 5115 747 5127 ———-—-

536 5211 553 5256 l.
566 5211 624 5260 l'oir
635 5226 661 5260 n.
681 5214 717 5268 12,
732 5213 761 5258 19
773 5227 778 5267 ;
790 5211 817 5258 cl
829 5209 946 5268 Berlibrc,
960 5212 1057 5258 Ina-eut.
1069 5211 1175 5273 arrulyt,
1189 5225 1214 5259 n.
1227 5212 1281 5258 498.
1293 5238 1325 5245 —
1337 5214 1360 5259 2.
1373 5210 1434 5258 Voir
1446 5226 1470 5259 n.
1483 5213 1537 5258 759.
