4650 6059
484 751 546 814 384
992 747 1081 820 1348,
1103 744 1187 807 16-18
1209 745 1336 810 octobre.

485 898 625 964 ecclesie
641 897 672 962 S.
690 897 783 961 Pauli
800 895 939 982 pacifice
967 901 1130 971 assecuto,
1147 912 1221 958 can.
1237 901 1272 958 et
1296 896 1389 979 preb.
1406 892 1547 959 ecclesie
1569 891 1753 959 Bunnensis
1765 916 1815 979 pre
1841 979 1844 983 ⁴

483 1002 575 1068 dicte
591 1023 667 1068 cum
683 1000 702 1078 J
706 1001 840 1066 ohanne
855 999 898 1065 de
914 998 1030 1085 Beyeu
1047 997 1091 1063 ad
1114 997 1284 1081 quoddam
1299 996 1512 1077 beneficium,
1527 996 1620 1081 quod
1637 997 1708 1082 ipse
1721 996 1816 1076 Johan-
1838 999 1845 1076 J

484 1128 544 1171 nes
559 1116 639 1172 tuuc
655 1108 806 1185 tenebat,
833 1102 1047 1190 permutavit,
1075 1109 1109 1165 et
1136 1100 1225 1165 idem
1249 1099 1425 1179 Johannes
1451 1100 1567 1185 vigore
1590 1102 1843 1187 permutationis*

485 1207 673 1293 hujusmodi
690 1228 763 1272 can.
774 1215 808 1271 et
818 1210 910 1293 preb.
923 1206 1071 1291 ejusdem
1085 1204 1273 1269 Bunnensis
1285 1204 1427 1270 ecclesie
1440 1212 1613 1270 assecutus
1624 1204 1688 1270 fuit
1699 1206 1816 1291 pacilioe,
1838 1208 1845 1285 ¹.

483 1322 518 1377 et
535 1311 682 1391 tandem,
699 1311 828 1396 prefato
844 1310 863 1389 J
866 1312 1000 1376 ohanne
1016 1318 1110 1374 extra
1129 1308 1227 1374 Rom.
1244 1309 1370 1374 curiam
1393 1311 1491 1375 rebus
1505 1309 1664 1375 humanis
1678 1321 1815 1395 exempto,
1839 1312 1842 1315 ’

486 1415 683 1501 Raynaldus
710 1414 880 1479 Lamberti
905 1415 948 1480 de
975 1413 1128 1494 Color-io,
1145 1413 1285 1477 clericus
1309 1421 1344 1478 et
1371 1413 1574 1479 camerarius
1589 1434 1695 1494 meus,
1710 1413 1815 1479 eosdem

484 1540 556 1584 can.
573 1526 608 1583 et
623 1521 715 1604 preb.
731 1517 881 1605 predicte
898 1516 1086 1582 Bunnensis
1101 1515 1252 1594 ecclesie,
1269 1515 1383 1600 vigore
1399 1516 1574 1601 cujusdam
1590 1516 1695 1601 gratie
1711 1517 1765 1581 sibi
1778 1536 1816 1602 per

484 1624 515 1687 S.
532 1621 572 1687 V.
589 1622 677 1687 facte
693 1620 735 1686 de
751 1642 826 1686 can.
842 1623 912 1686 sub.
930 1641 1005 1707 exp.
1018 1622 1109 1705 preb.
1126 1619 1159 1683 in
1185 1618 1303 1684 eadem
1320 1617 1491 1685 Bunnensi
1520 1621 1674 1701 ecclesia,
1690 1631 1815 1707 accepta·

486 1727 584 1791 vitet
601 1725 661 1791 sibi
678 1726 720 1791 de
735 1725 799 1790 illis
815 1725 894 1790 lecit
909 1722 1087 1810 provideri.
1103 1722 1225 1805 Quare,
1242 1721 1343 1786 Pater
1363 1722 1428 1803 ΒΜ,
1445 1743 1522 1788 cum
1543 1723 1635 1789 idem
1653 1722 1816 1810 Rasnaldur

482 1832 603 1896 timeat
627 1830 661 1895 in
677 1830 776 1896 dictis
788 1851 861 1896 can.
878 1837 912 1894 et
927 1830 1019 1914 preb.
1031 1828 1170 1914 plenum
1192 1826 1246 1910 jus
1269 1847 1338 1892 non
1363 1827 1498 1908 habere,
1515 1828 1728 1894 obstantibus
1740 1846 1816 1892 reser-

484 1934 622 1999 vatione
637 1943 672 2000 et
687 1934 824 2000 decreto
841 1953 901 2020 per
923 1930 1111 2018 predictum
1127 1929 1300 2014 quondam
1323 1930 1415 1996 dom.
1429 1930 1449 2008 J
1453 1930 1624 1997 ohannem
1640 1952 1757 2018 papam
1770 1929 1815 1995 lae

484 2040 537 2119 tis,
553 2059 648 2125 supp.
665 2038 754 2104 idem
769 2036 964 2117 Anibaldus,
981 2043 1073 2120 quat.
1104 2033 1213 2121 [dicto
1245 2033 1439 2121 Raynaldo]
1465 2034 1508 2100 de
1524 2054 1599 2101 can.
1615 2043 1651 2100 et
1666 2038 1753 2123 preb.
1765 2054 1815 2121 pre

485 2143 592 2222 dictis,
609 2141 635 2206 si
650 2163 710 2227 per
726 2140 970 2207 assecutionem
982 2138 1202 2204 canonicatus
1214 2146 1249 2203 et
1257 2140 1350 2224 preb.
1365 2158 1406 2203 ac
1420 2138 1605 2204 decanatus
1619 2139 1816 2225 predictorum

486 2254 618 2325 vacent,
635 2245 767 2311 etiamsi
783 2245 865 2310 alias
880 2243 1078 2327 generaliter
1100 2243 1154 2306 vel
1171 2240 1361 2328 specialiter
1376 2241 1498 2307 fuerint
1513 2243 1684 2324 reservati,
1699 2242 1739 2308 de
1752 2259 1818 2307 noro

484 2348 667 2431 dignemini
695 2346 952 2412 misericorditer
975 2344 1175 2432 providere3
1200 2344 1347 2410 maxime
1367 2365 1444 2410 cum
1469 2344 1559 2410 idern
1588 2343 1817 2432 Ramaldusle

486 2452 586 2517 dictis
602 2472 676 2517 can.
693 2459 727 2515 et
743 2454 835 2537 preb.
845 2458 922 2536 post
938 2448 1185 2514 assecutionem
1201 2448 1349 2533 ipsorum
1364 2448 1468 2513 nichil
1483 2448 1647 2534 percepit,
1664 2470 1737 2515 cum
1750 2446 1817 2513 atri·

483 2558 545 2619 bus
559 2555 656 2620 annis
672 2575 749 2621 curn
758 2554 897 2620 dimidio
913 2554 996 2620 citra
1007 2554 1039 2618 in
1055 2553 1173 2618 eadem
1191 2552 1361 2618 Bunnensi
1378 2553 1519 2619 ecclesia
1534 2554 1649 2619 extitit
1661 2555 1815 2621 canonicus

484 2658 729 2743 prebendatus;
754 2678 823 2724 non
849 2661 935 2724 obst.
962 2658 1065 2723 etiam
1090 2656 1182 2741 quod
1208 2656 1357 2743 prelatus
1382 2655 1580 2742 Rayualdus
1603 2659 1745 2723 ruralem
1758 2654 1817 2721 eocl

483 2762 516 2827 S.
533 2761 623 2826 Petri
635 2761 678 2826 de
695 2760 889 2843 Corossac0‚
900 2760 1180 2848 Carpentoraten.
1193 2759 1291 2840 dioc..
1303 2758 1452 2825 noscitur
1464 2760 1628 2841 obtinere,
1639 2780 1715 2828 cum
1727 2758 1819 2827 ceteris

482 2887 550 2931 non
564 2865 783 2932 obstantibus.
794 2904 838 2917 -
854 2865 931 2931 Fiat
948 2865 985 2931 R

530 2970 608 3035 Dat.
623 2970 726 3035 Avin.
742 2969 787 3036 id.
803 2980 870 3037 oct.
883 2978 917 3036 a⁰
934 2978 976 3054 7⁰.
994 2972 1064 3055 (15,
1082 2970 1188 3055 277³).

536 3107 684 3188 1440.
1494 3122 1648 3205 1548,16
1664 3123 1789 3186 octobre.

525 3226 625 3309 Supp.
637 3225 1039 3309 Raymundus,M0rinen.
1053 3227 1258 3312 episc.,quat.
1273 3225 1476 3314 [Bertrando
1487 3225 1530 3289 de
1543 3223 1751 3305 Rochovilla,
1761 3241 1818 3289 con·

481 3329 664 3410 sanguineo
674 3349 734 3392 suo
746 3328 933 3413 germano]
943 3327 984 3393 de
994 3336 1174 3413 personatu
1184 3329 1225 3393 de
1234 3327 1628 3409 Enkin,Morinen.dioc.,
1637 3333 1820 3395 scracante

482 3451 541 3513 per
556 3434 609 3494 ob.
627 3430 716 3494 Petri
734 3430 926 3516 Raymundi
943 3432 985 3497 de
1002 3432 1248 3515 Castemghaco
1264 3448 1285 3512 ²,
1293 3432 1461 3517 quondam
1477 3432 1559 3497 dicti
1577 3432 1725 3519 episcopi
1740 3450 1821 3516 nepo
1837 3449 1845 3520 l

482 3533 534 3612 tis,
566 3533 740 3617 providere
771 3534 953 3619 dignemini
981 3559 988 3614 ;
1026 3557 1093 3601 non
1122 3540 1279 3601 obstante
1308 3535 1399 3620 quod
1435 3535 1524 3600 idem
1552 3535 1780 3619 B(ertrandus)
1797 3523 1845 3596 iu'2

481 3638 562 3701 eccl.
580 3634 747 3703 Morinen.
764 3659 837 3703 can.
853 3647 888 3704 et
914 3643 1006 3724 preb.
1023 3660 1100 3705 cum
1121 3640 1293 3705 scolastria
1320 3648 1355 3704 et
1371 3640 1404 3704 in
1421 3638 1565 3705 Vauren.
1593 3661 1670 3706 ean.
1686 3644 1745 3706 sub
1764 3656 1821 3721 exp.

483 3741 573 3823 preb.
590 3760 631 3804 ac
647 3740 680 3804 in
694 3742 775 3807 eccl.
793 3742 831 3808 B.
848 3740 897 3807 M.
914 3742 957 3808 de
968 3742 1231 3827 Faubemberga‚
1249 3740 1416 3808 Morinen.
1432 3742 1531 3823 dioc„
1547 3744 1717 3827 quandam
1733 3740 1821 3828 capel·

484 3843 617 3924 laniant,
649 3844 701 3910 cui
733 3866 811 3910 cura
841 3867 910 3912 non
926 3847 1082 3911 imminet
1107 3846 1304 3927 animarum,
1330 3847 1484 3912 obtineat
1508 3854 1544 3911 et
1570 3847 1664 3931 quod
1689 3847 1730 3914 ad
1745 3845 1822 3911 coll...

482 3948 723 4034 archiepiscopi
740 3957 775 4014 et
790 3952 925 4035 capituli
942 3951 1222 4035 Cesaraugustani
1250 3952 1457 4036 conjunctim
1473 3952 1526 4015 vel
1542 3950 1677 4016 dirisim
1700 3952 1821 4038 primum

482 4061 679 4117 vacaturum
702 4053 901 4119 beneficium
927 4075 956 4120 c.
983 4075 1011 4119 c.
1038 4056 1093 4119 vel
1108 4076 1134 4119 s.
1151 4075 1191 4134 c.,
1208 4055 1338 4120 etiamsi
1355 4054 1690 4139 archipresbiteratus
1710 4056 1821 4125 existat.

482 4164 638 4240 expectet
654 4163 688 4219 et
704 4175 780 4219 cum
795 4176 864 4222 non
880 4158 1091 4223 obstantibus
1107 4158 1190 4223 aliis.
1207 4197 1249 4208 -
1266 4156 1342 4224 Fiat
1357 4157 1397 4224 R.

525 4257 602 4321 Dat.
619 4258 719 4322 Aviu.
741 4278 777 4341 17
802 4258 868 4324 kal.
885 4281 962 4325 nov.
978 4270 1011 4325 a⁰
1036 4270 1077 4344 7⁰.
1103 4262 1174 4344 (15,
1192 4263 1280 4345 293).

537 4395 672 4472 1441.
1489 4412 1584 4494 1548,
1603 4415 1649 4477 18
1662 4413 1787 4476 octobre.

524 4510 655 4594 Supp...
690 4510 848 4592 Pletrus‘),
866 4513 1045 4577 cardinalis
1065 4516 1304 4595 Atrebaten.,...
1329 4523 1451 4598 quat...
1487 4513 1637 4599 [medico
1668 4523 1702 4579 et
1731 4507 1816 4597 capel·

481 4614 575 4698 lano]
595 4634 656 4679 suo
672 4616 833 4681 continuo
850 4619 1078 4698 commensali,
1095 4639 1182 4702 mag.
1209 4618 1359 4696 Johanni
1387 4617 1527 4682 Gilberti
1543 4616 1587 4682 de
1604 4617 1745 4683 Seclinio
1759 4625 1775 4691 ³,
1787 4609 1816 4674 de

480 4737 553 4781 can.
571 4726 606 4781 et
629 4721 719 4801 preb.
736 4719 876 4784 ecclesie
894 4719 1108 4804 Lingonen...
1124 4721 1308 4805 dignemini
1330 4723 1505 4808 providere
1521 4742 1529 4800 ;
1545 4742 1615 4786 non
1633 4724 1718 4787 obst.
1732 4712 1816 4804 graiia

480 4842 538 4906 per
564 4822 595 4887 S.
621 4820 660 4886 V.
677 4822 737 4886 sibi
764 4823 854 4887 facta
875 4823 917 4888 de
944 4844 1016 4889 can.
1052 4833 1086 4889 et
1106 4828 1198 4909 preb.
1227 4825 1367 4891 ecclesie
1398 4826 1429 4890 S.
1456 4824 1542 4891 Piati
1568 4823 1771 4899 Sicliniensis,
1791 4821 1817 4878 1¹1

515 5040 534 5084 l.
554 5038 613 5084 loir
631 5052 655 5085 n.
674 5039 727 5096 559,
746 5041 799 5096 782,
819 5043 875 5087 825.
886 5066 918 5073 —
929 5042 951 5088 2.
973 5040 1103 5088 Perat-itm
1115 5039 1183 5089 frore
1200 5040 1231 5089 rle
1246 5041 1357 5088 bernard
1374 5040 1407 5088 dc
1419 5039 1571 5100 Custauhue„
1585 5054 1668 5089 neren
1685 5039 1716 5088 de
1727 5034 1816 5111 l'eriult'·

482 5112 614 5171 llaynronrl
635 5114 736 5172 Saquet
754 5112 806 5161 cite
823 5113 894 5161 1026
912 5112 1005 5163 seruiet
1025 5116 1086 5162 1345
1105 5117 1173 5176 (voir
1189 5130 1215 5166 u.
1233 5117 1293 5176 797)
1311 5121 1337 5164 et
1354 5115 1378 5164 le
1394 5116 1425 5162 29
1442 5114 1505 5162 aoot
1520 5114 1626 5163 suivant
1644 5115 1683 5176 (n.
1700 5114 1743 5162 ool
1757 5127 1762 5162 ;
1775 5112 1817 5152 ῐῡῑῐ

483 5200 505 5231 u.
526 5188 607 5247 lutto).
619 5216 651 5224 -
663 5190 685 5235 3.
704 5187 764 5234 l'oir
781 5202 806 5236 n.
824 5190 937 5245 333-334,
956 5190 1011 5238 3132).
