4650 6059
486 774 547 837 aaa
1040 773 1128 840 1352.
1150 773 1170 836 r
1188 773 1299 854 juna.

488 934 542 990 tas
557 924 665 989 eidem
682 934 763 990 tunc
778 927 889 992 electo
913 932 1127 991 ⁴concesserat
1149 945 1248 1009 posse
1272 933 1387 990 tenere
1412 928 1584 1008 beneficia,
1601 950 1671 1013 que
1699 939 1842 1017 tempore

488 1029 660 1094 electionis
676 1050 733 1094 sue
750 1030 1000 1115 obtinebat,per
1013 1029 1196 1094 triennium
1212 1038 1294 1095 tunc
1310 1030 1466 1110 futurum,
1483 1032 1609 1097 fructus
1625 1055 1767 1119 quoque
1781 1059 1841 1122 per-

487 1134 597 1217 cipere
614 1154 655 1197 ex
671 1133 807 1212 eisdem,
823 1134 914 1219 ipsos
940 1141 1176 1218 procuratores
1188 1141 1225 1198 et
1240 1134 1382 1216 gratiam
1398 1135 1491 1200 dicto
1505 1134 1644 1201 Andree
1659 1147 1700 1203 ut
1716 1142 1841 1225 premit·

486 1236 566 1301 titur
593 1237 725 1317 factam,
752 1236 930 1302 admittere
954 1244 1159 1303 recusarunt.
1188 1236 1300 1319 Quare
1332 1258 1428 1324 supp.
1450 1238 1541 1304 idem
1576 1242 1841 1331 archiepiscopus

484 1341 654 1420 Auxitan,
671 1349 791 1405 utnon
808 1344 965 1406 obstante
981 1340 1199 1406 concessione
1214 1341 1403 1425 hujusmodi
1418 1342 1511 1408 dicto
1526 1351 1609 1409 tunc
1625 1346 1744 1413 electo
1754 1348 1840 1414 Colo

485 1444 584 1523 nien,
600 1466 664 1528 que
680 1453 758 1529 post
773 1445 915 1528 gratiam
926 1444 1012 1510 dicti
1028 1444 1165 1509 Andree
1181 1443 1271 1509 facta
1288 1444 1359 1521 luit,
1376 1444 1465 1510 idem
1491 1445 1648 1512 Andreas
1672 1450 1721 1515 ad
1744 1451 1841 1517 dictos

485 1549 721 1613 canonicatum
737 1555 771 1612 et
787 1548 993 1633 prebendam
1009 1548 1144 1612 realiter
1159 1547 1367 1628 admittatur,
1395 1548 1442 1613 ita
1469 1550 1561 1633 quod
1582 1550 1701 1618 dictus
1725 1556 1841 1621 archie

484 1651 640 1736 piscopos
655 1652 779 1716 fructus
795 1652 1013 1719 canonica-tus
1025 1659 1063 1716 et
1079 1651 1248 1736 prebende
1264 1652 1490 1737 predictorum
1513 1674 1574 1737 per
1599 1654 1737 1722 dictum
1752 1658 1841 1723 trien·

483 1755 575 1820 nium
591 1756 731 1839 recipiat
743 1756 839 1840 juxta
856 1756 1108 1821 concessionem
1124 1754 1184 1819 sibi
1203 1754 1330 1820 factam
1344 1776 1405 1840 per
1430 1756 1654 1823 Sanctitatem
1685 1759 1841 1836 Eandem.

483 1868 518 1923 et
533 1859 623 1942 quod
638 1859 719 1924 dicti
736 1868 931 1923 executores
946 1867 982 1923 et
997 1860 1255 1923 subexecutores
1281 1858 1374 1923 dicto
1397 1859 1532 1925 Andree
1559 1861 1634 1928 dati
1658 1864 1773 1949 ipsum
1794 1868 1840 1930 rel

483 1971 732 2047 procuratorem
748 1984 843 2027 suum
860 1964 930 2047 ejus
944 1963 1081 2028 nomine
1109 1962 1143 2025 in
1169 1962 1414 2047 possessionem
1441 1967 1654 2050 corporalem
1679 1969 1840 2035 dictorum

485 2068 701 2132 canonicatus
717 2077 751 2131 et
776 2067 945 2152 prebende
970 2067 1154 2145 inducant;
1181 2086 1251 2131 non
1279 2070 1365 2133 obst.
1390 2068 1480 2152 quod
1505 2090 1566 2155 per
1590 2084 1840 2155 procuratorem

483 2170 563 2236 dicti
580 2171 713 2234 Andree
726 2194 745 2235 a
760 2172 955 2255 gravamine
971 2171 1031 2235 sibi
1048 2170 1140 2235 sacto
1155 2191 1223 2235 non
1241 2170 1301 2235 fuit
1326 2172 1542 2256 appellatum,
1568 2194 1628 2238 seu
1643 2196 1841 2261 quocunqne

482 2276 549 2340 alio
564 2275 697 2340 delectu
712 2275 746 2338 in
762 2275 995 2361 prosecutione
1011 2274 1117 2357 gratie
1127 2283 1162 2338 et
1174 2294 1389 2359 processuum
1405 2275 1486 2340 dicti
1497 2276 1635 2342 Andree
1645 2299 1711 2364 per
1720 2280 1840 2346 dictum

481 2388 731 2464 procuratorem
747 2380 863 2444 habito
879 2401 887 2458 ;
901 2398 978 2443 cum
994 2377 1068 2442 aliis
1086 2376 1240 2442 omnibus
1255 2397 1324 2442 non
1341 2381 1449 2444 obst...
1472 2421 1514 2428 —
1532 2378 1610 2446 Fiat
1628 2380 1670 2447 R.
1711 2420 1714 2425 -

525 2483 604 2549 Dat.
620 2483 720 2548 Aria.
739 2505 755 2547 2
773 2503 852 2548 non.
866 2482 936 2567 julii
954 2489 988 2547 a⁰
1005 2490 1068 2545 11⁰.
1086 2483 1163 2563 (22,
1182 2481 1251 2565 58).

532 2655 679 2735 2427.
1530 2687 1629 2749 1352,
1647 2687 1667 2751 7
1678 2669 1802 2751 juillet.

525 2773 626 2859 Supp.
642 2773 824 2837 Garinotus
835 2771 881 2836 de
897 2770 1067 2856 Apcherio
1083 2780 1104 2849 ¹,
1120 2777 1211 2853 quat.
1239 2769 1409 2855 [familiari
1426 2792 1486 2836 suo
1512 2770 1669 2840 Henrico
1697 2774 1837 2843 Boileue

482 2876 524 2940 de
541 2874 661 2940 Monte
677 2890 698 2955 ²,
715 2873 853 2960 clerico]
872 2872 1147 2949 'Leodien.dioc,
1172 2872 1313 2937 decan.
1340 2880 1375 2937 et
1401 2876 1493 2957 preb.
1520 2875 1666 2943 ecclesie
1694 2879 1728 2946 S.
1752 2879 1834 2946 Pauli

482 2978 652 3058 Leodien.‚
668 3000 740 3044 vac.
758 2980 789 3042 in
808 2978 898 3043 curia
913 2998 972 3062 per
984 2979 1041 3041 ob.
1057 2975 1224 3042 leonardi
1240 2976 1282 3041 de
1306 2974 1404 3055 Mies,
1424 2977 1573 3062 ejusdem
1596 2983 1745 3049 ecclesie
1764 2984 1833 3049 dum

481 3082 609 3147 viveret
627 3083 778 3148 canonici
797 3080 1004 3167 prebendati
1021 3080 1076 3164 qui
1090 3088 1184 3144 extra
1200 3079 1325 3144 curiam
1348 3080 1502 3161 decessit,
1528 3090 1565 3148 et
1592 3093 1678 3150 ante
1694 3088 1765 3171 eius
1785 3089 1832 3151 ob.

480 3187 688 3271 dispositioni
705 3187 792 3251 sedis
809 3195 916 3271 apost.
933 3184 1117 3261 reservatis,
1145 3205 1222 3248 cum
1250 3184 1404 3249 oumibus
1426 3186 1551 3269 juribus
1578 3197 1615 3253 et
1630 3190 1830 3274 pertinentiis

481 3290 546 3352 suis
561 3290 742 3372 dignemini
759 3289 934 3374 providere
949 3312 957 3365 ;
975 3311 1042 3353 non
1060 3293 1145 3354 obst.
1161 3290 1408 3373 beneficiisque
1425 3292 1556 3357 obtinet
1572 3304 1610 3358 et
1625 3296 1826 3381 expectatur

481 3404 590 3457 restra
617 3394 889 3457 vicecancellaria
907 3393 1173 3478 exprimendis...
1192 3393 1329 3459 --Fiat
1349 3395 1386 3460 n.
1403 3436 1444 3443 -
1459 3396 1500 3459 lit
1516 3399 1652 3481 placeat
1670 3402 1704 3466 S.
1718 3400 1827 3467 l'.scri-

480 3499 558 3561 bere
580 3519 586 3561 :
606 3499 663 3561 liat
680 3498 782 3561 etiam
802 3500 867 3562 alio
882 3498 1001 3581 quovis
1016 3496 1129 3561 modu.
1146 3538 1189 3544 —
1206 3496 1281 3561 Fiat
1300 3496 1338 3561 R.

526 3601 605 3665 Dat.
621 3602 720 3665 Axia.
737 3623 815 3665 non.
829 3602 899 3686 julii
918 3611 951 3665 a⁰
971 3611 1031 3664 11⁰.
1049 3601 1227 3683 (22,46‘1>.

533 3773 678 3854 2428.
1528 3808 1625 3871 1352,
1644 3812 1664 3873 ,-
1673 3792 1758 3873 juill
1769 3801 1790 3857 t.

525 3893 625 3977 Supp.
641 3891 813 3969 Jolrannes
830 3889 984 3954 Maurelli
1002 3907 1022 3965 ³,
1039 3888 1128 3953 curie
1144 3909 1277 3952 camere
1296 3889 1335 3954 E.
1352 3890 1383 3954 S.
1400 3893 1565 3972 generalis
1582 3896 1728 3976 auditor,
1749 3905 1823 3982 quat.

483 3996 543 4060 sibi
560 3997 601 4061 de
617 3997 825 4082 prepositura
846 3994 986 4059 ecclesie
1012 3993 1042 4057 S.
1060 3992 1214 4076 Dyonisii
1232 3993 1401 4070 Leodien.‚
1430 4016 1489 4079 per
1506 3996 1545 4061 E.
1562 3997 1594 4061 S.
1612 3999 1717 4084 ipsius
1730 4002 1823 4086 dispo·

481 4102 592 4166 sitioni
608 4109 783 4177 reservata,
800 4122 872 4165 uae
888 4119 948 4184 per
964 4100 1017 4162 ub.
1036 4096 1157 4160 Reneri
1172 4097 1214 4160 de
1225 4097 1330 4163 Gonu
1345 4111 1367 4175 ⁴,
1381 4099 1487 4162 ultimi
1501 4104 1663 4186 prepositi
1682 4104 1822 4189 ejusdem,

481 4226 586 4290 nuper
601 4214 693 4268 extra
711 4205 835 4268 curiam
852 4203 950 4267 Rom.
963 4202 1032 4265 xita
1050 4201 1163 4276 functi,
1181 4222 1256 4265 cum
1274 4202 1428 4267 omnibus
1436 4203 1563 4287 juribus
1578 4215 1615 4271 et
1630 4206 1822 4293 pertinentiis

481 4308 568 4383 suis;
587 4330 626 4372 ac
642 4308 683 4371 de
701 4329 773 4372 cau.
791 4309 822 4370 in
840 4306 957 4371 eadem
983 4306 1136 4381 ecclesia,
1162 4304 1204 4369 de
1228 4306 1348 4370 inuata
1374 4317 1483 4371 vestra
1511 4309 1708 4390 clementia,
1730 4310 1820 4376 eidem

480 4410 625 4486 Joluumi
650 4411 791 4475 auditori
819 4409 999 4494 dignemini
1024 4407 1201 4493 providere
1228 4432 1236 4488 ;
1275 4413 1366 4494 preb.
1392 4432 1472 4476 xero
1505 4410 1595 4497 [rac.
1621 4416 1678 4478 vel
1709 4409 1819 4494 vacat]

481 4514 590 4578 eidem
606 4513 753 4591 Jolranni
772 4514 1007 4579 conferendam
1025 4513 1125 4575 etiam
1142 4512 1324 4596 dignemini
1341 4535 1530 4593 reservare;
1557 4538 1636 4582 cum
1662 4540 1730 4584 non
1751 4520 1820 4582 obst.

481 4619 741 4702 quibuscunque,
759 4618 912 4682 clausulis
939 4617 1112 4702 oportunis
1129 4638 1168 4681 ac
1185 4619 1417 4683 executoribus
1433 4643 1439 4695 ;
1457 4642 1514 4684 seu
1531 4621 1622 4704 quod
1644 4624 1734 4689 idem
1745 4620 1819 4688 audi·

481 4732 534 4788 tor
544 4725 763 4788 canonicatus
778 4732 812 4786 et
825 4722 1011 4807 prebendas
1023 4721 1189 4804 Aquensis
1200 4724 1258 4785 sub
1275 4724 1512 4806 expectatione
1523 4724 1712 4809 dignitatis,
1723 4746 1818 4815 perse

482 4836 581 4891 natus
608 4837 665 4891 aut
682 4827 794 4903 oflicii,
812 4826 982 4903 Leodien.‚
999 4834 1033 4888 et
1049 4824 1207 4888 secularis
1223 4825 1363 4889 ecclesie
1381 4827 1608 4910 Dauratensis,
1625 4831 1719 4898 dicte
1737 4832 1819 4900 dioc..

480 4933 790 5017 preposituramquc
810 4933 839 4995 s'.
857 4930 971 4994 Crucis
989 4929 1146 4993 Leodieu.
1164 4952 1171 5006 ;
1190 4950 1289 5011 quum
1307 4939 1421 4994 tamen
1439 4941 1573 5018 paratus
1590 4943 1641 4998 est
1658 4936 1821 5001 dimittere.

517 5196 535 5239 l.
555 5194 614 5238 l'oir
627 5207 650 5237 u.
664 5195 691 5238 ul
701 5196 734 5239 lu.
749 5221 777 5225 -‹
791 5196 812 5239 2.
834 5193 892 5238 l'oir
904 5207 928 5240 u.
941 5195 1011 5240 2219.
1024 5221 1055 5226 —-
1068 5195 1089 5242 a.
1104 5193 1163 5239 l'oir
1176 5207 1199 5239 11.
1213 5195 1266 5250 dttl,
1280 5195 1333 5249 tul,
1349 5193 1418 5240 lltll.
1432 5220 1458 5229 -
1475 5193 1496 5241 l.
1514 5192 1575 5239 l'oir
1589 5208 1613 5241 rr.
1626 5194 1701 5241 2421.
