4650 6059
876 798 963 872 1849,
986 798 1077 861 20-21
1100 798 1186 863 avril.
1305 855 1308 859 .
1656 802 1714 867 419

461 949 522 1012 bst.
538 946 628 1031 quod
643 947 821 1013 ecclesiam
836 947 878 1013 de
894 946 1015 1032 Lorey,
1034 945 1163 1015 Meten.
1180 949 1278 1031 dioc.,
1296 950 1437 1017 obtinet.
1449 950 1581 1017 -Fiat
1594 960 1659 1017 etc.
1673 950 1713 1018 R.

462 1101 474 1113 .
490 1050 591 1115 Avin.
612 1071 648 1115 12
665 1050 731 1116 kal.
747 1051 827 1116 maii
843 1058 876 1116 a⁰
893 1058 935 1134 7⁰.
952 1051 1022 1135 (17,
1040 1053 1130 1135 258).

465 1187 544 1269 57.
1038 1220 1048 1238 ·
1402 1222 1498 1287 1549,
1514 1224 1556 1267 ao
1571 1204 1669 1269 avril.

463 1326 495 1389 p.
522 1303 758 1389 Stephanellus
788 1303 830 1369 de
860 1301 1048 1388 Columpna
1065 1314 1084 1384 ¹,
1109 1313 1201 1389 quat.
1236 1304 1501 1393 [consanguineo
1531 1325 1592 1372 suo
1621 1305 1712 1372 dom.

462 1408 497 1472 lo
513 1406 555 1473 de
576 1404 761 1488 Picalottis,
776 1409 989 1473 Attrebaten.
1006 1406 1199 1494 canonico],
1226 1407 1268 1473 de
1295 1428 1369 1475 can.
1396 1418 1430 1475 et
1457 1412 1549 1496 preb.
1572 1410 1713 1475 ecclesie

461 1532 580 1591 sacen,
596 1531 680 1597 quos
695 1510 785 1576 idem
801 1510 1035 1598 Stephanellus
1050 1512 1196 1578 obtinuit
1210 1513 1244 1577 in
1260 1513 1379 1579 eadem
1395 1516 1477 1580 eccl.
1493 1522 1528 1580 et
1543 1512 1714 1599 quosresi-

461 1636 513 1695 :,...
528 1613 711 1698 dignemini
727 1614 902 1700 providere
917 1638 926 1695 ;
943 1635 1011 1681 non
1028 1618 1113 1681 obst.
1129 1615 1220 1701 quod
1241 1616 1378 1703 paroch.
1389 1618 1471 1683 eccl.
1484 1616 1526 1682 de
1547 1614 1714 1681 Bellocas-

461 1718 630 1783 'arbonen
645 1717 743 1800 dioc.,
760 1719 843 1784 etin
868 1719 950 1784 eccl.
978 1720 1174 1786 Atrebaten.
1190 1739 1264 1785 can.
1281 1728 1315 1786 et
1330 1723 1422 1807 preb.
1444 1741 1485 1787 ac
1499 1728 1715 1808 personatum

461 1843 538 1902 ›urs,
553 1824 751 1887 Atrebaten.
767 1821 864 1901 dioc.,
880 1822 1028 1887 noscitur
1044 1822 1206 1888 obtinere.
1223 1863 1266 1872 -
1282 1822 1358 1888 Fiat
1374 1821 1415 1889 R.

461 1945 480 1992 r.
497 1926 597 1991 Avin.
618 1946 654 1990 12
671 1925 738 1990 kal.
755 1926 834 1991 maii
851 1932 885 1990 a⁰
902 1933 943 2007 7⁰.
961 1927 974 2007 (
980 1929 1029 2005 17,
1048 1927 1137 2008 260).

461 2064 552 2147 ¹t58.
1408 2094 1502 2159 1349,
1519 2095 1559 2139 21
1577 2075 1674 2140 avril.

461 2203 534 2269 ip...
556 2179 755 2267 [Firminus]
774 2191 794 2261 ²,
810 2179 987 2265 episcopus
1003 2177 1444 2260 Noviomen.,caneellarius
1457 2177 1610 2259 Francie,
1625 2184 1718 2261 quat.

463 2287 474 2350 i
490 2306 551 2351 suo
567 2284 715 2361 Johanni
731 2282 824 2348 dicto
841 2281 993 2348 Mutonis
1008 2282 1050 2347 de
1067 2280 1267 2367 Coquerello
1282 2281 1325 2347 de
1341 2302 1415 2348 can.
1429 2290 1464 2348 et
1475 2284 1566 2368 preb.
1579 2280 1720 2347 ecclesie

462 2410 561 2455 aneu.
578 2386 760 2472 dignemini
776 2385 951 2472 prouidere
963 2408 972 2465 ;
986 2406 1055 2450 non
1072 2388 1158 2450 obst.
1176 2385 1267 2470 quod
1294 2406 1368 2452 can.
1384 2394 1419 2451 et
1434 2388 1527 2473 preb.
1544 2385 1577 2451 in
1593 2384 1719 2451 Toma-

461 2502 485 2558 =t
500 2491 540 2558 Β.
557 2490 607 2557 Μ.
623 2511 728 2578 prope
743 2488 946 2553 Avinionem
962 2488 1113 2554 obtinere
1128 2497 1296 2555 noscatur.
1313 2530 1355 2540 -
1371 2487 1448 2555 Fiat
1464 2487 1504 2555 R.

461 2607 484 2663 t.
499 2597 600 2661 Avin.
622 2616 655 2660 11
674 2593 743 2659 kal.
759 2593 838 2658 maii
856 2602 889 2658 a⁰
906 2600 948 2677 7⁰.
966 2594 1036 2676 (17,
1055 2594 1160 2678 249').

461 2732 559 2817 559.
1411 2764 1508 2829 1349,
1525 2763 1566 2808 ar
1582 2745 1679 2808 avril.

461 2874 508 2938 ip.
525 2849 709 2936 Philippus,
726 2869 784 2914 rex
801 2848 951 2929 Francie,
969 2858 1059 2933 quat.
1079 2849 1219 2936 [clerico
1234 2858 1269 2914 et
1285 2848 1475 2915 consiliario
1489 2868 1551 2914 suo
1566 2847 1724 2931 magistro

461 2956 503 3019 mi
521 2954 621 3034 Ruffi,
637 2954 671 3018 in
687 2952 812 3018 artibus
827 2961 861 3018 et
877 2952 1021 3017 decretis
1036 2951 1227 3039 licentiato]
1246 2962 1266 3032 ³,
1279 2952 1321 3017 de
1337 2971 1410 3017 can.
1426 2959 1462 3016 et
1477 2953 1569 3037 preb.
1585 2948 1725 3015 ecclesie

461 3079 535 3123 nen.
551 3077 624 3123 vac.
640 3056 683 3122 ad
698 3075 834 3142 presens
858 3075 918 3141 per
944 3063 1088 3120 mortem
1114 3054 1278 3133 Johannis
1304 3053 1454 3135 Bruneti,
1479 3054 1570 3119 dicte
1585 3051 1726 3118 ecclesie

461 3163 518 3227 rici
534 3164 636 3246 preb,
653 3160 708 3245 qui
725 3160 866 3224 incuria
884 3157 982 3224 Rom.
999 3158 1087 3223 diem
1105 3159 1226 3224 clausit
1235 3168 1434 3239 extremum,
1444 3178 1502 3222 seu
1515 3156 1597 3222 alias
1609 3156 1727 3241 quovis

461 3292 468 3328 ›
491 3264 699 3344 vacantibus,
725 3284 801 3328 cum
829 3263 983 3327 omnibus
1003 3261 1131 3346 juribus
1158 3269 1193 3326 et
1217 3261 1427 3348 pertiuentiis
1452 3262 1519 3327 suis
1545 3260 1726 3344 dignemini

462 3369 553 3448 dere,
570 3389 646 3432 cum
663 3366 862 3432 inhibitione
873 3375 907 3430 et
917 3365 1053 3430 decreto
1067 3388 1075 3445 3
1093 3386 1162 3430 non
1179 3368 1264 3431 obst.
1277 3365 1446 3452 quodipse
1459 3363 1563 3450 Hugo
1575 3362 1726 3449 parroch.

464 3473 507 3539 de
524 3471 660 3550 Oziaco,
677 3468 891 3535 Cameracen.
908 3469 1005 3551 dioc.,
1023 3473 1115 3555 cujus
1132 3470 1257 3535 fructus
1273 3479 1337 3535 etc.
1364 3491 1406 3553 40
1422 3470 1531 3536 librar.
1558 3468 1727 3533 Turoneu.

462 3597 559 3655 irum,
570 3574 852 3640 sectaxationem
861 3572 1002 3654 decime,
1012 3574 1164 3639 valorem
1177 3594 1324 3637 annuum
1334 3593 1404 3638 uon
1417 3573 1595 3652 excedunt,
1606 3580 1641 3637 et
1653 3592 1727 3637 can.

461 3680 508 3744 sie
524 3680 736 3743 Attrebaten.
752 3678 812 3741 sub
829 3696 904 3760 exp.
929 3680 1032 3760 preb,
1059 3686 1130 3741 tam
1156 3677 1356 3741 auctoritate
1383 3677 1569 3741 litterarum
1586 3677 1639 3741 sel.
1663 3696 1727 3740 rec.

461 3783 493 3847 ni
510 3781 677 3860 Johannis
692 3800 778 3866 pape
794 3776 932 3875 xxiii,
949 3800 1050 3863 quam
1066 3789 1262 3859 vestrarum,
1278 3779 1495 3865 pontificatus
1522 3779 1622 3843 vestri
1639 3798 1727 3842 anno

462 3908 485 3966 r,
502 3906 643 3969 quarum
658 3886 786 3949 nullum
814 3881 1030 3948 commodum
1058 3880 1170 3945 extitit
1195 3885 1374 3958 assecutus,
1403 3877 1564 3957 obtineat,
1592 3884 1626 3941 et
1649 3879 1726 3941 ben.

464 4011 489 4055 s.
506 4011 535 4054 c.
552 3988 595 4054 ad
610 3989 867 4054 collationem...
886 3985 1045 4072 episcopi,
1061 3981 1180 4049 decani
1197 3989 1232 4045 et
1248 3980 1385 4065 capituli
1413 3980 1554 4046 ecclesie
1570 3979 1725 4044 Camera-

461 4092 665 4177 conjunctim
681 4093 734 4156 vel
750 4090 883 4156 divisim
901 4085 1103 4175 [spectans],
1117 4083 1246 4150 etiamsi
1263 4084 1296 4146 in
1307 4082 1389 4148 eccl.
1402 4081 1586 4148 cathedrali
1596 4081 1727 4162 existat,

461 4207 525 4263 itur
540 4205 731 4281 expectare.
750 4236 791 4245 —
808 4194 884 4259 Fiat
901 4193 941 4259 R.

461 4322 501 4364 :m
517 4320 612 4386 supp.
629 4298 738 4364 dictus
755 4297 868 4383 Hugo,
885 4305 975 4381 quat.
992 4296 1064 4376 sibi,
1092 4302 1127 4359 et
1141 4292 1252 4358 Aelidi
1273 4291 1373 4357 matri
1400 4311 1441 4357 ac
1466 4289 1615 4368 Johanni
1638 4290 1728 4357 fratri

461 4403 586 4468 ›lenam
603 4402 753 4468 omnium
770 4409 984 4486 peccatorum
1000 4420 1134 4464 suorum
1158 4395 1399 4481 indulgentiam
1423 4394 1606 4479 dignemini
1632 4396 1729 4462 mise·

461 4507 545 4572 diter
560 4505 741 4589 indulgere,
758 4513 794 4568 ut
811 4505 843 4568 in
861 4503 977 4569 forma.
994 4542 1035 4552 -
1053 4502 1128 4567 Fiat
1145 4500 1186 4566 R.

461 4619 496 4674 tt.
512 4610 612 4674 rivin.
633 4630 666 4672 11
686 4608 753 4672 kal.
771 4607 849 4671 maii
868 4616 901 4671 a⁰
918 4615 961 4689 7⁰.
977 4609 1044 4688 (17,
1064 4606 1152 4690 251).

461 4746 570 4830 560.
1423 4770 1518 4835 1349,
1535 4772 1575 4816 21
1593 4753 1689 4817 avril.

462 4886 518 4952 pp.
536 4863 663 4949 Symon
680 4861 721 4926 de
739 4860 875 4927 Caistris
891 4873 910 4940 ⁴,
928 4859 1067 4926 clericus
1083 4857 1243 4924 Leodien.
1259 4857 1357 4937 dioc.,
1374 4862 1465 4940 quat.
1481 4854 1543 4919 sibi
1559 4854 1601 4919 de
1615 4874 1689 4925 can.
1700 4864 1734 4919 et

461 4969 630 4981 ,-

462 5021 504 5068 'oir
515 5034 542 5066 n.
555 5020 626 5066 1162.
638 5046 669 5056 -
681 5022 703 5066 2.
717 5019 815 5064 Firmin
836 5018 867 5065 dc
887 5017 1033 5078 Cocqucrel,
1055 5014 1157 5063 nomme
1178 5015 1201 5063 le
1223 5017 1251 5062 11
1264 5012 1402 5061 novembre
1415 5011 1484 5070 1348,
1504 5006 1599 5058 (locide
1614 5013 1693 5056 avant
1714 5008 1738 5056 lc

461 5093 562 5143 cembre
584 5093 645 5138 1319
664 5091 768 5153 (Euboi,
788 5091 807 5148 1,
827 5092 893 5147 390;
915 5090 1040 5148 Molinicr,
1058 5088 1211 5147 Obitrurires,
1225 5086 1244 5145 l,
1258 5086 1326 5146 589).
1338 5112 1370 5122 -
1387 5085 1409 5132 3.
1421 5083 1484 5131 Voir
1495 5097 1519 5131 n.
1531 5083 1587 5130 383.
1599 5109 1631 5119 -
1640 5083 1663 5131 4.
1676 5082 1739 5129 Sans

472 5166 540 5216 celui
552 5166 597 5225 qui
609 5164 700 5212 derint
712 5165 770 5227 plus
781 5164 840 5211 tard
852 5164 925 5212 chun.
935 5165 967 5213 ‹le
980 5166 1004 5212 S.
1014 5164 1136 5211 Lambcrt
1148 5161 1190 5223 (de
1200 5161 1296 5218 Theux,
1307 5158 1342 5217 11,
1352 5160 1399 5206 128
1412 5174 1418 5215 ;
1429 5157 1464 5205 ci.
1475 5154 1635 5215 Demeuldre,
1645 5154 1740 5203 Annei.

462 5239 516 5289 rcle
525 5238 601 5286 areli.
613 5236 644 5284 de
655 5238 774 5300 phlomos,
788 5237 837 5295 Ill,
849 5238 916 5297 120).
1663 5267 1667 5272 ·
