4650 6059
479 779 542 855 824
994 770 1082 856 latr.
1106 768 1199 847 2121
1218 767 1328 863 julla.

491 981 495 988 ·
532 931 671 1020 1228.
800 935 802 942 ἲ
1509 934 1796 1031 1347,24]lrrlle31.
1833 935 1838 941 ⁸

522 1050 624 1144 Supp.
651 1047 779 1131 Petrus,
806 1048 859 1116 tit.
886 1047 918 1117 S.
943 1048 1127 1116 Clementis
1146 1048 1255 1137 presb.
1282 1043 1369 1117 card.
1387 1067 1407 1132 ¹,
1424 1047 1514 1136 quat.
1532 1048 1593 1116 sibi
1609 1050 1644 1115 in
1660 1041 1836 1139 personam

481 1159 660 1228 Humberti
676 1158 719 1225 de
736 1152 987 1236 Monteoalvo²,
1003 1154 1115 1221 clerici
1127 1153 1291 1221 Viennen.
1307 1153 1405 1235 dioc,
1428 1152 1482 1222 lic.
1506 1154 1540 1220 in
1563 1161 1636 1236 art,
1659 1155 1837 1243 specialem

479 1265 620 1352 gratiam
646 1262 817 1340 facientes,
848 1259 891 1325 de
920 1272 995 1326 can.
1026 1264 1061 1325 et
1091 1260 1183 1345 preb.
1213 1259 1295 1326 eccl.
1322 1257 1476 1325 Anicien.
1501 1273 1543 1325 ac
1566 1257 1662 1325 terris
1693 1251 1839 1345 eiusdem

480 1369 631 1450 ecclesie,
647 1366 753 1435 solitis
769 1364 939 1433 canonicis
951 1364 1052 1451 ipsius
1064 1361 1329 1430 eccldumtaxat
1339 1363 1372 1428 in
1384 1373 1476 1451 perp.
1488 1363 1565 1434 ben.
1577 1353 1839 1432 ecclesiasticum

481 1473 638 1560 assignari
652 1495 660 1552 ;
692 1490 831 1557 quarum
858 1478 1022 1536 terrarum
1047 1467 1184 1535 collatio
1194 1467 1345 1555 pertinet
1361 1464 1405 1534 ad
1420 1466 1547 1534 dictum
1563 1465 1779 1553 cardinalem,
1794 1488 1840 1536 ra·

481 1577 574 1645 tione
589 1577 772 1644 decanatus
788 1575 837 1641 sui
853 1573 1003 1660 ejusdem
1019 1573 1112 1653 eccl,
1128 1591 1170 1638 ac
1186 1589 1326 1657 quarum
1341 1575 1504 1637 terrarum
1527 1569 1694 1638 fructus...
1715 1591 1757 1658 30
1772 1571 1841 1639 libr.

480 1683 604 1750 Toron.
629 1699 731 1769 parv,
755 1697 820 1747 sec.
836 1678 1044 1745 taxationem
1060 1676 1201 1760 decime,
1217 1677 1368 1743 valorem
1384 1691 1532 1743 annuum
1555 1687 1624 1744 non
1647 1665 1840 1759 excedunt;

480 1805 553 1856 vac.
566 1777 636 1874 'per
658 1775 712 1854 ob.
735 1782 905 1872 quondam
920 1803 1009 1868 mag.
1025 1781 1153 1848 Alberti
1170 1781 1299 1863 Solorii,
1316 1777 1480 1869 capellani
1496 1779 1555 1865 soi,
1572 1773 1628 1868 qul
1645 1779 1842 1870 inpartibus

479 1893 544 1959 illis
578 1890 731 1972 decessit,
762 1896 797 1955 et
830 1895 910 1955 ante
936 1888 1007 1975 ejus
1030 1887 1161 1954 obitum
1185 1884 1396 1974 dispositioni
1421 1883 1509 1953 sedis
1532 1892 1641 1973 apost.
1657 1885 1841 1972 reservatis,

480 1995 591 2064 eidem
605 1993 796 2062 Humberto
807 1978 957 2079 gratiose
964 1990 1146 2077 dignemini
1158 1987 1357 2078 providere;
1374 2009 1441 2058 non
1467 1991 1552 2057 obst.
1569 1987 1660 2077 quod
1675 1986 1711 2058 in
1726 1987 1842 2059 eadem

481 2104 562 2169 eccl.
579 2095 654 2167 can'.
671 2102 731 2166 sub
747 2118 823 2186 exp.
839 2099 941 2185 preb,
959 2096 1049 2190 acin
1065 2095 1096 2163 S.
1113 2095 1290 2181 Gaugerici
1306 2090 1523 2165 Cameracen.
1539 2096 1798 2184 preposituram,
1809 2103 1842 2164 et

481 2207 515 2272 in
542 2206 574 2272 S.
591 2203 764 2290 Ganganoi
790 2202 991 2283 Haltrensis,
1020 2200 1239 2268 Cameracen.
1267 2200 1364 2284 dioc,
1393 2221 1467 2269 can.
1493 2210 1528 2269 et
1554 2202 1646 2289 preb.
1670 2200 1715 2268 de
1740 2201 1843 2290 gratia

482 2311 514 2376 S.
531 2309 581 2391 V.,
597 2298 642 2375 et'
662 2309 695 2373 in
729 2307 767 2373 B.
793 2305 842 2373 M.
858 2306 901 2373 de
916 2306 1128 2387 Annoniaco,
1152 2304 1223 2372 ord.
1240 2304 1272 2372 S.
1288 2306 1384 2393 Aug,
1401 2304 1564 2372 Viennen.
1580 2301 1679 2388 dioc,
1696 2306 1843 2374 ecclesiis

483 2415 676 2482 clericatum
703 2412 806 2495 chori,
831 2432 890 2477 seu
916 2410 1101 2478 choreriam
1139 2410 1272 2478 solitam
1298 2406 1426 2476 clericis
1449 2401 1652 2476 secularibus
1672 2408 1842 2496 assignari,

483 2542 522 2588 ac
539 2529 647 2588 certas
662 2525 765 2585 terras
779 2516 870 2585 dicte
886 2516 1026 2584 ecclesie
1040 2515 1205 2598 Anicien,
1222 2512 1338 2582 solitas
1360 2514 1531 2582 canonicis
1550 2510 1729 2582 dumtaxat
1744 2513 1843 2603 ipsius

483 2626 565 2693 eccl.
591 2625 626 2690 in
651 2642 743 2711 perp.
767 2619 842 2690 ben.
870 2619 1135 2688 ecclesiasticum
1160 2618 1342 2707 assignarl;
1369 2637 1509 2705 quarum
1533 2617 1700 2688 fructus...
1731 2621 1749 2686 6
1774 2612 1842 2688 libr.

483 2730 653 2798 Turonen.
668 2745 812 2817 parvor,
828 2745 894 2795 sec.
914 2727 1123 2816 taxationem
1149 2721 1290 2808 decime,
1305 2724 1453 2793 valorem
1480 2741 1628 2791 annuum
1653 2741 1724 2792 non
1749 2743 1842 2792 exce·

485 2833 580 2917 dunt,
592 2834 741 2901 noscitur
756 2831 918 2899 obtinere.
934 2870 977 2881 -
994 2828 1072 2896 Fiat
1088 2828 1128 2897 R.

528 2937 606 3005 Dat.
622 2938 722 3005 Avia.
739 2957 757 3020 9
773 2934 840 3004 kal.
857 2950 931 3023 aug.
947 2939 980 3002 a⁰
997 2939 1039 3001 6⁰.
1057 2932 1131 3019 (29,
1152 2951 1189 3020 15
1214 2936 1239 3021 ).

536 3071 674 3158 1229.
1523 3108 1617 3175 1547,
1629 3109 1671 3175 25
1676 3090 1802 3173 juillet.

491 3181 493 3183 ’
527 3196 628 3283 Supp.
656 3195 674 3273 J
678 3194 828 3260 ohannes
855 3190 988 3259 Morelli
1004 3200 1024 3272 ³,
1041 3192 1219 3274 Senonen,
1236 3193 1313 3259 cler.
1329 3200 1365 3258 et
1381 3191 1550 3259 familiaris
1571 3193 1662 3261 dom.
1678 3193 1698 3274 J
1702 3194 1841 3262 ohannis

484 3299 526 3368 de
543 3300 685 3367 Pistorio
700 3313 720 3383 ⁴,
738 3299 793 3385 qui
810 3319 869 3385 per
884 3300 985 3382 longa
1005 3305 1160 3384 tempora
1183 3297 1293 3364 eidem
1317 3297 1456 3364 domino
1477 3295 1625 3376 Johanni
1648 3299 1798 3382 serravit,
1811 3305 1841 3365 et

484 3404 700 3491 regestrando
726 3403 988 3489 supplicationes
1016 3403 1119 3489 ejusd.
1146 3403 1178 3469 S.
1200 3401 1240 3469 V.
1267 3411 1302 3469 et
1326 3402 1408 3468 alias
1432 3404 1643 3491 quamplures
1666 3404 1842 3492 scripturas

484 3508 639 3576 faciendo
664 3509 780 3575 diuet
806 3507 948 3572 fideliter
974 3508 1138 3574 laboravit
1166 3518 1200 3573 et
1227 3508 1386 3574 continue
1411 3509 1551 3589 laborat,
1579 3516 1747 3594 quatenns
1784 3508 1841 3576 sibi

484 3614 663 3701 specialem
693 3612 835 3698 gratiam
851 3611 1014 3678 iacientes
1039 3610 1082 3677 de
1098 3612 1229 3699 capella
1251 3631 1309 3678 seu
1332 3610 1520 3699 capellania
1543 3612 1656 3679 altaris
1671 3608 1841 3695 S.·Crucis,

484 3718 538 3784 siti
554 3719 588 3783 in
604 3718 686 3785 eccl.
703 3716 899 3802 Lingonen,
914 3735 988 3783 vac.
1006 3716 1050 3782 ad
1064 3735 1200 3803 presens
1215 3736 1275 3804 per
1289 3716 1419 3784 obitum
1435 3714 1454 3795 J
1457 3716 1598 3783 ohannis
1613 3716 1656 3782 de
1673 3716 1842 3798 Herzele⁵,

484 3822 656 3888 familiaris
670 3822 751 3888 dicti
767 3820 857 3888 dom.
874 3817 894 3899 J
897 3820 1049 3901 ohannis,
1066 3829 1100 3887 et
1116 3821 1217 3908 ipsius
1232 3820 1397 3900 Johannis
1414 3819 1548 3888 Morelli
1563 3822 1644 3889 socii
1660 3819 1842 3910 predilecti,

485 3928 540 4013 qui
557 3928 591 3993 in
609 3926 706 3994 Rom.
717 3926 808 3993 curia
820 3923 910 3992 diem
926 3944 1022 3991 snum
1038 3926 1156 3992 clausit
1173 3933 1370 4010 extremum,
1381 3926 1434 3992 vel
1448 3925 1515 3993 alio
1527 3941 1729 4011 quocunque
1744 3925 1845 3994 modo

484 4040 593 4114 vacet,
618 4031 728 4098 eidem
754 4028 902 4108 Johanni
931 4026 1064 4095 Morelli
1088 4029 1272 4116 dignemini
1295 4030 1492 4118 providere3
1509 4048 1578 4097 non
1594 4031 1681 4097 osbt.
1698 4028 1791 4117 quod
1805 4029 1845 4098 de

485 4134 652 4221 Boycour,
679 4142 713 4200 et
729 4134 762 4198 in
779 4133 930 4219 parrocb.
952 4134 1034 4200 eccl.
1061 4133 1103 4200 de
1129 4132 1337 4201 Miromonte
1362 4135 1574 4223 capellanias,
1600 4134 1779 4204 Ebroicen.
1812 4142 1846 4203 et

485 4241 698 4305 Attrebatem
723 4238 821 4319 dioc,
846 4236 994 4305 noscitur
1020 4239 1195 4320 obtinere;
1224 4260 1282 4306 seu
1308 4239 1398 4324 quod
1424 4239 1466 4306 de
1487 4239 1615 4327 capella
1630 4240 1673 4307 de
1694 4239 1845 4329 Septem·

486 4344 649 4425 salicibus,
665 4363 705 4409 ac
721 4363 794 4409 can.
811 4350 845 4408 et
860 4346 952 4429 preb.
966 4344 1046 4409 eccl.
1060 4343 1091 4409 S.
1105 4343 1244 4410 Servatii
1260 4343 1459 4430 Trajecten,
1477 4342 1616 4410 Remen.
1629 4352 1665 4409 et
1686 4342 1846 4436 Leodien.

485 4447 583 4529 dioc,
601 4446 729 4513 Eadem
745 4447 913 4514 Sanctitas
928 4447 989 4513 sibi
1004 4440 1135 4514 durerit
1151 4449 1406 4537 providendum,
1428 4449 1508 4516 licet
1532 4448 1575 4515 de
1600 4448 1680 4536 ipsis
1702 4435 1773 4517 non
1805 4450 1846 4518 sit

487 4553 597 4619 adhuc
609 4553 852 4638 possessionem
874 4552 1026 4638 adeptus,
1039 4553 1181 4639 acquod
1198 4553 1237 4621 E.
1250 4553 1281 4621 S.
1292 4553 1436 4620 eundem
1452 4550 1642 4632 Johannem
1660 4549 1798 4621 Morelli
1814 4554 1846 4620 ia

486 4658 544 4723 lite
566 4678 605 4723 ac
622 4658 712 4723 omni
725 4658 808 4743 jure,
820 4656 910 4743 quod
922 4656 1089 4723 Gobelino
1104 4659 1147 4724 de
1162 4657 1364 4744 Cathenayo
1379 4658 1413 4723 in
1429 4657 1511 4724 eccl.
1528 4642 1680 4745 parroch.
1696 4643 1741 4724 de
1757 4653 1846 4725 Mar·

486 4783 560 4843 cou,
577 4761 666 4827 dicte
683 4761 842 4828 Leodien.
858 4762 955 4845 dioc,
973 4768 1200 4850 competebat,
1224 4774 1377 4852 tempore
1393 4764 1511 4830 mortis
1526 4784 1595 4846 sue,
1616 4764 1847 4850 subrogaverit

485 4869 630 4952 gratiose
646 4867 657 4903 ⁶
672 4891 679 4949 ;
704 4876 738 4933 et
763 4889 839 4934 cum
863 4869 935 4934 aliis
955 4890 1024 4935 non
1045 4872 1161 4956 obst...
1182 4869 1226 4936 Et
1242 4891 1331 4952 vere,
1344 4870 1494 4958 piissime
1509 4877 1616 4956 pater,
1632 4870 1675 4936 de
1692 4870 1847 4937 omnibus

487 4972 599 5057 gratiis
615 4973 820 5060 supradictis,
836 4972 916 5039 licet
932 4993 1001 5040 non
1017 4971 1084 5041 s'tet
1100 4995 1159 5063 per
1175 4972 1330 5042 Vestram
1347 4966 1581 5056 Sanctitatem,
1591 4973 1720 5040 nullum
1737 4971 1846 5042 adhuc

494 5203 498 5211 ·
519 5184 540 5229 l.
553 5181 638 5230 Pierre
651 5149 783 5241 Bertrand,
796 5182 835 5232 ev.
846 5143 970 5242 d’dutoo,
983 5183 1052 5233 eard.
1061 5187 1096 5239 20
1107 5142 1161 5233 ricc.
1176 5140 1244 5236 11131.
1257 5183 1351 5234 (locide
1363 5184 1386 5234 le
1399 5185 1429 5233 24
1441 5181 1498 5245 jain
1512 5183 1575 5249 ibid
1587 5180 1692 5246 (subal.
1705 5166 1798 5245 ¹21⁵)ss
1815 5206 1845 5217 -

485 5257 507 5305 ὓ,
521 5254 583 5303 Voir
595 5268 620 5305 n.
634 5257 702 5315 1105,
717 5258 786 5308 1112.
798 5285 829 5294 -
842 5260 863 5309 3.
876 5257 938 5307 Voir
950 5271 975 5308 n.
989 5259 1100 5308 10011-
1117 5262 1140 5309 4.
1152 5257 1215 5308 Voti
1226 5274 1251 5309 n.
1265 5261 1319 5310 171.
1330 5286 1363 5295 -
1376 5263 1402 5308 ὅ.
1416 5258 1477 5307 Voir
1489 5273 1514 5308 n.
1526 5259 1583 5307 911:
1599 5255 1665 5307 ss—G.
1678 5255 1741 5306 Voir
1753 5270 1778 5306 u.
1791 5257 1843 5306 aaa.
