4650 6059
478 780 540 843 422
1031 777 1118 851 1319,
1141 777 1199 841 2-1
1221 777 1290 843 mai.

481 933 579 1010 tibus
606 930 753 1007 Johanni
788 930 829 996 de
854 928 1012 995 Oratorio
1039 929 1198 997 videlicet
1226 930 1270 996 de
1304 929 1521 998 Cameracen.
1549 941 1585 999 et
1620 931 1774 1011 Johanni
1803 935 1840 1001 de

482 1034 679 1116 Wameuria
703 1034 874 1121 prelibatis
898 1032 940 1098 de
964 1031 1146 1099 Belvacen.
1174 1034 1390 1099 ecclesiarum
1421 1036 1677 1103 canonicatibus
1703 1047 1749 1103 et
1776 1059 1838 1125 pre-

482 1138 610 1217 bendis,
641 1146 801 1222 tanquam
830 1156 890 1223 per
927 1137 1217 1202 consecrationem
1247 1137 1375 1203 domini
1411 1137 1431 1216 J
1435 1138 1577 1205 ohannis
1610 1138 1654 1204 de
1693 1139 1836 1220 Pistorio,

483 1240 630 1326 episcopi
657 1240 845 1307 Tridentini
868 1251 886 1323 ¹,
913 1241 1123 1322 vacantibus,
1147 1240 1315 1327 presideri
1328 1240 1503 1308 ,Sanctitas
1513 1242 1600 1328 ipsa,
1616 1250 1734 1309 vestra
1747 1246 1835 1309 beata

482 1365 595 1425 manu,
622 1347 857 1429 magistrorum
885 1344 1032 1429 ipsorum
1056 1343 1247 1430 petitiones,
1258 1344 1353 1429 signo
1368 1344 1494 1411 solito:
1522 1344 1600 1412 Fiat
1625 1345 1678 1428 R,
1702 1348 1835 1432 gratiose

483 1447 638 1532 signavit.
662 1446 749 1512 Cum
772 1455 898 1528 autem,
914 1444 1017 1511 Pater
1040 1445 1105 1539 gne,
1121 1455 1241 1532 postea
1257 1446 1338 1513 dicti
1354 1448 1502 1532 magistri
1518 1435 1744 1536 perceperint,
1759 1450 1834 1535 quod

484 1550 651 1616 Sanctitas
673 1551 746 1636 ipsa
769 1550 862 1617 dicto
886 1553 1047 1639 episcopo
1068 1551 1158 1637 prius
1182 1558 1404 1634 concesserat,
1435 1551 1525 1637 quod
1558 1552 1714 1619 omnium
1746 1556 1831 1619 bene

485 1653 634 1718 liciorum
662 1654 963 1721 ecclesiasticorum
986 1655 1221 1739 quorumlibet,
1238 1675 1303 1740 que
1319 1654 1408 1721 idem
1431 1655 1608 1742 episcopus
1635 1676 1695 1723 sue
1715 1677 1831 1744 prome

483 1757 584 1822 tionis
606 1765 759 1843 ternpore
783 1757 968 1839 obtinebat,
991 1767 1106 1845 posset
1127 1780 1232 1844 usque
1256 1758 1300 1824 ad
1314 1758 1487 1824 biennium
1507 1758 1667 1847 [fructus]
1693 1761 1829 1841 retinere,
1858 1789 1860 1870 p

483 1861 652 1926 humiliter
674 1861 824 1945 magistri
862 1862 1052 1949 supplicant
1079 1862 1241 1929 antedicti
1265 1870 1430 1947 quatenus
1451 1860 1600 1940 Johanni
1624 1863 1667 1929 de
1690 1863 1829 1931 Oratorio

483 1965 525 2030 de
541 1965 758 2031 cameracen.
774 1974 809 2031 et
823 1964 843 2043 J
847 1966 972 2031 olranni
995 1966 1037 2032 de
1061 1966 1256 2032 Wameuria
1270 1966 1441 2053 prelibatis
1465 1966 1507 2032 de
1530 1965 1713 2034 Belvacen.
1739 1969 1828 2035 eccle·

483 2069 604 2133 siarum
626 2068 854 2155 predictarum
877 2070 1132 2136 canonicatibus
1154 2078 1190 2136 et
1212 2069 1391 2156 prebendis
1405 2069 1574 2157 predictis,
1591 2090 1678 2156 quos
1700 2092 1828 2138 exnunc

484 2193 606 2237 vacare
622 2171 732 2237 velitis
747 2171 937 2254 decernere,
954 2174 1173 2240 concessione
1187 2172 1378 2258 hujusmodi
1399 2176 1655 2256 nonobstante,
1671 2175 1827 2242 11011010ί
1858 2213 1860 2228 =

484 2276 659 2361 providere
674 2274 857 2361 dignemini
880 2279 941 2341 sub
957 2276 1037 2343 data
1058 2276 1158 2363 priori
1181 2276 1224 2343 de
1246 2276 1352 2361 gratia
1367 2276 1531 2363 ampliori,
1555 2276 1604 2342 sic
1626 2286 1743 2344 tamen
1757 2276 1828 2364 quod

484 2388 624 2465 uterque
646 2380 878 2464 magistrorum
894 2381 1042 2466 ipsorum
1058 2402 1118 2468 per
1139 2380 1329 2466 hujusmodi
1345 2389 1479 2468 tempus
1501 2380 1613 2448 eidem
1628 2382 1785 2469 episcopo
1796 2380 1828 2446 de

485 2484 632 2569 ipsorum
656 2484 917 2550 canonicatuum
940 2493 975 2551 et
990 2486 1237 2573 prebendarum
1259 2485 1380 2571 grossis
1395 2485 1555 2551 fructibus
1569 2485 1698 2551 habeat
1713 2504 1828 2572 respon·

483 2588 583 2668 dere;
608 2588 763 2654 omnibus
785 2609 853 2655 non
877 2588 1089 2655 obstantibus
1111 2588 1145 2653 in
1168 2588 1267 2654 dictis
1290 2585 1591 2675 supplicationibus
1613 2589 1826 2673 magistrorum
1858 2575 1860 2632 ἶ

484 2691 632 2777 ipsorum
665 2692 836 2779 appositis,
870 2713 911 2758 ac
945 2692 1019 2758 aliis
1042 2692 1197 2759 omnibus
1226 2691 1402 2778 oportunis
1432 2691 1583 2776 adjectis.
1606 2730 1651 2744 -
1683 2691 1757 2758 Fiat
1779 2709 1826 2778 pro

484 2796 647 2860 ambobus
663 2794 704 2861 R.
1313 2844 1315 2848 ν

528 2898 608 2965 Ι)111.
624 2899 725 2965 Avin.
744 2904 761 2964 6
779 2920 858 2966 non.
873 2900 952 2965 maii
967 2906 1001 2965 a⁰
1014 2906 1057 2983 7⁰.
1075 2899 1144 2983 (17,
1162 2918 1202 2983 27
1207 2900 1268 2983 3').

536 3036 712 3118 1570.'.
1064 3049 1066 3052 ’
1226 3049 1229 3054 ’
1575 3071 1672 3136 1349,
1690 3074 1710 3117 2
1727 3052 1794 3117 mai.
1855 3077 1860 3114 1

529 3152 629 3220 Motu
644 3156 779 3241 proprio
795 3155 1010 3241 providemus
1026 3152 1172 3219 Geraldo
1187 3152 1230 3218 de
1247 3152 1438 3235 NovcvicO,
1455 3154 1536 3220 alias
1551 3154 1593 3220 de
1617 3154 1824 3242 Champiers,²
1858 3155 1860 3160 '

485 3258 606 3323 clerico
630 3258 847 3324 Lemovicen.
871 3258 969 3339 dioc,
985 3258 1028 3323 de
1051 3278 1124 3324 can.
1148 3265 1183 3322 et
1197 3260 1290 3343 preb.
1314 3258 1454 3323 ecclesie
1477 3256 1666 3325 Tomacen.
1690 3279 1762 3323 vac.
1781 3273 1826 3341 pro

485 3382 527 3425 eo
552 3360 643 3445 quod
668 3361 871 3446 Reginaldus
894 3363 935 3428 de
970 3363 1002 3427 la
1029 3360 1192 3443 Malliere,
1221 3362 1277 3446 qui
1301 3382 1360 3426 eos
1386 3360 1571 3441 obtinebat,
1595 3360 1825 3427 matrimonium

486 3465 655 3530 contraxit
679 3474 713 3530 et
728 3486 788 3552 per
804 3467 1068 3531 reservationem
1079 3487 1139 3551 per
1153 3486 1217 3531 nos
1229 3465 1355 3531 factam
1370 3465 1412 3531 de
1436 3465 1573 3531 eisdem.
1585 3506 1630 3516 —
1654 3465 1731 3532 Fiat
1751 3473 1826 3531 motu

486 3570 621 3654 proprio
638 3568 678 3635 R.

530 3672 609 3738 Dat.
625 3673 724 3738 Avin.
743 3677 761 3737 6
781 3674 1004 3740 11011111ιί10ο
1022 3682 1063 3759 7⁰.
1081 3675 1150 3758 (17,
1169 3674 1258 3757 277).

539 3811 672 3894 1571.
1576 3844 1673 3908 1349,
1691 3847 1710 3909 4
1728 3823 1798 3888 11101.

529 3928 617 4013 Sign.
634 3928 846 4012 Bertrandns,
863 3929 963 4013 episc.
980 3926 1157 4008 Sabinen.³,
1175 3925 1266 4010 quod
1281 3925 1406 3991 dudum
1421 3934 1575 4013 tempore
1591 3948 1660 4011 quo
1676 3929 1747 4014 ipse
1760 3928 1832 4009 lega·

486 4034 585 4097 tionis
601 4032 713 4099 officio
735 4053 795 4119 per
818 4031 849 4097 S.
866 4032 905 4097 V.
923 4032 983 4097 sibi
1000 4031 1180 4097 commisso
1197 4030 1230 4095 in
1254 4051 1357 4116 regno
1373 4030 1484 4096 Sicilie
1501 4051 1541 4097 ac
1564 4030 1689 4098 Tuscia
1703 4041 1739 4098 et
1753 4026 1834 4096 certis

484 4137 557 4200 aliis
587 4137 734 4221 partibus
756 4135 965 4219 fungebatur,
997 4136 1181 4222 parocbial.
1212 4136 1294 4201 eccl.
1322 4135 1354 4201 S.
1378 4134 1506 4200 Bertini
1536 4135 1579 4202 de
1612 4135 1835 4223 Poperingues,

487 4237 654 4304 Morinen.
666 4240 764 4319 dioc,
780 4247 861 4304 tunc
876 4259 951 4304 vac.
968 4260 1028 4325 per
1044 4242 1098 4305 ob.
1112 4239 1282 4304 Guillelmi
1300 4237 1411 4319 Fabri,
1428 4240 1594 4325 capellani
1611 4242 1661 4306 sui
1678 4259 1834 4308 commen·

485 4342 573 4422 salis,
598 4350 685 4407 auct.
709 4351 820 4406 vestra
835 4342 896 4407 sibi
920 4344 954 4407 in
971 4342 1034 4408 bac
1056 4352 1154 4429 parte
1180 4363 1338 4409 concessa
1362 4343 1505 4408 contulit
1534 4341 1676 4429 Hugoni
1699 4343 1834 4420 Amaldi,

485 4446 637 4510 familiari
654 4467 724 4511 suo.
742 4446 873 4511 Deinde
888 4468 979 4528 vero,
996 4456 1176 4531 antequam
1198 4448 1287 4513 idem
1312 4446 1415 4532 Hugo
1438 4446 1551 4513 fuisset
1575 4459 1750 4516 assecutus
1770 4468 1835 4536 pos

484 4548 666 4614 sessionem
682 4548 772 4615 dicte
785 4551 866 4616 eccl.
883 4551 925 4615 de
938 4550 1175 4637 Poperingues,
1192 4552 1311 4616 eadem
1325 4550 1356 4616 S.
1372 4549 1412 4616 V.
1425 4551 1486 4635 ipsi
1500 4551 1638 4637 Hugoni
1651 4552 1695 4619 de
1710 4551 1834 4641 paroch.

484 4653 565 4718 eccl.
579 4652 610 4717 S.
628 4652 717 4718 Petri
728 4653 770 4719 de
786 4654 915 4740 Dyons,
934 4654 1071 4720 Uticen.
1091 4655 1189 4736 dioc,
1201 4676 1274 4721 vac.
1287 4676 1347 4741 per
1362 4655 1653 4721 consecrationem
1670 4656 1691 4734 J
1694 4656 1835 4731 ohannis,

483 4756 631 4842 episcopi
643 4755 928 4842 Nemausen.⁴,qui
940 4760 1114 4824 obtinebat
1127 4759 1439 4844 eamdem,gratiose
1448 4758 1595 4845 previdit
1607 4780 1667 4825 seu
1679 4756 1835 4847 provideri

514 4945 542 5004 a)
558 4945 614 4995 (bd.
630 4946 667 4993 Dc
684 4960 744 4995 unc.

514 5147 535 5192 l.
554 5146 615 5193 Voir
632 5160 657 5195 n.
677 5148 746 5196 1327.
759 5174 790 5183 -
802 5150 825 5197 2.
845 5148 905 5196 Voir
915 5163 941 5197 n.
954 5150 1024 5197 1183.
1036 5176 1068 5184 -
1080 5150 1102 5197 3.
1116 5149 1242 5197 Bertrand
1254 5149 1286 5198 dc
1300 5148 1380 5207 Dcux,
1392 5152 1556 5212 aupararant
1567 5148 1602 5196 du
1612 5151 1678 5199 titre
1689 5149 1722 5199 de
1733 5149 1758 5199 S.
1770 5148 1834 5197 Marc

479 5219 584 5278 (Eubcl,
598 5219 618 5276 l,
637 5219 705 5279 371.)
719 5247 748 5256 —
761 5222 783 5267 1.
795 5220 860 5269 Jcen
872 5222 905 5270 110
918 5221 1064 5280 Blandiaco,
1077 5221 1180 5271 nomme
1197 5222 1220 5271 le
1239 5224 1268 5270 17
1281 5223 1425 5287 septembre
1439 5223 1502 5271 1318
1515 5222 1565 5283 (tt,
1578 5222 1645 5282 318).
