4650 6059
961 783 1048 856 1352,
1072 783 1107 846 rs
1125 782 1236 863 juillet.
1720 786 1780 850 aar

415 938 514 1023 cujus
529 937 656 1002 fructus
678 944 743 1001 etc.
771 943 907 1000 centum
934 935 1043 999 librar.
1066 934 1178 1013 Paris.,
1202 934 1385 999 secundum
1408 936 1616 1001 taxationem
1640 936 1780 1018 decime,

414 1042 570 1106 valorem
594 1061 742 1105 annuum
769 1060 839 1104 non
866 1037 1040 1117 excedant,
1068 1045 1226 1123 spectans
1251 1040 1473 1104 communiter
1499 1041 1553 1104 vel
1580 1039 1711 1104 divisim
1739 1041 1781 1106 ad

415 1146 637 1215 collationem
660 1152 726 1209 etc.
748 1143 879 1209 abbatis
901 1152 936 1207 et
952 1150 1139 1207 conventus
1165 1142 1358 1207 monasterii
1375 1141 1406 1207 S.
1422 1140 1566 1208 Winocii
1594 1142 1780 1227 Bergensis,

415 1249 460 1312 O.
479 1250 511 1313 S.
530 1247 579 1328 B,
598 1247 765 1312 Morinen.
780 1247 894 1324 dioc.;
922 1266 991 1310 non
1019 1248 1104 1310 obst.
1129 1243 1221 1329 quod
1246 1245 1336 1309 idem
1362 1244 1508 1322 Jacobus
1532 1266 1607 1311 can.
1631 1256 1666 1311 et
1688 1251 1779 1331 preb.

415 1353 562 1418 ecclesie
578 1351 617 1416 B.
635 1350 684 1417 M.
701 1350 913 1430 Casletensis,
929 1350 1018 1415 dicte
1036 1347 1204 1414 Morinen.
1220 1347 1317 1428 dioc,
1333 1356 1492 1413 noscatur
1507 1349 1659 1414 obtinere
1678 1372 1686 1427 ;
1704 1370 1780 1414 cum

417 1456 541 1521 ceteris
556 1456 721 1535 clausulis,
746 1464 780 1519 et
805 1455 872 1520 suis
895 1475 962 1518 non
991 1456 1076 1518 obst.
1092 1453 1135 1517 in.
1153 1452 1429 1518 vicecancellaria
1456 1451 1721 1537 exprimendis..
1738 1492 1782 1503 -

421 1559 500 1625 Fiat
516 1568 581 1624 etc.
598 1558 638 1623 R.

464 1664 544 1728 Dat.
559 1662 659 1727 Avin.
681 1667 717 1726 16
733 1662 799 1728 kal.
816 1683 889 1746 aug.
905 1671 937 1726 a⁰
958 1670 1018 1726 11⁰.
1036 1662 1112 1744 (22,
1130 1663 1211 1744 71v).
1227 1667 1240 1694 ¹¹

472 1796 622 1883 2438.
1450 1830 1545 1894 1352,
1562 1815 1605 1876 18
1609 1814 1736 1894 jru‘llet.

463 1916 566 2001 Supp.
583 1914 778 2000 Raynaldus
793 1913 835 1979 de
852 1913 999 1996 Foresio,
1019 1915 1124 1995 miles,
1152 1924 1242 1999 quat.
1269 1914 1471 2001 [Stephano]
1494 1914 1536 1980 de
1559 1913 1748 2001 Columpna
1758 1932 1779 1995 ¹,

416 2020 461 2085 de
477 2019 645 2084 decanatu
669 2017 809 2082 ecclesie
835 2016 1012 2099 Coronen,
1028 2040 1070 2082 ex
1085 2039 1127 2084 eo
1142 2039 1216 2084 vac.
1241 2018 1331 2103 quod
1356 2017 1445 2083 idem
1468 2016 1657 2103 Stephanus
1683 2018 1780 2083 deca-

417 2133 538 2189 natum
561 2122 748 2209 predictum
771 2130 852 2186 tunc
873 2122 1038 2202 obtinens,
1062 2122 1308 2207 preposituram
1331 2122 1471 2188 ecclesie
1487 2121 1518 2186 S.
1535 2122 1718 2199 Andomari
1735 2122 1778 2188 de

418 2228 450 2292 S.
474 2225 680 2305 Audomaro,
709 2223 876 2289 Morinen.
902 2225 1000 2305 dioc,
1023 2246 1083 2311 per
1106 2224 1146 2291 E.
1172 2225 1203 2289 S.
1228 2225 1289 2290 sibi
1317 2226 1475 2291 collatam
1501 2225 1642 2311 pacifice
1667 2226 1780 2291 extitit

417 2338 600 2407 assecutus,
616 2327 797 2412 dignemini
814 2327 988 2413 providere
1007 2350 1015 2407 ;
1040 2348 1117 2393 cum
1140 2349 1192 2407 eo,
1209 2336 1245 2393 ut
1269 2328 1470 2393 decanatum
1486 2336 1520 2393 et
1535 2328 1780 2414 preposituram

418 2431 590 2519 predictos
612 2431 709 2495 simul
731 2432 842 2495 valeat
865 2431 1018 2511 retinere,
1034 2432 1076 2497 de
1092 2431 1252 2496 uberioris
1275 2431 1366 2497 dono
1390 2431 1496 2516 gratie
1518 2431 1751 2517 dispensantes
1770 2455 1778 2510 ;

418 2558 505 2602 non
530 2539 615 2602 obst.
643 2536 893 2619 quibuscunque
923 2534 1227 2614 constitutionibus,
1259 2535 1393 2600 statutis
1423 2543 1458 2600 et
1485 2534 1780 2600 consuetudinibus

416 2639 594 2705 contrariis
613 2662 621 2719 ;
639 2660 697 2703 seu
713 2639 802 2723 quod
823 2640 893 2724 ipse
917 2638 1103 2724 predictam
1125 2635 1379 2725 preposituram,
1396 2660 1529 2705 necnon
1547 2638 1717 2704 Nicosien.
1745 2649 1780 2704 et

415 2745 449 2809 S.
467 2742 654 2807 Donatiani
680 2741 865 2826 Brugensis,
892 2742 1079 2807 Tomacen.
1095 2741 1192 2822 dioc,
1218 2743 1437 2808 canonicatus
1461 2752 1495 2809 et
1521 2747 1613 2828 preb.
1629 2743 1778 2809 noscitur

415 2846 571 2913 obtinere
586 2868 595 2924 ;
612 2866 688 2911 cum
705 2846 858 2911 omnibus
874 2866 943 2911 non
959 2849 1045 2912 obst.
1067 2883 1099 2895 -
1120 2845 1197 2911 Fiat
1212 2854 1246 2911 et
1262 2846 1491 2932 dispensamus
1508 2846 1548 2911 R.

461 2950 542 3015 Dat.
558 2950 658 3014 Avin.
679 2971 726 3033 15.
742 2950 807 3014 kal.
823 2970 896 3032 aug.
912 2957 945 3014 a⁰
965 2958 1025 3015 11⁰.
1040 2950 1115 3033 (22,
1133 2951 1214 3034 70).

469 3087 619 3174 2439.
1449 3120 1544 3184 1552,
1562 3103 1604 3165 18
1612 3099 1735 3181 juillet.

462 3207 552 3291 Sign.
579 3206 611 3271 S.
632 3205 671 3269 V.
696 3204 844 3269 decanus
868 3212 901 3269 et
927 3204 1111 3290 capitulum
1132 3206 1273 3270 ecclesie
1297 3214 1406 3270 vestre
1434 3204 1660 3284 Cameracen,
1688 3203 1778 3287 quod

416 3330 525 3396 nuper
536 3317 679 3374 vacante
690 3310 898 3393 prepositura
912 3309 1012 3393 ipsius
1021 3310 1162 3374 eccle'sie
1177 3330 1237 3395 per
1246 3308 1331 3386 ob.·J
1334 3308 1478 3375 ohannis
1487 3308 1529 3374 de
1540 3307 1638 3394 Roya
1649 3308 1779 3393 ²,ipsius

416 3413 559 3479 ecclesie
575 3413 745 3497 prepositi,
763 3412 819 3495 qui
841 3421 934 3476 extra
959 3411 1057 3476 Rom.
1081 3413 1206 3478 curiam
1229 3414 1319 3479 diem
1334 3434 1430 3479 suum
1447 3413 1564 3478 clausit
1580 3421 1778 3491 extremum,

415 3517 461 3582 ad
477 3517 677 3582 electionem
694 3516 829 3581 alterius
855 3516 1012 3601 prepositi
1035 3517 1267 3602 procedentes,
1291 3538 1352 3603 pro
1375 3518 1519 3582 utilitate
1535 3526 1570 3581 et
1584 3516 1779 3581 defensione

416 3621 521 3706 ipsius
547 3620 697 3699 ecclesie,
725 3618 936 3685 concorditer
967 3621 1138 3704 elegerunt
1170 3620 1318 3685 nobilem
1351 3642 1391 3686 ac
1419 3620 1646 3685 venerabilem
1673 3620 1778 3685 virum

415 3724 592 3789 dominum
617 3723 801 3788 Robertum
816 3722 859 3787 de
876 3722 1091 3806 Couchyaco,
1115 3724 1263 3808 ejusdem
1288 3724 1426 3789 ecclesie
1443 3733 1617 3788 cantorem
1630 3739 1651 3786 ³.
1668 3723 1780 3805 Quare

414 3827 609 3912 supplicant
626 3826 664 3889 E.
681 3827 712 3890 S.
729 3834 819 3910 quat.
835 3825 960 3889 dictam
987 3826 1187 3892 electionem
1211 3836 1318 3891 ratam
1341 3834 1377 3890 et
1398 3836 1528 3910 gratam
1552 3827 1716 3890 babentes
1738 3847 1780 3889 ex

417 3940 512 3997 certa
529 3930 668 3995 scientia
683 3929 865 4013 dignemini
882 3928 1078 3993 continuare
1090 3950 1148 3994 seu
1163 3929 1206 3994 de
1222 3950 1313 3995 novo
1323 3930 1473 3995 conferre
1488 3930 1609 4008 ;etiam
1622 3929 1647 3992 si
1661 3928 1779 3993 eadem

417 4034 629 4120 prepositura
654 4034 697 4097 sit
722 4032 921 4116 generaliter
947 4033 1002 4096 rel
1027 4033 1213 4118 specialiter
1236 4054 1295 4118 per
1317 4034 1431 4100 sedem
1455 4042 1563 4118 apost.
1579 4041 1748 4098 reservata
1769 4056 1777 4111 ;

418 4160 488 4204 non
517 4143 603 4205 obst.
628 4140 877 4223 quibuscunque
901 4140 1072 4205 beneficiis
1098 4161 1162 4223 que
1188 4138 1318 4204 obtinet
1354 4138 1408 4201 vel
1435 4145 1604 4223 expectat,
1631 4145 1666 4201 et
1689 4138 1779 4219 quod

417 4243 531 4308 eidem
547 4243 689 4325 gratiam
705 4242 848 4307 feceritis
863 4242 905 4306 de
921 4243 1128 4328 prepositura
1143 4242 1284 4307 ecclesie
1300 4242 1332 4307 S.
1349 4240 1511 4305 Gereonis
1535 4240 1721 4320 Colonien,
1737 4241 1779 4305 de

418 4367 487 4431 qua
504 4347 652 4411 nondum
668 4346 747 4411 fecit
764 4346 833 4409 fieri
850 4348 977 4411 litteras
995 4370 1003 4423 ;
1029 4348 1080 4412 cui
1103 4355 1240 4431 paratus
1263 4356 1314 4410 est
1337 4344 1543 4424 renunciare,
1560 4365 1637 4409 cum
1653 4364 1780 4429 posses-

417 4452 550 4516 sionem
567 4450 657 4515 dicte
673 4451 879 4535 prepositure
906 4450 1120 4516 Cameracen.
1145 4450 1243 4515 fuerit
1269 4449 1410 4535 pacifice
1433 4456 1603 4514 assecutus
1622 4471 1630 4529 ;
1647 4448 1780 4534 dispen-

417 4564 532 4620 santes
547 4574 624 4619 cum
640 4553 761 4617 eodem
777 4563 813 4617 ut
830 4554 934 4638 possit
949 4563 1124 4640 acceptare
1148 4552 1297 4619 officium
1321 4562 1471 4619 curatum
1495 4552 1564 4617 sive
1580 4553 1778 4637 dignitatem

416 4660 543 4724 virtute
558 4657 665 4742 gratie
678 4677 778 4739 quam
795 4658 826 4722 S.
844 4657 883 4721 V.
899 4658 1007 4723 eidem
1023 4659 1056 4722 in
1070 4658 1213 4723 ecclesia
1230 4656 1425 4723 Laudunen.
1441 4656 1605 4722 concessit
1625 4679 1632 4734 ;
1650 4665 1684 4719 et
1701 4676 1777 4720 cum

416 4762 576 4828 omnibus
591 4761 663 4826 aliis
678 4782 744 4825 non
764 4764 849 4825 obst.
865 4798 907 4805 -
925 4761 999 4826 Fiat
1015 4770 1049 4827 et
1065 4762 1297 4848 dispensamus
1314 4761 1354 4826 R.

465 4865 542 4929 Dat.
559 4864 658 4928 Avin.
680 4885 715 4948 15
733 4863 799 4929 kal.
817 4863 891 4949 aug.
908 4879 944 4929 a0
964 4879 1028 4931 11⁰.
1046 4867 1121 4950 (22,
1140 4886 1157 4950 7
1162 4869 1209 4951 gv)

451 5005 480 5064 a)
493 5003 532 5050 On
545 5004 614 5050 avait
627 5002 773 5050 cummeneo
786 5003 810 5050 la
822 5006 1004 5066 tmrrscription
1017 4986 1129 5053 ‹lc-cette
1141 5002 1253 5067 pieccnu
1263 5004 1306 5052 fol.
1317 5006 1354 5062 72,
1365 5004 1469 5049 maison
1481 5016 1497 5049 a
1510 5001 1570 5050 bine
1579 5001 1639 5050 lesa
1652 5002 1689 5062 15¹2
1698 5001 1780 5063 lignes

413 5078 478 5139 ddja
491 5078 645 5134 transcritos,
656 5091 719 5123 arec
731 5077 756 5123 la
768 5091 899 5136 rcmnrquo
910 5093 941 5125 cn
955 5093 1039 5139 margo
1054 5095 1059 5125 :
1072 5078 1136 5125 alibi
1150 5079 1293 5138 rapiebam.

454 5214 475 5260 l.
488 5212 550 5258 Voir
563 5224 587 5257 u.
602 5211 669 5262 llll2,
684 5210 752 5265 1557,
767 5211 837 5256 1752.
849 5234 878 5242 -
891 5211 914 5257 2.
926 5209 987 5256 Voir
999 5224 1023 5257 n.
1036 5211 1090 5267 284,
1105 5211 1159 5258 752.
1171 5236 1202 5244 —
1214 5211 1236 5258 3.
1249 5209 1310 5256 Voir
1322 5222 1346 5257 n.
1359 5210 1412 5257 285.
1432 5209 1486 5255 293.
