<?xml version="1.0" encoding="UTF-8"?>
<!DOCTYPE html PUBLIC "-//W3C//DTD XHTML 1.0 Transitional//EN"
    "http://www.w3.org/TR/xhtml1/DTD/xhtml1-transitional.dtd">
<html xmlns="http://www.w3.org/1999/xhtml" xml:lang="en" lang="en">
 <head>
  <title>
</title>
<meta http-equiv="Content-Type" content="text/html;charset=utf-8" />
  <meta name='ocr-system' content='tesseract 3.04.00' />
  <meta name='ocr-capabilities' content='ocr_page ocr_carea ocr_par ocr_line ocrx_word'/>
</head>
<body>
  <div class='ocr_page' id='page_1' title='image "./suppliquesdeclm00goog_0253.png"; bbox 0 0 4650 6059; ppageno 0'>
   <div class='ocr_carea' id='block_1_1' title="bbox 557 793 1355 867">
    <p class='ocr_par' dir='ltr' id='par_1_1' title="bbox 557 793 1355 867">
     <span class='ocr_line' id='line_1_1' title="bbox 557 793 1355 867; baseline -0.006 -8"><span class='ocrx_word' id='word_1_1' title='bbox 557 796 613 859; x_wconf 86' lang='grc'>198</span> <span class='ocrx_word' id='word_1_2' title='bbox 1115 793 1201 867; x_wconf 82' lang='grc'>1345,</span> <span class='ocrx_word' id='word_1_3' title='bbox 1224 793 1244 856; x_wconf 80' lang='grc'><strong>4</strong></span> <span class='ocrx_word' id='word_1_4' title='bbox 1267 809 1355 857; x_wconf 88' lang='lat' dir='ltr'><strong>mars.</strong></span> 
     </span>
    </p>
   </div>
   <div class='ocr_carea' id='block_1_2' title="bbox 559 943 1919 1532">
    <p class='ocr_par' dir='ltr' id='par_1_2' title="bbox 559 943 1919 1532">
     <span class='ocr_line' id='line_1_2' title="bbox 602 943 1918 1032; baseline -0.004 -18"><span class='ocrx_word' id='word_1_5' title='bbox 602 953 686 1014; x_wconf 91' lang='grc'>805.</span> <span class='ocrx_word' id='word_1_6' title='bbox 705 944 793 1011; x_wconf 87' lang='lat' dir='ltr'>Item</span> <span class='ocrx_word' id='word_1_7' title='bbox 808 966 903 1032; x_wconf 82' lang='lat' dir='ltr'>supp.</span> <span class='ocrx_word' id='word_1_8' title='bbox 929 944 1018 1010; x_wconf 91' lang='lat' dir='ltr'>idem</span> <span class='ocrx_word' id='word_1_9' title='bbox 1044 944 1210 1025; x_wconf 87' lang='lat' dir='ltr'><strong>Elbertus,</strong></span> <span class='ocrx_word' id='word_1_10' title='bbox 1239 953 1330 1028; x_wconf 91' lang='lat' dir='ltr'><strong>quat.</strong></span> <span class='ocrx_word' id='word_1_11' title='bbox 1349 944 1426 1031; x_wconf 91' lang='lat' dir='ltr'>[suo</span> <span class='ocrx_word' id='word_1_12' title='bbox 1453 965 1538 1030; x_wconf 68' lang='lat' dir='ltr'><strong>cap„</strong></span> <span class='ocrx_word' id='word_1_13' title='bbox 1556 944 1706 1010; x_wconf 91' lang='lat' dir='ltr'>Roberto</span> <span class='ocrx_word' id='word_1_14' title='bbox 1720 943 1763 1009; x_wconf 91' lang='lat' dir='ltr'>de</span> <span class='ocrx_word' id='word_1_15' title='bbox 1780 943 1918 1009; x_wconf 91' lang='lat' dir='ltr'>Betten·</span> 
     </span>
     <span class='ocr_line' id='line_1_3' title="bbox 560 1046 1919 1136; baseline -0.003 -20"><span class='ocrx_word' id='word_1_16' title='bbox 560 1050 684 1136; x_wconf 85' lang='lat' dir='ltr'>court],</span> <span class='ocrx_word' id='word_1_17' title='bbox 711 1050 753 1115; x_wconf 92' lang='lat' dir='ltr'>de</span> <span class='ocrx_word' id='word_1_18' title='bbox 769 1070 842 1115; x_wconf 90' lang='lat' dir='ltr'><strong>can.</strong></span> <span class='ocrx_word' id='word_1_19' title='bbox 859 1058 894 1114; x_wconf 90' lang='lat' dir='ltr'>et</span> <span class='ocrx_word' id='word_1_20' title='bbox 912 1052 1004 1136; x_wconf 88' lang='lat' dir='ltr'><strong>preb.</strong></span> <span class='ocrx_word' id='word_1_21' title='bbox 1019 1069 1094 1114; x_wconf 89' lang='lat' dir='ltr'><strong>vac.</strong></span> <span class='ocrx_word' id='word_1_22' title='bbox 1110 1049 1164 1113; x_wconf 89' lang='lat' dir='ltr'><strong>vel</strong></span> <span class='ocrx_word' id='word_1_23' title='bbox 1190 1055 1301 1114; x_wconf 89' lang='lat' dir='ltr'><strong>vacat.</strong></span> <span class='ocrx_word' id='word_1_24' title='bbox 1317 1048 1351 1112; x_wconf 94' lang='lat' dir='ltr'>in</span> <span class='ocrx_word' id='word_1_25' title='bbox 1367 1049 1449 1114; x_wconf 92' lang='lat' dir='ltr'>eccl.</span> <span class='ocrx_word' id='word_1_26' title='bbox 1466 1049 1497 1115; x_wconf 88' lang='lat' dir='ltr'>S.</span> <span class='ocrx_word' id='word_1_27' title='bbox 1513 1048 1679 1126; x_wconf 90' lang='lat' dir='ltr'>Johannis</span> <span class='ocrx_word' id='word_1_28' title='bbox 1695 1046 1868 1129; x_wconf 86' lang='lat' dir='ltr'>Leodien.,</span> <span class='ocrx_word' id='word_1_29' title='bbox 1883 1056 1919 1112; x_wconf 94' lang='lat' dir='ltr'>ut</span> 
     </span>
     <span class='ocr_line' id='line_1_4' title="bbox 559 1151 1917 1238; baseline -0.002 -18"><span class='ocrx_word' id='word_1_30' title='bbox 559 1156 592 1220; x_wconf 93' lang='lat' dir='ltr'>in</span> <span class='ocrx_word' id='word_1_31' title='bbox 609 1156 715 1220; x_wconf 82' lang='lat' dir='ltr'>sonna</span> <span class='ocrx_word' id='word_1_32' title='bbox 731 1154 839 1234; x_wconf 90' lang='lat' dir='ltr'>solita,</span> <span class='ocrx_word' id='word_1_33' title='bbox 856 1161 933 1234; x_wconf 83' lang='lat' dir='ltr'>etc,</span> <span class='ocrx_word' id='word_1_34' title='bbox 954 1151 1136 1237; x_wconf 88' lang='lat' dir='ltr'>dignemini</span> <span class='ocrx_word' id='word_1_35' title='bbox 1151 1152 1352 1238; x_wconf 88' lang='lat' dir='ltr'>providere;</span> <span class='ocrx_word' id='word_1_36' title='bbox 1368 1174 1437 1218; x_wconf 93' lang='lat' dir='ltr'>non</span> <span class='ocrx_word' id='word_1_37' title='bbox 1459 1156 1545 1219; x_wconf 89' lang='lat' dir='ltr'>obst.</span> <span class='ocrx_word' id='word_1_38' title='bbox 1562 1152 1651 1237; x_wconf 94' lang='lat' dir='ltr'>quod</span> <span class='ocrx_word' id='word_1_39' title='bbox 1666 1152 1822 1238; x_wconf 84' lang='lat' dir='ltr'><strong>parrocb.</strong></span> <span class='ocrx_word' id='word_1_40' title='bbox 1838 1153 1917 1217; x_wconf 91' lang='lat' dir='ltr'>eccl.</span> 
     </span>
     <span class='ocr_line' id='line_1_5' title="bbox 559 1256 1918 1343; baseline -0.002 -20"><span class='ocrx_word' id='word_1_41' title='bbox 559 1260 591 1324; x_wconf 90' lang='lat' dir='ltr'>S.</span> <span class='ocrx_word' id='word_1_42' title='bbox 608 1258 740 1324; x_wconf 92' lang='lat' dir='ltr'>Nicolai</span> <span class='ocrx_word' id='word_1_43' title='bbox 757 1258 799 1323; x_wconf 94' lang='lat' dir='ltr'>ad</span> <span class='ocrx_word' id='word_1_44' title='bbox 810 1258 999 1338; x_wconf 89' lang='lat' dir='ltr'>transitum,</span> <span class='ocrx_word' id='word_1_45' title='bbox 1015 1256 1187 1338; x_wconf 86' lang='lat' dir='ltr'>Leodien.,</span> <span class='ocrx_word' id='word_1_46' title='bbox 1203 1277 1243 1323; x_wconf 92' lang='lat' dir='ltr'><strong>ac</strong></span> <span class='ocrx_word' id='word_1_47' title='bbox 1270 1256 1304 1321; x_wconf 93' lang='lat' dir='ltr'>in</span> <span class='ocrx_word' id='word_1_48' title='bbox 1330 1258 1447 1343; x_wconf 89' lang='lat' dir='ltr'>majori</span> <span class='ocrx_word' id='word_1_49' title='bbox 1471 1257 1631 1324; x_wconf 90' lang='lat' dir='ltr'>Leodien.</span> <span class='ocrx_word' id='word_1_50' title='bbox 1658 1278 1770 1336; x_wconf 89' lang='lat' dir='ltr'>unam,</span> <span class='ocrx_word' id='word_1_51' title='bbox 1786 1276 1918 1322; x_wconf 90' lang='lat' dir='ltr'>necnon</span> 
     </span>
     <span class='ocr_line' id='line_1_6' title="bbox 559 1359 1918 1447; baseline -0.004 -20"><span class='ocrx_word' id='word_1_52' title='bbox 559 1364 592 1427; x_wconf 93' lang='lat' dir='ltr'>in</span> <span class='ocrx_word' id='word_1_53' title='bbox 608 1362 759 1447; x_wconf 91' lang='lat' dir='ltr'><strong>parroch.</strong></span> <span class='ocrx_word' id='word_1_54' title='bbox 772 1361 813 1427; x_wconf 92' lang='lat' dir='ltr'>de</span> <span class='ocrx_word' id='word_1_55' title='bbox 829 1360 928 1446; x_wconf 88' lang='lat' dir='ltr'><strong>Oley,</strong></span> <span class='ocrx_word' id='word_1_56' title='bbox 951 1360 1111 1427; x_wconf 92' lang='lat' dir='ltr'>Leodien.</span> <span class='ocrx_word' id='word_1_57' title='bbox 1127 1360 1227 1442; x_wconf 87' lang='lat' dir='ltr'>dioc,</span> <span class='ocrx_word' id='word_1_58' title='bbox 1252 1361 1400 1426; x_wconf 90' lang='lat' dir='ltr'>ecclesiis</span> <span class='ocrx_word' id='word_1_59' title='bbox 1415 1361 1515 1427; x_wconf 92' lang='lat' dir='ltr'><strong>aliam</strong></span> <span class='ocrx_word' id='word_1_60' title='bbox 1534 1382 1628 1447; x_wconf 88' lang='lat' dir='ltr'><strong>perp.</strong></span> <span class='ocrx_word' id='word_1_61' title='bbox 1653 1360 1784 1446; x_wconf 84' lang='lat' dir='ltr'><strong>capell,</strong></span> <span class='ocrx_word' id='word_1_62' title='bbox 1813 1359 1918 1425; x_wconf 91' lang='lat' dir='ltr'>nosci·</span> 
     </span>
     <span class='ocr_line' id='line_1_7' title="bbox 560 1463 997 1532; baseline -0.005 0"><span class='ocrx_word' id='word_1_63' title='bbox 560 1475 613 1532; x_wconf 88' lang='lat' dir='ltr'>tur</span> <span class='ocrx_word' id='word_1_64' title='bbox 630 1466 791 1531; x_wconf 90' lang='lat' dir='ltr'>obtinere.</span> <span class='ocrx_word' id='word_1_65' title='bbox 806 1505 844 1514; x_wconf 93' lang='lat'><em>-</em></span> <span class='ocrx_word' id='word_1_66' title='bbox 862 1463 939 1529; x_wconf 90' lang='lat' dir='ltr'>Fiat</span> <span class='ocrx_word' id='word_1_67' title='bbox 956 1465 997 1530; x_wconf 89' lang='lat' dir='ltr'>R.</span> 
     </span>
    </p>
   </div>
   <div class='ocr_carea' id='block_1_3' title="bbox 560 1598 1923 2310">
    <p class='ocr_par' dir='ltr' id='par_1_3' title="bbox 560 1598 1923 2310">
     <span class='ocr_line' id='line_1_8' title="bbox 604 1598 1919 1690; baseline -0.007 -19"><span class='ocrx_word' id='word_1_68' title='bbox 604 1610 688 1671; x_wconf 90' lang='lat'><strong>806.</strong></span> <span class='ocrx_word' id='word_1_69' title='bbox 706 1602 794 1668; x_wconf 92' lang='lat' dir='ltr'>Item</span> <span class='ocrx_word' id='word_1_70' title='bbox 809 1624 904 1689; x_wconf 82' lang='lat' dir='ltr'>supp.</span> <span class='ocrx_word' id='word_1_71' title='bbox 921 1603 1010 1669; x_wconf 93' lang='lat' dir='ltr'>idem</span> <span class='ocrx_word' id='word_1_72' title='bbox 1028 1603 1193 1683; x_wconf 88' lang='lat' dir='ltr'><strong>Elbertus,</strong></span> <span class='ocrx_word' id='word_1_73' title='bbox 1212 1611 1302 1687; x_wconf 87' lang='lat' dir='ltr'><strong>quat.</strong></span> <span class='ocrx_word' id='word_1_74' title='bbox 1322 1603 1398 1690; x_wconf 88' lang='lat' dir='ltr'>[suo</span> <span class='ocrx_word' id='word_1_75' title='bbox 1424 1623 1507 1688; x_wconf 70' lang='lat' dir='ltr'><strong>cap„</strong></span> <span class='ocrx_word' id='word_1_76' title='bbox 1523 1601 1543 1680; x_wconf 92' lang='lat' dir='ltr'>J</span> <span class='ocrx_word' id='word_1_77' title='bbox 1546 1599 1688 1685; x_wconf 89' lang='lat' dir='ltr'>ohanni]</span> <span class='ocrx_word' id='word_1_78' title='bbox 1720 1598 1884 1665; x_wconf 92' lang='lat' dir='ltr'>Monachi</span> <span class='ocrx_word' id='word_1_79' title='bbox 1901 1608 1919 1677; x_wconf 86' lang='lat'>¹,</span> 
     </span>
     <span class='ocr_line' id='line_1_9' title="bbox 560 1704 1919 1793; baseline -0.006 -19"><span class='ocrx_word' id='word_1_80' title='bbox 560 1712 636 1774; x_wconf 90' lang='lat' dir='ltr'><strong>ben.</strong></span> <span class='ocrx_word' id='word_1_81' title='bbox 652 1709 734 1773; x_wconf 92' lang='lat' dir='ltr'>eccl.</span> <span class='ocrx_word' id='word_1_82' title='bbox 751 1728 779 1773; x_wconf 92' lang='lat' dir='ltr'>c.</span> <span class='ocrx_word' id='word_1_83' title='bbox 793 1727 821 1773; x_wconf 95' lang='lat' dir='ltr'>c.</span> <span class='ocrx_word' id='word_1_84' title='bbox 837 1708 891 1772; x_wconf 91' lang='lat' dir='ltr'><strong>vel</strong></span> <span class='ocrx_word' id='word_1_85' title='bbox 907 1729 932 1772; x_wconf 90' lang='lat' dir='ltr'>s.</span> <span class='ocrx_word' id='word_1_86' title='bbox 949 1728 988 1788; x_wconf 91' lang='lat' dir='ltr'>c.,</span> <span class='ocrx_word' id='word_1_87' title='bbox 1015 1716 1174 1793; x_wconf 91' lang='lat' dir='ltr'>spectans</span> <span class='ocrx_word' id='word_1_88' title='bbox 1197 1708 1420 1773; x_wconf 88' lang='lat' dir='ltr'>communiter</span> <span class='ocrx_word' id='word_1_89' title='bbox 1435 1708 1489 1771; x_wconf 91' lang='lat' dir='ltr'><strong>vel</strong></span> <span class='ocrx_word' id='word_1_90' title='bbox 1504 1705 1637 1772; x_wconf 89' lang='lat' dir='ltr'>divisim</span> <span class='ocrx_word' id='word_1_91' title='bbox 1652 1704 1695 1769; x_wconf 92' lang='lat' dir='ltr'>ad</span> <span class='ocrx_word' id='word_1_92' title='bbox 1710 1705 1787 1769; x_wconf 82' lang='lat' dir='ltr'><strong>coll.</strong></span> <span class='ocrx_word' id='word_1_93' title='bbox 1803 1723 1919 1788; x_wconf 88' lang='lat' dir='ltr'><strong>prepo-</strong></span> 
     </span>
     <span class='ocr_line' id='line_1_10' title="bbox 560 1805 1919 1897; baseline -0.007 -19"><span class='ocrx_word' id='word_1_94' title='bbox 560 1813 624 1890; x_wconf 84' lang='lat' dir='ltr'>siti,</span> <span class='ocrx_word' id='word_1_95' title='bbox 641 1812 758 1878; x_wconf 91' lang='lat' dir='ltr'>decani</span> <span class='ocrx_word' id='word_1_96' title='bbox 774 1820 809 1877; x_wconf 91' lang='lat' dir='ltr'>et</span> <span class='ocrx_word' id='word_1_97' title='bbox 824 1831 899 1897; x_wconf 91' lang='lat' dir='ltr'><strong>cap.</strong></span> <span class='ocrx_word' id='word_1_98' title='bbox 911 1811 994 1877; x_wconf 90' lang='lat' dir='ltr'>eccl.</span> <span class='ocrx_word' id='word_1_99' title='bbox 1018 1811 1191 1892; x_wconf 85' lang='lat' dir='ltr'>Leodien.,</span> <span class='ocrx_word' id='word_1_100' title='bbox 1207 1811 1241 1875; x_wconf 92' lang='lat' dir='ltr'>in</span> <span class='ocrx_word' id='word_1_101' title='bbox 1262 1810 1354 1877; x_wconf 92' lang='lat' dir='ltr'>dicta</span> <span class='ocrx_word' id='word_1_102' title='bbox 1376 1811 1469 1890; x_wconf 67' lang='lat' dir='ltr'>eccl„</span> <span class='ocrx_word' id='word_1_103' title='bbox 1494 1810 1558 1876; x_wconf 88' lang='lat' dir='ltr'>civ.</span> <span class='ocrx_word' id='word_1_104' title='bbox 1575 1811 1630 1874; x_wconf 88' lang='lat' dir='ltr'><strong>vel</strong></span> <span class='ocrx_word' id='word_1_105' title='bbox 1646 1808 1733 1874; x_wconf 91' lang='lat' dir='ltr'>dioc.</span> <span class='ocrx_word' id='word_1_106' title='bbox 1750 1805 1919 1885; x_wconf 90' lang='lat' dir='ltr'>Leodien.,</span> 
     </span>
     <span class='ocr_line' id='line_1_11' title="bbox 564 1909 1921 2001; baseline -0.004 -24"><span class='ocrx_word' id='word_1_107' title='bbox 564 1915 653 2001; x_wconf 86' lang='lat' dir='ltr'><strong>[vac.</strong></span> <span class='ocrx_word' id='word_1_108' title='bbox 669 1915 713 1980; x_wconf 84' lang='lat' dir='ltr'>ad</span> <span class='ocrx_word' id='word_1_109' title='bbox 727 1935 863 2000; x_wconf 88' lang='lat' dir='ltr'>presens</span> <span class='ocrx_word' id='word_1_110' title='bbox 877 1915 932 1980; x_wconf 89' lang='lat' dir='ltr'><strong>vel</strong></span> <span class='ocrx_word' id='word_1_111' title='bbox 947 1914 1089 2001; x_wconf 85' lang='lat' dir='ltr'><strong>vacat.],</strong></span> <span class='ocrx_word' id='word_1_112' title='bbox 1105 1915 1345 1981; x_wconf 83' lang='lat' dir='ltr'>conferendum</span> <span class='ocrx_word' id='word_1_113' title='bbox 1361 1914 1481 1996; x_wconf 85' lang='lat' dir='ltr'>eidem,</span> <span class='ocrx_word' id='word_1_114' title='bbox 1496 1912 1671 1979; x_wconf 91' lang='lat' dir='ltr'>donationi</span> <span class='ocrx_word' id='word_1_115' title='bbox 1689 1918 1797 1996; x_wconf 84' lang='lat' dir='ltr'>apost.</span> <span class='ocrx_word' id='word_1_116' title='bbox 1808 1909 1921 1994; x_wconf 90' lang='lat' dir='ltr'>digne·</span> 
     </span>
     <span class='ocr_line' id='line_1_12' title="bbox 560 2015 1921 2103; baseline -0.004 -20"><span class='ocrx_word' id='word_1_117' title='bbox 560 2020 641 2083; x_wconf 91' lang='lat' dir='ltr'>mini</span> <span class='ocrx_word' id='word_1_118' title='bbox 657 2039 825 2083; x_wconf 85' lang='lat' dir='ltr'><strong>reservare</strong></span> <span class='ocrx_word' id='word_1_119' title='bbox 839 2041 847 2098; x_wconf 76' lang='lat'><em>3</em></span> <span class='ocrx_word' id='word_1_120' title='bbox 863 2039 931 2084; x_wconf 93' lang='lat' dir='ltr'>non</span> <span class='ocrx_word' id='word_1_121' title='bbox 948 2021 1034 2084; x_wconf 90' lang='lat' dir='ltr'>obst.</span> <span class='ocrx_word' id='word_1_122' title='bbox 1047 2018 1179 2103; x_wconf 88' lang='lat' dir='ltr'>quodin</span> <span class='ocrx_word' id='word_1_123' title='bbox 1194 2019 1392 2100; x_wconf 89' lang='lat' dir='ltr'>Florinensi,</span> <span class='ocrx_word' id='word_1_124' title='bbox 1403 2017 1563 2084; x_wconf 85' lang='lat' dir='ltr'>Leodien.</span> <span class='ocrx_word' id='word_1_125' title='bbox 1576 2017 1674 2098; x_wconf 86' lang='lat' dir='ltr'>dioc,</span> <span class='ocrx_word' id='word_1_126' title='bbox 1684 2036 1759 2081; x_wconf 92' lang='lat' dir='ltr'><strong>can.</strong></span> <span class='ocrx_word' id='word_1_127' title='bbox 1769 2022 1805 2079; x_wconf 91' lang='lat' dir='ltr'>et</span> <span class='ocrx_word' id='word_1_128' title='bbox 1821 2015 1921 2099; x_wconf 76' lang='lat' dir='ltr'><strong>preb..</strong></span> 
     </span>
     <span class='ocr_line' id='line_1_13' title="bbox 562 2117 1923 2209; baseline -0.005 -22"><span class='ocrx_word' id='word_1_129' title='bbox 562 2123 646 2187; x_wconf 89' lang='lat' dir='ltr'>etin</span> <span class='ocrx_word' id='word_1_130' title='bbox 662 2121 693 2186; x_wconf 91' lang='lat' dir='ltr'>S.</span> <span class='ocrx_word' id='word_1_131' title='bbox 713 2121 805 2186; x_wconf 92' lang='lat' dir='ltr'><strong>Pauli</strong></span> <span class='ocrx_word' id='word_1_132' title='bbox 822 2121 983 2188; x_wconf 88' lang='lat' dir='ltr'>Leodien.</span> <span class='ocrx_word' id='word_1_133' title='bbox 999 2123 1148 2189; x_wconf 89' lang='lat' dir='ltr'>ecclesiis</span> <span class='ocrx_word' id='word_1_134' title='bbox 1165 2143 1259 2208; x_wconf 89' lang='lat' dir='ltr'><strong>perp.</strong></span> <span class='ocrx_word' id='word_1_135' title='bbox 1276 2123 1395 2209; x_wconf 84' lang='lat' dir='ltr'><strong>capell.</strong></span> <span class='ocrx_word' id='word_1_136' title='bbox 1411 2122 1523 2189; x_wconf 87' lang='lat' dir='ltr'><strong>altaris</strong></span> <span class='ocrx_word' id='word_1_137' title='bbox 1539 2121 1570 2186; x_wconf 94' lang='lat' dir='ltr'>S.</span> <span class='ocrx_word' id='word_1_138' title='bbox 1587 2119 1761 2186; x_wconf 91' lang='lat' dir='ltr'>Gertrudis</span> <span class='ocrx_word' id='word_1_139' title='bbox 1774 2117 1923 2184; x_wconf 87' lang='lat' dir='ltr'>noscitur</span> 
     </span>
     <span class='ocr_line' id='line_1_14' title="bbox 563 2223 1673 2310; baseline -0.003 -20"><span class='ocrx_word' id='word_1_140' title='bbox 563 2226 725 2290; x_wconf 90' lang='lat' dir='ltr'>obtinere.</span> <span class='ocrx_word' id='word_1_141' title='bbox 740 2265 783 2274; x_wconf 93' lang='lat'>—</span> <span class='ocrx_word' id='word_1_142' title='bbox 800 2223 878 2290; x_wconf 89' lang='lat' dir='ltr'>Fiat</span> <span class='ocrx_word' id='word_1_143' title='bbox 893 2246 1000 2310; x_wconf 88' lang='lat' dir='ltr'>usque</span> <span class='ocrx_word' id='word_1_144' title='bbox 1015 2226 1057 2291; x_wconf 92' lang='lat' dir='ltr'>ad</span> <span class='ocrx_word' id='word_1_145' title='bbox 1072 2246 1238 2292; x_wconf 89' lang='lat' dir='ltr'>summam</span> <span class='ocrx_word' id='word_1_146' title='bbox 1258 2230 1298 2292; x_wconf 90' lang='lat'>60</span> <span class='ocrx_word' id='word_1_147' title='bbox 1314 2227 1370 2293; x_wconf 92' lang='lat' dir='ltr'>lib.</span> <span class='ocrx_word' id='word_1_148' title='bbox 1387 2246 1415 2292; x_wconf 92' lang='lat' dir='ltr'>c.</span> <span class='ocrx_word' id='word_1_149' title='bbox 1432 2247 1472 2307; x_wconf 89' lang='lat' dir='ltr'>c.,</span> <span class='ocrx_word' id='word_1_150' title='bbox 1489 2245 1531 2310; x_wconf 91' lang='lat'>40</span> <span class='ocrx_word' id='word_1_151' title='bbox 1544 2245 1569 2290; x_wconf 90' lang='lat' dir='ltr'>s.</span> <span class='ocrx_word' id='word_1_152' title='bbox 1586 2244 1615 2290; x_wconf 92' lang='lat' dir='ltr'>c.</span> <span class='ocrx_word' id='word_1_153' title='bbox 1633 2223 1673 2287; x_wconf 92' lang='lat' dir='ltr'>R.</span> 
     </span>
    </p>
   </div>
   <div class='ocr_carea' id='block_1_4' title="bbox 563 2356 1922 2760">
    <p class='ocr_par' dir='ltr' id='par_1_4' title="bbox 563 2356 1922 2656">
     <span class='ocr_line' id='line_1_15' title="bbox 606 2356 1921 2449; baseline -0.005 -22"><span class='ocrx_word' id='word_1_154' title='bbox 606 2369 688 2428; x_wconf 90' lang='grc'>807.</span> <span class='ocrx_word' id='word_1_155' title='bbox 707 2360 795 2427; x_wconf 89' lang='lat' dir='ltr'>Item</span> <span class='ocrx_word' id='word_1_156' title='bbox 810 2384 905 2449; x_wconf 89' lang='lat' dir='ltr'><strong>supp.</strong></span> <span class='ocrx_word' id='word_1_157' title='bbox 918 2362 1007 2427; x_wconf 91' lang='lat' dir='ltr'>idem</span> <span class='ocrx_word' id='word_1_158' title='bbox 1024 2362 1189 2443; x_wconf 87' lang='lat' dir='ltr'><strong>Elbertus,</strong></span> <span class='ocrx_word' id='word_1_159' title='bbox 1200 2371 1290 2447; x_wconf 89' lang='lat' dir='ltr'><strong>quat.</strong></span> <span class='ocrx_word' id='word_1_160' title='bbox 1312 2362 1389 2448; x_wconf 90' lang='lat' dir='ltr'>[suo</span> <span class='ocrx_word' id='word_1_161' title='bbox 1404 2363 1493 2443; x_wconf 72' lang='lat' dir='ltr'><strong>cler..</strong></span> <span class='ocrx_word' id='word_1_162' title='bbox 1508 2360 1668 2445; x_wconf 89' lang='lat' dir='ltr'>Adulpho</span> <span class='ocrx_word' id='word_1_163' title='bbox 1683 2356 1793 2444; x_wconf 89' lang='lat' dir='ltr'>dicto]</span> <span class='ocrx_word' id='word_1_164' title='bbox 1810 2357 1921 2422; x_wconf 90' lang='lat' dir='ltr'><strong>Diele·</strong></span> 
     </span>
     <span class='ocr_line' id='line_1_16' title="bbox 563 2460 1922 2552; baseline -0.002 -25"><span class='ocrx_word' id='word_1_165' title='bbox 563 2474 658 2545; x_wconf 82' lang='lat' dir='ltr'><strong>wart,</strong></span> <span class='ocrx_word' id='word_1_166' title='bbox 682 2465 725 2531; x_wconf 89' lang='lat' dir='ltr'>de</span> <span class='ocrx_word' id='word_1_167' title='bbox 752 2487 825 2532; x_wconf 82' lang='lat' dir='ltr'><strong>can.</strong></span> <span class='ocrx_word' id='word_1_168' title='bbox 841 2476 876 2531; x_wconf 91' lang='lat' dir='ltr'>et</span> <span class='ocrx_word' id='word_1_169' title='bbox 890 2470 984 2552; x_wconf 90' lang='lat' dir='ltr'><strong>preb.</strong></span> <span class='ocrx_word' id='word_1_170' title='bbox 1000 2487 1075 2531; x_wconf 92' lang='lat' dir='ltr'><strong>vac.</strong></span> <span class='ocrx_word' id='word_1_171' title='bbox 1091 2468 1144 2530; x_wconf 90' lang='lat' dir='ltr'><strong>vel</strong></span> <span class='ocrx_word' id='word_1_172' title='bbox 1160 2475 1271 2532; x_wconf 86' lang='lat' dir='ltr'><strong>vacat.</strong></span> <span class='ocrx_word' id='word_1_173' title='bbox 1287 2466 1322 2530; x_wconf 94' lang='lat' dir='ltr'>in</span> <span class='ocrx_word' id='word_1_174' title='bbox 1338 2467 1419 2531; x_wconf 94' lang='lat' dir='ltr'>eccl.</span> <span class='ocrx_word' id='word_1_175' title='bbox 1437 2464 1475 2531; x_wconf 92' lang='lat' dir='ltr'>B.</span> <span class='ocrx_word' id='word_1_176' title='bbox 1494 2463 1543 2531; x_wconf 85' lang='lat' dir='ltr'>M.</span> <span class='ocrx_word' id='word_1_177' title='bbox 1560 2461 1743 2549; x_wconf 89' lang='lat' dir='ltr'>Hoyensis,</span> <span class='ocrx_word' id='word_1_178' title='bbox 1761 2460 1922 2526; x_wconf 89' lang='lat' dir='ltr'>Leodien.</span> 
     </span>
     <span class='ocr_line' id='line_1_17' title="bbox 563 2568 1273 2656; baseline 0.001 -23"><span class='ocrx_word' id='word_1_179' title='bbox 563 2568 661 2648; x_wconf 69' lang='lat' dir='ltr'>dioc„</span> <span class='ocrx_word' id='word_1_180' title='bbox 672 2569 853 2654; x_wconf 86' lang='lat' dir='ltr'>dignemini</span> <span class='ocrx_word' id='word_1_181' title='bbox 869 2569 1055 2656; x_wconf 90' lang='lat' dir='ltr'>providere.</span> <span class='ocrx_word' id='word_1_182' title='bbox 1071 2609 1114 2619; x_wconf 96' lang='lat'>—</span> <span class='ocrx_word' id='word_1_183' title='bbox 1131 2568 1206 2634; x_wconf 90' lang='lat' dir='ltr'>Fiat</span> <span class='ocrx_word' id='word_1_184' title='bbox 1232 2569 1273 2635; x_wconf 83' lang='lat' dir='ltr'>R.</span> 
     </span>
    </p>

    <p class='ocr_par' dir='ltr' id='par_1_5' title="bbox 608 2672 1547 2760">
     <span class='ocr_line' id='line_1_18' title="bbox 608 2672 1547 2760; baseline 0 -23"><span class='ocrx_word' id='word_1_185' title='bbox 608 2673 687 2739; x_wconf 87' lang='lat' dir='ltr'><strong>Dat.</strong></span> <span class='ocrx_word' id='word_1_186' title='bbox 704 2695 758 2760; x_wconf 94' lang='lat' dir='ltr'><strong>ap.</strong></span> <span class='ocrx_word' id='word_1_187' title='bbox 775 2672 1024 2739; x_wconf 87' lang='lat' dir='ltr'>Villamnovam</span> <span class='ocrx_word' id='word_1_188' title='bbox 1041 2697 1060 2757; x_wconf 91' lang='lat'>4</span> <span class='ocrx_word' id='word_1_189' title='bbox 1076 2693 1156 2739; x_wconf 93' lang='lat' dir='ltr'>non.</span> <span class='ocrx_word' id='word_1_190' title='bbox 1173 2682 1271 2738; x_wconf 88' lang='lat' dir='ltr'><strong>mart.</strong></span> <span class='ocrx_word' id='word_1_191' title='bbox 1288 2679 1322 2738; x_wconf 87' lang='lat' dir='ltr'><strong>a⁰</strong></span> <span class='ocrx_word' id='word_1_192' title='bbox 1339 2679 1381 2757; x_wconf 85' lang='lat'>3⁰.</span> <span class='ocrx_word' id='word_1_193' title='bbox 1398 2674 1447 2757; x_wconf 83' lang='lat'>(6,</span> <span class='ocrx_word' id='word_1_194' title='bbox 1466 2673 1547 2757; x_wconf 59' lang='lat' dir='ltr'><strong>59V).</strong></span> 
     </span>
    </p>
   </div>
   <div class='ocr_carea' id='block_1_5' title="bbox 607 2809 1924 3014">
    <p class='ocr_par' dir='ltr' id='par_1_6' title="bbox 607 2809 1924 3014">
     <span class='ocr_line' id='line_1_19' title="bbox 615 2809 1884 2907; baseline -0.004 -16"><span class='ocrx_word' id='word_1_195' title='bbox 615 2809 867 2892; x_wconf 85' lang='grc'>808-810.</span> <span class='ocrx_word' id='word_1_196' title='bbox 1212 2878 1216 2885; x_wconf 97' lang='grc'>.</span> <span class='ocrx_word' id='word_1_197' title='bbox 1632 2842 1760 2907; x_wconf 76' lang='lat'><em>1345,4</em></span> <span class='ocrx_word' id='word_1_198' title='bbox 1778 2843 1884 2887; x_wconf 77' lang='lat' dir='ltr'><strong>marc.</strong></span> 
     </span>
     <span class='ocr_line' id='line_1_20' title="bbox 607 2924 1924 3014; baseline -0.002 -23"><span class='ocrx_word' id='word_1_199' title='bbox 607 2927 708 3012; x_wconf 91' lang='lat' dir='ltr'><strong>Supp.</strong></span> <span class='ocrx_word' id='word_1_200' title='bbox 734 2925 955 3012; x_wconf 89' lang='lat' dir='ltr'>Engelbertus</span> <span class='ocrx_word' id='word_1_201' title='bbox 979 2926 1021 2991; x_wconf 92' lang='lat' dir='ltr'>de</span> <span class='ocrx_word' id='word_1_202' title='bbox 1050 2924 1204 3007; x_wconf 86' lang='lat' dir='ltr'><strong>Marcha,</strong></span> <span class='ocrx_word' id='word_1_203' title='bbox 1229 2927 1325 2993; x_wconf 87' lang='lat' dir='ltr'>miles</span> <span class='ocrx_word' id='word_1_204' title='bbox 1349 2936 1385 2993; x_wconf 89' lang='lat' dir='ltr'>et</span> <span class='ocrx_word' id='word_1_205' title='bbox 1417 2937 1555 3014; x_wconf 91' lang='lat' dir='ltr'><strong>patruus</strong></span> <span class='ocrx_word' id='word_1_206' title='bbox 1589 2925 1793 3012; x_wconf 88' lang='lat' dir='ltr'>Engelberti,</span> <span class='ocrx_word' id='word_1_207' title='bbox 1825 2924 1924 2991; x_wconf 88' lang='lat' dir='ltr'>electi</span> 
     </span>
    </p>
   </div>
   <div class='ocr_carea' id='block_1_6' title="bbox 563 3028 1929 3634">
    <p class='ocr_par' dir='ltr' id='par_1_7' title="bbox 563 3028 1929 3634">
     <span class='ocr_line' id='line_1_21' title="bbox 564 3028 1925 3117; baseline -0.002 -21"><span class='ocrx_word' id='word_1_208' title='bbox 564 3031 735 3112; x_wconf 84' lang='lat' dir='ltr'>Leodien.,</span> <span class='ocrx_word' id='word_1_209' title='bbox 752 3039 842 3116; x_wconf 88' lang='lat' dir='ltr'><strong>quat.</strong></span> <span class='ocrx_word' id='word_1_210' title='bbox 858 3030 877 3108; x_wconf 94' lang='lat' dir='ltr'><strong>J</strong></span> <span class='ocrx_word' id='word_1_211' title='bbox 881 3030 1006 3105; x_wconf 91' lang='lat' dir='ltr'>ohanni</span> <span class='ocrx_word' id='word_1_212' title='bbox 1022 3030 1065 3095; x_wconf 90' lang='lat' dir='ltr'>de</span> <span class='ocrx_word' id='word_1_213' title='bbox 1081 3030 1246 3112; x_wconf 89' lang='lat' dir='ltr'><strong>Dourbes,</strong></span> <span class='ocrx_word' id='word_1_214' title='bbox 1262 3035 1371 3117; x_wconf 89' lang='lat' dir='ltr'><strong>presb.</strong></span> <span class='ocrx_word' id='word_1_215' title='bbox 1396 3031 1557 3098; x_wconf 90' lang='lat' dir='ltr'>Leodien.</span> <span class='ocrx_word' id='word_1_216' title='bbox 1580 3031 1678 3111; x_wconf 70' lang='lat' dir='ltr'>dioc..</span> <span class='ocrx_word' id='word_1_217' title='bbox 1695 3050 1768 3115; x_wconf 88' lang='lat' dir='ltr'><strong>cap.</strong></span> <span class='ocrx_word' id='word_1_218' title='bbox 1797 3049 1868 3109; x_wconf 91' lang='lat' dir='ltr'>su0,</span> <span class='ocrx_word' id='word_1_219' title='bbox 1884 3028 1925 3094; x_wconf 91' lang='lat' dir='ltr'>de</span> 
     </span>
     <span class='ocr_line' id='line_1_22' title="bbox 563 3135 1927 3219; baseline -0.001 -20"><span class='ocrx_word' id='word_1_220' title='bbox 563 3138 640 3200; x_wconf 91' lang='lat' dir='ltr'><strong>ben.</strong></span> <span class='ocrx_word' id='word_1_221' title='bbox 657 3136 739 3201; x_wconf 90' lang='lat' dir='ltr'>eccl.</span> <span class='ocrx_word' id='word_1_222' title='bbox 755 3156 784 3200; x_wconf 82' lang='lat' dir='ltr'>c.</span> <span class='ocrx_word' id='word_1_223' title='bbox 800 3154 829 3200; x_wconf 93' lang='lat' dir='ltr'>c.</span> <span class='ocrx_word' id='word_1_224' title='bbox 844 3136 899 3198; x_wconf 91' lang='lat' dir='ltr'><strong>vel</strong></span> <span class='ocrx_word' id='word_1_225' title='bbox 915 3156 941 3200; x_wconf 82' lang='lat' dir='ltr'>s.</span> <span class='ocrx_word' id='word_1_226' title='bbox 957 3154 986 3199; x_wconf 92' lang='lat' dir='ltr'>c.</span> <span class='ocrx_word' id='word_1_227' title='bbox 1003 3143 1180 3219; x_wconf 82' lang='lat' dir='ltr'>spectante</span> <span class='ocrx_word' id='word_1_228' title='bbox 1198 3135 1421 3200; x_wconf 90' lang='lat' dir='ltr'>communiter</span> <span class='ocrx_word' id='word_1_229' title='bbox 1436 3137 1491 3201; x_wconf 89' lang='lat' dir='ltr'><strong>vel</strong></span> <span class='ocrx_word' id='word_1_230' title='bbox 1503 3135 1640 3201; x_wconf 91' lang='lat' dir='ltr'>divisim</span> <span class='ocrx_word' id='word_1_231' title='bbox 1656 3135 1699 3200; x_wconf 92' lang='lat' dir='ltr'>ad</span> <span class='ocrx_word' id='word_1_232' title='bbox 1714 3135 1833 3200; x_wconf 83' lang='lat' dir='ltr'><strong>coll...</strong></span> <span class='ocrx_word' id='word_1_233' title='bbox 1853 3136 1927 3199; x_wconf 91' lang='lat' dir='ltr'><strong>abb.</strong></span> 
     </span>
     <span class='ocr_line' id='line_1_23' title="bbox 564 3236 1925 3319; baseline -0.001 -17"><span class='ocrx_word' id='word_1_234' title='bbox 564 3247 598 3303; x_wconf 92' lang='lat' dir='ltr'>et</span> <span class='ocrx_word' id='word_1_235' title='bbox 614 3260 712 3303; x_wconf 83' lang='lat' dir='ltr'>conv.</span> <span class='ocrx_word' id='word_1_236' title='bbox 728 3236 919 3304; x_wconf 91' lang='lat' dir='ltr'>monasterii</span> <span class='ocrx_word' id='word_1_237' title='bbox 943 3237 974 3302; x_wconf 94' lang='lat' dir='ltr'>S.</span> <span class='ocrx_word' id='word_1_238' title='bbox 992 3236 1080 3301; x_wconf 89' lang='lat' dir='ltr'>Petri</span> <span class='ocrx_word' id='word_1_239' title='bbox 1107 3237 1294 3319; x_wconf 86' lang='lat' dir='ltr'>Lobiensis,</span> <span class='ocrx_word' id='word_1_240' title='bbox 1322 3237 1363 3303; x_wconf 94' lang='lat' dir='ltr'>O.</span> <span class='ocrx_word' id='word_1_241' title='bbox 1386 3239 1418 3303; x_wconf 89' lang='lat' dir='ltr'>S.</span> <span class='ocrx_word' id='word_1_242' title='bbox 1435 3238 1483 3319; x_wconf 89' lang='grc' dir='ltr'>Β.,</span> <span class='ocrx_word' id='word_1_243' title='bbox 1503 3238 1718 3304; x_wconf 89' lang='lat' dir='ltr'><strong>Cameracen.</strong></span> <span class='ocrx_word' id='word_1_244' title='bbox 1735 3238 1834 3319; x_wconf 80' lang='lat' dir='ltr'>dioc,</span> <span class='ocrx_word' id='word_1_245' title='bbox 1854 3257 1925 3302; x_wconf 80' lang='lat' dir='ltr'><strong>vac.</strong></span> 
     </span>
     <span class='ocr_line' id='line_1_24' title="bbox 565 3340 1929 3434; baseline -0.001 -29"><span class='ocrx_word' id='word_1_246' title='bbox 565 3343 617 3405; x_wconf 92' lang='lat' dir='ltr'><strong>vel</strong></span> <span class='ocrx_word' id='word_1_247' title='bbox 634 3349 754 3420; x_wconf 65' lang='lat' dir='ltr'><strong>vacat„</strong></span> <span class='ocrx_word' id='word_1_248' title='bbox 778 3362 882 3425; x_wconf 89' lang='lat' dir='ltr'>usque</span> <span class='ocrx_word' id='word_1_249' title='bbox 905 3340 948 3405; x_wconf 88' lang='lat' dir='ltr'>ad</span> <span class='ocrx_word' id='word_1_250' title='bbox 963 3361 1129 3405; x_wconf 91' lang='lat' dir='ltr'>summam</span> <span class='ocrx_word' id='word_1_251' title='bbox 1156 3345 1196 3406; x_wconf 92' lang='lat'>60</span> <span class='ocrx_word' id='word_1_252' title='bbox 1225 3361 1254 3406; x_wconf 89' lang='lat' dir='ltr'>c.</span> <span class='ocrx_word' id='word_1_253' title='bbox 1270 3362 1310 3422; x_wconf 86' lang='lat' dir='ltr'>c.,</span> <span class='ocrx_word' id='word_1_254' title='bbox 1326 3362 1368 3434; x_wconf 75' lang='lat'>49</span> <span class='ocrx_word' id='word_1_255' title='bbox 1384 3363 1409 3407; x_wconf 86' lang='lat' dir='ltr'>s</span> <span class='ocrx_word' id='word_1_256' title='bbox 1426 3362 1455 3407; x_wconf 82' lang='lat' dir='ltr'>c.</span> <span class='ocrx_word' id='word_1_257' title='bbox 1477 3342 1533 3407; x_wconf 91' lang='lat' dir='ltr'>lib.</span> <span class='ocrx_word' id='word_1_258' title='bbox 1553 3340 1633 3407; x_wconf 89' lang='lat' dir='ltr'><strong>Tur.</strong></span> <span class='ocrx_word' id='word_1_259' title='bbox 1648 3361 1752 3427; x_wconf 66' lang='lat' dir='ltr'><strong>parv„</strong></span> <span class='ocrx_word' id='word_1_260' title='bbox 1770 3362 1840 3407; x_wconf 91' lang='lat' dir='ltr'>sec.</span> <span class='ocrx_word' id='word_1_261' title='bbox 1862 3348 1929 3406; x_wconf 87' lang='lat' dir='ltr'><strong>tax.</strong></span> 
     </span>
     <span class='ocr_line' id='line_1_25' title="bbox 564 3443 1928 3529; baseline -0.001 -20"><span class='ocrx_word' id='word_1_262' title='bbox 564 3444 704 3525; x_wconf 86' lang='lat' dir='ltr'>decime,</span> <span class='ocrx_word' id='word_1_263' title='bbox 720 3444 901 3529; x_wconf 86' lang='lat' dir='ltr'>dignemini</span> <span class='ocrx_word' id='word_1_264' title='bbox 917 3443 1094 3529; x_wconf 86' lang='lat' dir='ltr'>providere</span> <span class='ocrx_word' id='word_1_265' title='bbox 1103 3467 1111 3523; x_wconf 92' lang='lat'>;</span> <span class='ocrx_word' id='word_1_266' title='bbox 1125 3465 1194 3509; x_wconf 92' lang='lat' dir='ltr'>non</span> <span class='ocrx_word' id='word_1_267' title='bbox 1206 3447 1292 3510; x_wconf 83' lang='lat' dir='ltr'>obst.</span> <span class='ocrx_word' id='word_1_268' title='bbox 1302 3445 1393 3529; x_wconf 93' lang='lat' dir='ltr'>quod</span> <span class='ocrx_word' id='word_1_269' title='bbox 1409 3446 1442 3510; x_wconf 96' lang='lat' dir='ltr'>in</span> <span class='ocrx_word' id='word_1_270' title='bbox 1453 3454 1563 3511; x_wconf 89' lang='lat' dir='ltr'>castro</span> <span class='ocrx_word' id='word_1_271' title='bbox 1573 3443 1824 3522; x_wconf 86' lang='lat' dir='ltr'>Vallecuriensi,</span> <span class='ocrx_word' id='word_1_272' title='bbox 1838 3445 1928 3510; x_wconf 91' lang='lat' dir='ltr'>dicte</span> 
     </span>
     <span class='ocr_line' id='line_1_26' title="bbox 567 3547 1830 3634; baseline 0.001 -22"><span class='ocrx_word' id='word_1_273' title='bbox 567 3547 727 3613; x_wconf 90' lang='lat' dir='ltr'>Leodien.</span> <span class='ocrx_word' id='word_1_274' title='bbox 743 3548 840 3628; x_wconf 82' lang='lat' dir='ltr'>dioc,</span> <span class='ocrx_word' id='word_1_275' title='bbox 857 3547 1038 3632; x_wconf 86' lang='lat' dir='ltr'>quamdam</span> <span class='ocrx_word' id='word_1_276' title='bbox 1054 3567 1146 3634; x_wconf 90' lang='lat' dir='ltr'><strong>perp.</strong></span> <span class='ocrx_word' id='word_1_277' title='bbox 1164 3549 1284 3633; x_wconf 85' lang='lat' dir='ltr'><strong>capell.</strong></span> <span class='ocrx_word' id='word_1_278' title='bbox 1300 3550 1449 3615; x_wconf 88' lang='lat' dir='ltr'>noscitur</span> <span class='ocrx_word' id='word_1_279' title='bbox 1464 3549 1627 3614; x_wconf 89' lang='lat' dir='ltr'>obtinere.</span> <span class='ocrx_word' id='word_1_280' title='bbox 1638 3588 1679 3598; x_wconf 89' lang='lat'><em>-</em></span> <span class='ocrx_word' id='word_1_281' title='bbox 1696 3548 1771 3613; x_wconf 86' lang='lat' dir='ltr'>Fiat</span> <span class='ocrx_word' id='word_1_282' title='bbox 1789 3548 1830 3613; x_wconf 92' lang='lat' dir='ltr'>R.</span> 
     </span>
    </p>
   </div>
   <div class='ocr_carea' id='block_1_7' title="bbox 564 3683 1929 3982">
    <p class='ocr_par' dir='ltr' id='par_1_8' title="bbox 564 3683 1929 3982">
     <span class='ocr_line' id='line_1_27' title="bbox 609 3683 1927 3774; baseline -0.002 -21"><span class='ocrx_word' id='word_1_283' title='bbox 609 3693 691 3753; x_wconf 90' lang='lat'><strong>809.</strong></span> <span class='ocrx_word' id='word_1_284' title='bbox 718 3683 805 3750; x_wconf 92' lang='lat' dir='ltr'>Item</span> <span class='ocrx_word' id='word_1_285' title='bbox 821 3705 916 3770; x_wconf 91' lang='lat' dir='ltr'><strong>supp.</strong></span> <span class='ocrx_word' id='word_1_286' title='bbox 940 3693 1032 3769; x_wconf 92' lang='lat' dir='ltr'><strong>quat.</strong></span> <span class='ocrx_word' id='word_1_287' title='bbox 1054 3686 1203 3764; x_wconf 90' lang='lat' dir='ltr'>Johanni</span> <span class='ocrx_word' id='word_1_288' title='bbox 1231 3686 1412 3768; x_wconf 85' lang='lat' dir='ltr'>Fierlokin,</span> <span class='ocrx_word' id='word_1_289' title='bbox 1437 3692 1557 3773; x_wconf 73' lang='lat' dir='ltr'><strong>presb..</strong></span> <span class='ocrx_word' id='word_1_290' title='bbox 1573 3709 1646 3774; x_wconf 91' lang='lat' dir='ltr'><strong>cap.</strong></span> <span class='ocrx_word' id='word_1_291' title='bbox 1671 3707 1740 3766; x_wconf 85' lang='lat' dir='ltr'>suc,</span> <span class='ocrx_word' id='word_1_292' title='bbox 1766 3684 1927 3751; x_wconf 87' lang='lat' dir='ltr'>Leodien.</span> 
     </span>
     <span class='ocr_line' id='line_1_28' title="bbox 564 3789 1929 3874; baseline 0 -19"><span class='ocrx_word' id='word_1_293' title='bbox 564 3789 661 3868; x_wconf 76' lang='lat' dir='ltr'>dioc..</span> <span class='ocrx_word' id='word_1_294' title='bbox 678 3789 859 3874; x_wconf 92' lang='lat' dir='ltr'>dignemini</span> <span class='ocrx_word' id='word_1_295' title='bbox 876 3810 922 3874; x_wconf 91' lang='lat' dir='ltr'>gr.</span> <span class='ocrx_word' id='word_1_296' title='bbox 939 3789 1050 3856; x_wconf 83' lang='lat' dir='ltr'><strong>facere</strong></span> <span class='ocrx_word' id='word_1_297' title='bbox 1065 3790 1107 3855; x_wconf 90' lang='lat' dir='ltr'>de</span> <span class='ocrx_word' id='word_1_298' title='bbox 1123 3790 1222 3856; x_wconf 90' lang='lat' dir='ltr'>simili</span> <span class='ocrx_word' id='word_1_299' title='bbox 1247 3793 1324 3856; x_wconf 89' lang='lat' dir='ltr'><strong>ben.</strong></span> <span class='ocrx_word' id='word_1_300' title='bbox 1348 3791 1391 3857; x_wconf 93' lang='lat' dir='ltr'>ad</span> <span class='ocrx_word' id='word_1_301' title='bbox 1407 3795 1515 3859; x_wconf 69' lang='lat' dir='ltr'><strong>coll...</strong></span> <span class='ocrx_word' id='word_1_302' title='bbox 1538 3795 1613 3858; x_wconf 90' lang='lat' dir='ltr'><strong>abb.</strong></span> <span class='ocrx_word' id='word_1_303' title='bbox 1639 3800 1674 3858; x_wconf 89' lang='lat' dir='ltr'>et</span> <span class='ocrx_word' id='word_1_304' title='bbox 1697 3810 1796 3856; x_wconf 82' lang='lat' dir='ltr'>conv.</span> <span class='ocrx_word' id='word_1_305' title='bbox 1811 3810 1929 3855; x_wconf 92' lang='lat' dir='ltr'>mona-</span> 
     </span>
     <span class='ocr_line' id='line_1_29' title="bbox 564 3891 1929 3982; baseline 0.002 -24"><span class='ocrx_word' id='word_1_306' title='bbox 564 3894 654 3958; x_wconf 89' lang='lat' dir='ltr'>sterii</span> <span class='ocrx_word' id='word_1_307' title='bbox 672 3892 885 3973; x_wconf 78' lang='lat' dir='ltr'>FlorinensiS,</span> <span class='ocrx_word' id='word_1_308' title='bbox 904 3892 946 3958; x_wconf 94' lang='grc' dir='ltr'>Ο.</span> <span class='ocrx_word' id='word_1_309' title='bbox 963 3894 994 3959; x_wconf 90' lang='lat' dir='ltr'>S.</span> <span class='ocrx_word' id='word_1_310' title='bbox 1008 3892 1057 3974; x_wconf 91' lang='grc' dir='ltr'>Β.,</span> <span class='ocrx_word' id='word_1_311' title='bbox 1077 3894 1167 3961; x_wconf 88' lang='lat' dir='ltr'>dicte</span> <span class='ocrx_word' id='word_1_312' title='bbox 1182 3896 1280 3976; x_wconf 84' lang='lat' dir='ltr'>dioc,</span> <span class='ocrx_word' id='word_1_313' title='bbox 1297 3891 1481 3982; x_wconf 78' lang='lat' dir='ltr'>spectante,</span> <span class='ocrx_word' id='word_1_314' title='bbox 1497 3919 1565 3963; x_wconf 92' lang='lat' dir='ltr'>non</span> <span class='ocrx_word' id='word_1_315' title='bbox 1584 3900 1670 3964; x_wconf 91' lang='lat' dir='ltr'>obst.</span> <span class='ocrx_word' id='word_1_316' title='bbox 1689 3897 1780 3981; x_wconf 93' lang='lat' dir='ltr'>quod</span> <span class='ocrx_word' id='word_1_317' title='bbox 1796 3897 1829 3961; x_wconf 92' lang='lat' dir='ltr'>in</span> <span class='ocrx_word' id='word_1_318' title='bbox 1847 3897 1929 3962; x_wconf 89' lang='lat' dir='ltr'><strong>eccl.</strong></span> 
     </span>
    </p>
   </div>
   <div class='ocr_carea' id='block_1_8' title="bbox 564 3996 1932 4167">
    <p class='ocr_par' dir='ltr' id='par_1_9' title="bbox 564 3996 1932 4167">
     <span class='ocr_line' id='line_1_30' title="bbox 564 3996 1932 4085; baseline 0.003 -25"><span class='ocrx_word' id='word_1_319' title='bbox 564 3996 826 4077; x_wconf 89' lang='lat' dir='ltr'><strong>Wallecuriensi,</strong></span> <span class='ocrx_word' id='word_1_320' title='bbox 839 3997 987 4081; x_wconf 86' lang='lat' dir='ltr'>ejusdem</span> <span class='ocrx_word' id='word_1_321' title='bbox 999 3998 1281 4083; x_wconf 86' lang='lat' dir='ltr'>dioc.,quamdam</span> <span class='ocrx_word' id='word_1_322' title='bbox 1293 4020 1386 4085; x_wconf 90' lang='lat' dir='ltr'><strong>perp.</strong></span> <span class='ocrx_word' id='word_1_323' title='bbox 1397 4001 1516 4085; x_wconf 88' lang='lat' dir='ltr'><strong>capell.</strong></span> <span class='ocrx_word' id='word_1_324' title='bbox 1533 4001 1682 4066; x_wconf 92' lang='lat' dir='ltr'>noscitur</span> <span class='ocrx_word' id='word_1_325' title='bbox 1691 4001 1855 4080; x_wconf 86' lang='lat' dir='ltr'>obtinere,</span> <span class='ocrx_word' id='word_1_326' title='bbox 1867 4007 1932 4065; x_wconf 92' lang='lat' dir='ltr'>etc.</span> 
     </span>
     <span class='ocr_line' id='line_1_31' title="bbox 565 4100 767 4167; baseline 0.005 -2"><span class='ocrx_word' id='word_1_327' title='bbox 565 4142 608 4150; x_wconf 93' lang='lat'><strong>—</strong></span> <span class='ocrx_word' id='word_1_328' title='bbox 632 4100 710 4166; x_wconf 88' lang='lat' dir='ltr'>Fiat</span> <span class='ocrx_word' id='word_1_329' title='bbox 727 4102 767 4167; x_wconf 88' lang='lat' dir='ltr'>R.</span> 
     </span>
    </p>
   </div>
   <div class='ocr_carea' id='block_1_9' title="bbox 565 4238 1931 4636">
    <p class='ocr_par' dir='ltr' id='par_1_10' title="bbox 565 4238 1931 4636">
     <span class='ocr_line' id='line_1_32' title="bbox 610 4238 1931 4329; baseline 0.004 -25"><span class='ocrx_word' id='word_1_330' title='bbox 610 4245 691 4304; x_wconf 87' lang='lat'><strong>810.</strong></span> <span class='ocrx_word' id='word_1_331' title='bbox 704 4239 790 4304; x_wconf 91' lang='lat' dir='ltr'>Item</span> <span class='ocrx_word' id='word_1_332' title='bbox 806 4260 901 4326; x_wconf 89' lang='lat' dir='ltr'><strong>supp.</strong></span> <span class='ocrx_word' id='word_1_333' title='bbox 918 4248 1011 4324; x_wconf 90' lang='lat' dir='ltr'><strong>quat.</strong></span> <span class='ocrx_word' id='word_1_334' title='bbox 1029 4238 1176 4317; x_wconf 91' lang='lat' dir='ltr'>Johanni</span> <span class='ocrx_word' id='word_1_335' title='bbox 1203 4240 1296 4306; x_wconf 93' lang='lat' dir='ltr'>dicto</span> <span class='ocrx_word' id='word_1_336' title='bbox 1321 4240 1510 4323; x_wconf 83' lang='lat' dir='ltr'>Levowert,</span> <span class='ocrx_word' id='word_1_337' title='bbox 1535 4263 1628 4329; x_wconf 90' lang='lat' dir='ltr'><strong>perp.</strong></span> <span class='ocrx_word' id='word_1_338' title='bbox 1652 4263 1725 4328; x_wconf 93' lang='lat' dir='ltr'><strong>cap.</strong></span> <span class='ocrx_word' id='word_1_339' title='bbox 1741 4242 1776 4306; x_wconf 94' lang='lat' dir='ltr'>in</span> <span class='ocrx_word' id='word_1_340' title='bbox 1792 4244 1876 4309; x_wconf 89' lang='lat' dir='ltr'>eccl.</span> <span class='ocrx_word' id='word_1_341' title='bbox 1900 4243 1931 4309; x_wconf 94' lang='lat' dir='ltr'>S.</span> 
     </span>
     <span class='ocr_line' id='line_1_33' title="bbox 567 4343 1930 4431; baseline 0.004 -25"><span class='ocrx_word' id='word_1_342' title='bbox 567 4343 717 4408; x_wconf 89' lang='lat' dir='ltr'>Remacli</span> <span class='ocrx_word' id='word_1_343' title='bbox 733 4343 775 4408; x_wconf 92' lang='lat' dir='ltr'>de</span> <span class='ocrx_word' id='word_1_344' title='bbox 802 4353 906 4428; x_wconf 92' lang='lat' dir='ltr'>ponte</span> <span class='ocrx_word' id='word_1_345' title='bbox 932 4343 1161 4410; x_wconf 83' lang='lat' dir='ltr'>Amaricordis</span> <span class='ocrx_word' id='word_1_346' title='bbox 1178 4365 1284 4430; x_wconf 90' lang='lat' dir='ltr'><strong>prope</strong></span> <span class='ocrx_word' id='word_1_347' title='bbox 1300 4343 1473 4426; x_wconf 89' lang='lat' dir='ltr'>Leodium,</span> <span class='ocrx_word' id='word_1_348' title='bbox 1490 4345 1672 4431; x_wconf 90' lang='lat' dir='ltr'>dignemini</span> <span class='ocrx_word' id='word_1_349' title='bbox 1689 4365 1736 4431; x_wconf 91' lang='lat' dir='ltr'>gr.</span> <span class='ocrx_word' id='word_1_350' title='bbox 1753 4345 1864 4411; x_wconf 83' lang='lat' dir='ltr'><strong>facere</strong></span> <span class='ocrx_word' id='word_1_351' title='bbox 1887 4347 1930 4412; x_wconf 89' lang='lat' dir='ltr'>de</span> 
     </span>
     <span class='ocr_line' id='line_1_34' title="bbox 566 4446 1929 4536; baseline 0.004 -25"><span class='ocrx_word' id='word_1_352' title='bbox 566 4446 663 4511; x_wconf 90' lang='lat' dir='ltr'>simili</span> <span class='ocrx_word' id='word_1_353' title='bbox 680 4447 761 4511; x_wconf 90' lang='lat' dir='ltr'>eccl.</span> <span class='ocrx_word' id='word_1_354' title='bbox 783 4450 859 4513; x_wconf 89' lang='lat' dir='ltr'><strong>ben.</strong></span> <span class='ocrx_word' id='word_1_355' title='bbox 876 4447 919 4512; x_wconf 92' lang='lat' dir='ltr'>ad</span> <span class='ocrx_word' id='word_1_356' title='bbox 942 4448 1039 4513; x_wconf 93' lang='lat' dir='ltr'><strong>coll...</strong></span> <span class='ocrx_word' id='word_1_357' title='bbox 1056 4448 1158 4533; x_wconf 89' lang='lat' dir='ltr'>episc.</span> <span class='ocrx_word' id='word_1_358' title='bbox 1186 4447 1382 4515; x_wconf 90' lang='lat' dir='ltr'>Leodiensis</span> <span class='ocrx_word' id='word_1_359' title='bbox 1407 4458 1607 4536; x_wconf 87' lang='lat' dir='ltr'>spectante;</span> <span class='ocrx_word' id='word_1_360' title='bbox 1632 4470 1701 4516; x_wconf 94' lang='lat' dir='ltr'>non</span> <span class='ocrx_word' id='word_1_361' title='bbox 1726 4452 1811 4515; x_wconf 93' lang='lat' dir='ltr'>obst.</span> <span class='ocrx_word' id='word_1_362' title='bbox 1838 4450 1929 4534; x_wconf 90' lang='lat' dir='ltr'>quod</span> 
     </span>
     <span class='ocr_line' id='line_1_35' title="bbox 565 4549 1379 4636; baseline 0.002 -22"><span class='ocrx_word' id='word_1_363' title='bbox 565 4549 691 4614; x_wconf 91' lang='lat' dir='ltr'>dictam</span> <span class='ocrx_word' id='word_1_364' title='bbox 709 4552 825 4636; x_wconf 92' lang='lat' dir='ltr'><strong>capell.</strong></span> <span class='ocrx_word' id='word_1_365' title='bbox 844 4552 996 4616; x_wconf 88' lang='lat' dir='ltr'>noscitur</span> <span class='ocrx_word' id='word_1_366' title='bbox 1012 4552 1174 4617; x_wconf 91' lang='lat' dir='ltr'>obtinere.</span> <span class='ocrx_word' id='word_1_367' title='bbox 1191 4589 1223 4599; x_wconf 96' lang='lat'>—</span> <span class='ocrx_word' id='word_1_368' title='bbox 1246 4550 1321 4616; x_wconf 90' lang='lat' dir='ltr'>Fiat</span> <span class='ocrx_word' id='word_1_369' title='bbox 1339 4551 1379 4616; x_wconf 89' lang='lat' dir='ltr'>R.</span> 
     </span>
    </p>
   </div>
   <div class='ocr_carea' id='block_1_10' title="bbox 609 4653 1533 4742">
    <p class='ocr_par' dir='ltr' id='par_1_11' title="bbox 609 4653 1533 4742">
     <span class='ocr_line' id='line_1_36' title="bbox 609 4653 1533 4742; baseline 0.006 -25"><span class='ocrx_word' id='word_1_370' title='bbox 609 4653 689 4719; x_wconf 91' lang='lat' dir='ltr'><strong>Dat.</strong></span> <span class='ocrx_word' id='word_1_371' title='bbox 707 4675 760 4740; x_wconf 91' lang='lat' dir='ltr'><strong>ap.</strong></span> <span class='ocrx_word' id='word_1_372' title='bbox 776 4653 1027 4720; x_wconf 87' lang='lat' dir='ltr'>Villamnovam</span> <span class='ocrx_word' id='word_1_373' title='bbox 1044 4678 1063 4740; x_wconf 86' lang='lat'><strong>4</strong></span> <span class='ocrx_word' id='word_1_374' title='bbox 1080 4677 1158 4720; x_wconf 92' lang='lat' dir='ltr'>non.</span> <span class='ocrx_word' id='word_1_375' title='bbox 1175 4664 1272 4720; x_wconf 89' lang='lat' dir='ltr'><strong>mart.</strong></span> <span class='ocrx_word' id='word_1_376' title='bbox 1289 4663 1322 4721; x_wconf 92' lang='lat' dir='ltr'><strong>a⁰</strong></span> <span class='ocrx_word' id='word_1_377' title='bbox 1340 4664 1381 4740; x_wconf 87' lang='lat'>3⁰.</span> <span class='ocrx_word' id='word_1_378' title='bbox 1399 4658 1447 4741; x_wconf 85' lang='lat'>(6,</span> <span class='ocrx_word' id='word_1_379' title='bbox 1466 4658 1533 4742; x_wconf 85' lang='lat'><strong>63).</strong></span> 
     </span>
    </p>
   </div>
   <div class='ocr_carea' id='block_1_11' title="bbox 564 4794 1930 5102">
    <p class='ocr_par' dir='ltr' id='par_1_12' title="bbox 564 4794 1930 5102">
     <span class='ocr_line' id='line_1_37' title="bbox 619 4794 1885 4892; baseline -0.001 -17"><span class='ocrx_word' id='word_1_380' title='bbox 619 4794 721 4875; x_wconf 86' lang='lat' dir='ltr'><strong>8ll.</strong></span> <span class='ocrx_word' id='word_1_381' title='bbox 1631 4826 1726 4892; x_wconf 79' lang='lat'><em>1345,</em></span> <span class='ocrx_word' id='word_1_382' title='bbox 1742 4831 1761 4892; x_wconf 75' lang='lat'><em>4</em></span> <span class='ocrx_word' id='word_1_383' title='bbox 1779 4831 1885 4875; x_wconf 85' lang='lat' dir='ltr'><strong>mars.</strong></span> 
     </span>
     <span class='ocr_line' id='line_1_38' title="bbox 607 4910 1929 4999; baseline 0 -22"><span class='ocrx_word' id='word_1_384' title='bbox 607 4913 720 4999; x_wconf 90' lang='lat' dir='ltr'><strong>Suppl.</strong></span> <span class='ocrx_word' id='word_1_385' title='bbox 748 4912 971 4997; x_wconf 87' lang='lat' dir='ltr'>Engelbertus</span> <span class='ocrx_word' id='word_1_386' title='bbox 996 4911 1038 4977; x_wconf 92' lang='lat' dir='ltr'>de</span> <span class='ocrx_word' id='word_1_387' title='bbox 1064 4910 1197 4992; x_wconf 86' lang='lat' dir='ltr'><strong>Marka,</strong></span> <span class='ocrx_word' id='word_1_388' title='bbox 1224 4912 1330 4993; x_wconf 88' lang='lat' dir='ltr'>miles,</span> <span class='ocrx_word' id='word_1_389' title='bbox 1347 4921 1439 4996; x_wconf 89' lang='lat' dir='ltr'><strong>quat.</strong></span> <span class='ocrx_word' id='word_1_390' title='bbox 1458 4912 1549 4999; x_wconf 88' lang='lat' dir='ltr'><strong>[cap.</strong></span> <span class='ocrx_word' id='word_1_391' title='bbox 1565 4932 1635 4993; x_wconf 88' lang='lat' dir='ltr'>suo,</span> <span class='ocrx_word' id='word_1_392' title='bbox 1649 4910 1864 4979; x_wconf 87' lang='lat' dir='ltr'>Theoderico</span> <span class='ocrx_word' id='word_1_393' title='bbox 1886 4913 1929 4978; x_wconf 92' lang='lat' dir='ltr'>de</span> 
     </span>
     <span class='ocr_line' id='line_1_39' title="bbox 564 5014 1930 5102; baseline 0.001 -20"><span class='ocrx_word' id='word_1_394' title='bbox 564 5015 859 5102; x_wconf 84' lang='lat' dir='ltr'><strong>Leytene,presb.]</strong></span> <span class='ocrx_word' id='word_1_395' title='bbox 879 5014 1054 5082; x_wconf 90' lang='lat' dir='ltr'>Colonien.</span> <span class='ocrx_word' id='word_1_396' title='bbox 1070 5016 1249 5097; x_wconf 86' lang='lat' dir='ltr'>dioc.,can.</span> <span class='ocrx_word' id='word_1_397' title='bbox 1266 5025 1300 5081; x_wconf 91' lang='lat' dir='ltr'>et</span> <span class='ocrx_word' id='word_1_398' title='bbox 1316 5020 1408 5102; x_wconf 91' lang='lat' dir='ltr'><strong>preb.</strong></span> <span class='ocrx_word' id='word_1_399' title='bbox 1425 5014 1707 5102; x_wconf 84' lang='lat' dir='ltr'>ecc1.Carpensis‚</span> <span class='ocrx_word' id='word_1_400' title='bbox 1722 5015 1814 5083; x_wconf 88' lang='lat' dir='ltr'>dicte</span> <span class='ocrx_word' id='word_1_401' title='bbox 1831 5017 1930 5100; x_wconf 82' lang='lat' dir='ltr'>dioc,</span> 
     </span>
    </p>
   </div>
   <div class='ocr_carea' id='block_1_12' title="bbox 598 5220 1732 5286">
    <p class='ocr_par' dir='ltr' id='par_1_13' title="bbox 598 5220 1732 5286">
     <span class='ocr_line' id='line_1_40' title="bbox 598 5220 1732 5286; baseline 0.001 -16"><span class='ocrx_word' id='word_1_402' title='bbox 598 5225 619 5271; x_wconf 90' lang='lat' dir='ltr'>l.</span> <span class='ocrx_word' id='word_1_403' title='bbox 633 5223 655 5270; x_wconf 93' lang='lat' dir='ltr'>ll</span> <span class='ocrx_word' id='word_1_404' title='bbox 667 5239 684 5286; x_wconf 79' lang='lat' dir='ltr'><strong>y</strong></span> <span class='ocrx_word' id='word_1_405' title='bbox 695 5227 765 5272; x_wconf 76' lang='lat' dir='ltr'><strong>avait</strong></span> <span class='ocrx_word' id='word_1_406' title='bbox 776 5224 842 5272; x_wconf 82' lang='lat' dir='ltr'>dans</span> <span class='ocrx_word' id='word_1_407' title='bbox 854 5224 876 5272; x_wconf 88' lang='lat' dir='ltr'><strong>le</strong></span> <span class='ocrx_word' id='word_1_408' title='bbox 888 5237 952 5286; x_wconf 75' lang='lat' dir='ltr'><strong>pays</strong></span> <span class='ocrx_word' id='word_1_409' title='bbox 964 5222 996 5271; x_wconf 92' lang='lat' dir='ltr'>de</span> <span class='ocrx_word' id='word_1_410' title='bbox 1008 5220 1084 5284; x_wconf 67' lang='lat' dir='ltr'>Liege</span> <span class='ocrx_word' id='word_1_411' title='bbox 1097 5237 1147 5271; x_wconf 91' lang='lat' dir='ltr'>unc</span> <span class='ocrx_word' id='word_1_412' title='bbox 1159 5222 1257 5272; x_wconf 77' lang='lat' dir='ltr'>familie</span> <span class='ocrx_word' id='word_1_413' title='bbox 1274 5223 1309 5272; x_wconf 87' lang='lat' dir='ltr'>Le</span> <span class='ocrx_word' id='word_1_414' title='bbox 1322 5223 1407 5271; x_wconf 84' lang='lat' dir='ltr'>Moine</span> <span class='ocrx_word' id='word_1_415' title='bbox 1417 5223 1557 5285; x_wconf 87' lang='lat' dir='ltr'>(Poncelet-‚</span> <span class='ocrx_word' id='word_1_416' title='bbox 1570 5222 1648 5281; x_wconf 63' lang='lat' dir='ltr'>Fida,</span> <span class='ocrx_word' id='word_1_417' title='bbox 1662 5222 1732 5285; x_wconf 77' lang='lat'><strong>645).</strong></span> 
     </span>
    </p>
   </div>
   <div class='ocr_carea' id='block_1_13' title="bbox 0 0 2343 6052">
    <p class='ocr_par' dir='ltr' id='par_1_14' title="bbox 0 0 2343 6052">
     <span class='ocr_line' id='line_1_41' title="bbox 0 0 2343 6052; baseline 0 0"><span class='ocrx_word' id='word_1_418' title='bbox 0 0 2343 6052; x_wconf 95' lang='lat' dir='ltr'> </span> 
     </span>
    </p>
   </div>
  </div>
 </body>
</html>
