4650 6059
487 786 548 852 520
1050 780 1137 856 185⁰,
1161 781 1179 844 2
1199 780 1277 861 juln.

484 939 575 1003 dom.
606 937 706 1018 Petri,
734 938 798 1001 Dei
824 936 932 1021 gratia
973 935 1005 1001 S.
1034 933 1083 999 M.
1109 952 1199 997 nove
1230 931 1362 998 diaconi
1397 931 1582 1012 cardinalis,
1610 931 1655 998 de
1690 934 1846 1000 mandato

485 1050 608 1121 vestre,
625 1042 760 1107 oraculo
775 1040 852 1105 vive
867 1041 960 1105 vocis
972 1039 1033 1104 sibi
1049 1038 1150 1117 fact0,
1174 1035 1355 1121 recipiendi
1372 1038 1414 1102 ab
1430 1036 1510 1122 ipsis
1523 1037 1774 1122 resignationes
1787 1039 1845 1104 dic-

484 1152 596 1210 torum
611 1144 861 1218 beneficiorum,
885 1162 987 1209 causa
1010 1139 1278 1227 permutationis,
1294 1139 1514 1224 resignarunt,
1530 1140 1654 1225 quique
1671 1128 1845 1208 deeodem

484 1248 646 1313 mandato
672 1248 781 1313 dictas
806 1246 1048 1332 resignationes
1074 1245 1177 1309 libere
1200 1243 1328 1328 recepit
1352 1251 1387 1308 et
1411 1243 1572 1324 admisit;
1600 1252 1695 1328 quat.
1720 1245 1742 1323 J
1746 1250 1846 1313 acobo

485 1352 643 1416 Germani
658 1351 701 1416 de
718 1350 979 1430 Claromonten.,
1008 1348 1171 1415 Durando
1193 1349 1236 1413 de
1252 1346 1424 1428 Leodien,
1440 1357 1474 1413 et
1490 1348 1666 1434 Stephano
1690 1351 1845 1435 predictis

483 1456 526 1520 de
542 1456 694 1521 Anicien.
707 1456 923 1521 ecclesiarum
938 1452 1192 1519 canonicatibus
1207 1460 1243 1516 et
1257 1450 1434 1535 prebendis
1449 1451 1631 1535 dignemini
1647 1454 1844 1538 proridere;

483 1581 552 1624 non
569 1562 655 1624 obst.
672 1559 762 1642 quod
788 1559 853 1623 alia
879 1557 1043 1622 beneficia
1067 1555 1244 1621 obtineant
1260 1557 1313 1619 vel
1329 1564 1520 1640 expectent,
1536 1576 1601 1639 que
1617 1555 1659 1621 V.
1676 1557 1710 1622 S.
1728 1559 1846 1623 habere

482 1663 637 1756 dignetur
654 1683 715 1747 pro
730 1663 903 1747 expressis,
920 1670 955 1725 et
971 1681 1048 1725 cum
1064 1659 1185 1725 ceteris
1200 1678 1268 1724 non
1285 1661 1402 1724 obst...
1419 1696 1450 1707 -
1467 1657 1545 1724 Fiat
1560 1680 1622 1745 pro
1639 1662 1800 1727 omnibus
1811 1660 1846 1727 R.

526 1768 605 1833 Dat.
621 1768 758 1851 Avin.4
780 1787 859 1831 non.
873 1765 956 1850 junii
973 1774 1007 1829 a⁰
1024 1773 1066 1845 9⁰.
1083 1766 1159 1847 (20,
1179 1763 1250 1848 μ’)

534 1920 681 2001 2001.
1571 1953 1668 2018 1550,
1686 1956 1707 1998 2
1718 1933 1806 2016 juin.

526 2038 625 2102 Pater
653 2038 718 2102 Sm‘.
745 2035 832 2101 Cum
861 2035 1056 2121 Raynaldus
1082 2035 1195 2121 Gayte
1212 2050 1233 2116 ¹,
1257 2035 1519 2116 claromonten,
1547 2045 1582 2102 et
1609 2037 1782 2105 Gerardus
1806 2038 1844 2104 dc

481 2141 675 2221 Pomeriis2,
695 2139 908 2205 Cameracen.
934 2140 1152 2206 ecclesiarum
1179 2137 1345 2221 canonici,
1362 2140 1579 2206 canonicatus
1595 2150 1630 2206 et
1645 2142 1842 2227 prebendas,

482 2265 564 2329 quos
590 2244 625 2307 in
650 2242 777 2308 eisdem
804 2242 954 2308 ecclesiis
981 2244 1146 2324 obtinent,
1173 2244 1208 2308 in
1235 2244 1389 2310 manibus
1424 2244 1514 2309 dom.
1539 2246 1716 2310 camerarii
1747 2248 1841 2313 vestri

481 2349 582 2412 libere
612 2346 820 2431 resignarint,
846 2345 1001 2433 idemque
1027 2347 1228 2413 camerarius
1243 2348 1318 2413 vice
1341 2356 1451 2413 vestra
1478 2347 1669 2431 hujusmodi
1701 2351 1842 2435 resigna·

479 2452 590 2517 tiones
605 2450 785 2531 admiserit,
801 2449 957 2534 dignetur
972 2450 1004 2515 S.
1020 2449 1060 2515 V.
1078 2450 1215 2535 Hugoni
1241 2450 1353 2537 Gayte
1365 2466 1386 2531 ³,
1410 2450 1491 2516 dicti
1519 2450 1693 2537 Raynardi
1721 2449 1841 2541 nepoti,

480 2556 522 2620 cle
539 2554 768 2634 Cameracen.,
785 2562 819 2619 et
835 2553 929 2619 dicto
943 2552 1126 2638 G(erardo)
1142 2553 1185 2619 de
1202 2553 1363 2621 Pomeriis
1378 2554 1421 2620 de
1438 2554 1692 2623 Claromonten.
1710 2557 1838 2623 canoni·

479 2660 660 2724 catibus'et
675 2657 854 2744 prebendis
869 2656 1037 2743 predictis,
1058 2678 1118 2745 per
1144 2657 1336 2743 hujusmodi
1362 2658 1625 2743 resignationem
1646 2681 1723 2727 vac.
1738 2660 1840 2747 prori-

478 2763 556 2828 dere
570 2786 579 2841 ;
596 2782 665 2827 non
682 2764 768 2827 obst.
779 2761 952 2827 beneficiis
964 2782 1028 2846 que
1041 2760 1196 2827 obtinent
1208 2763 1262 2826 vel
1285 2771 1469 2847 expectant
1479 2764 1512 2827 in
1524 2772 1637 2829 vestra
1649 2763 1836 2830 cancellaria

479 2865 714 2951 exprimendis.
730 2864 854 2929 Verum
865 2885 957 2946 cum,
969 2866 1066 2950 juxta
1082 2874 1211 2932 statuta
1232 2866 1335 2952 ipsius
1359 2866 1574 2933 Cameracen.
1598 2869 1753 2949 ecclesie,
1774 2887 1835 2954 pre-

478 2969 588 3035 benda
604 2969 729 3034 ibidem
743 2969 847 3033 libera
863 2968 1002 3033 minime
1018 2970 1165 3034 existens
1180 2968 1323 3034 efficitur
1338 2970 1565 3052 sacerdotalis,
1579 2971 1605 3036 si
1621 2972 1731 3057 ipsam
1746 2970 1834 3037 tertio

479 3076 555 3138 loco
571 3093 690 3138 vacare
717 3072 904 3155 contingat,
931 3074 985 3136 vel
1011 3073 1113 3137 etiam
1130 3095 1149 3137 e
1166 3093 1339 3153 converso,
1364 3082 1398 3139 et
1425 3082 1563 3160 propter
1590 3074 1782 3158 frequentes
1801 3092 1833 3137 ac

479 3177 678 3260 longinquas
695 3175 890 3239 vacationes
906 3175 1076 3259 ignoretur
1089 3175 1131 3240 ad
1147 3197 1283 3261 presens
1304 3198 1371 3261 quo
1384 3179 1460 3243 loco
1475 3199 1564 3243 nune
1580 3172 1718 3243 vacabit
1728 3178 1830 3243 eadem

481 3280 662 3365 prebenda,
687 3279 889 3363 dispensare,
917 3279 943 3342 si
971 3281 1093 3364 placet,
1122 3301 1199 3344 cum
1227 3281 1299 3365 ipso
1328 3280 1645 3364 Hugone‚i1rn0no
1673 3283 1772 3347 etatis
1785 3299 1831 3344 sue

481 3405 571 3449 anuo
587 3383 783 3461 constituto
796 3382 888 3466 quod
900 3383 1087 3467 hujusmodi
1101 3383 1318 3450 Cameracen.
1331 3385 1548 3469 prebendam,
1561 3385 1666 3450 etiam
1682 3385 1708 3451 si
1726 3403 1832 3451 vacans

481 3488 581 3552 tertio
597 3489 673 3551 loco
689 3484 854 3550 efficiatur
881 3487 1105 3568 sacerdotalis,
1132 3489 1242 3553 valeat
1268 3489 1429 3554 obtinere.
1446 3524 1488 3533 --
1505 3488 1583 3554 Fiat
1608 3510 1672 3574 pro
1695 3498 1830 3571 utroque,

482 3601 515 3657 et
531 3592 761 3676 dispensamus
776 3610 853 3656 cum
868 3590 975 3655 altero
992 3589 1032 3655 R.

526 3696 606 3759 Dat.
622 3694 720 3759 Avin.
738 3716 757 3777 4
773 3713 852 3759 non.
869 3693 952 3778 junii
970 3702 1004 3762 a⁰
1021 3704 1063 3774 9⁰·
1080 3699 1156 3778 (20,
1175 3696 1256 3780 34‘).

532 3848 854 3931 2002-2003.
1557 3882 1654 3946 1550,
1679 3887 1697 3927 2
1716 3863 1796 3945 juin.

525 3970 626 4053 Supp.
645 3966 855 4045 Bertrandus,
884 3965 1060 4050 episcopus
1087 3964 1253 4045 Sabinen,
1281 3972 1371 4048 quat.
1399 3964 1565 4050 [familiari
1583 3987 1644 4032 suo
1660 3965 1827 4034 domestico

483 4071 700 4138 commensali
727 4070 856 4147 Jacobo
881 4069 973 4134 dicto
988 4068 1030 4131 de
1046 4069 1077 4131 le
1095 4067 1262 4146 Cambier,
1290 4069 1410 4133 clerico
1437 4069 1653 4157 Tomacen.,]
1679 4075 1755 4137 ben.
1770 4091 1793 4134 c.
1806 4088 1826 4129 c.

483 4175 536 4239 uel
553 4197 578 4238 s.
595 4196 635 4254 c,
651 4182 810 4258 spectans
825 4171 1049 4237 communiter
1071 4172 1125 4235 vel
1149 4170 1282 4236 divisim
1306 4176 1349 4236 ad
1366 4173 1582 4238 collationem
1605 4183 1672 4239 etc.
1688 4170 1826 4261 episcopi.

483 4279 602 4343 decani
629 4286 663 4342 et
687 4277 835 4362 capituli,
863 4275 1134 4358 singulorumque
1159 4275 1398 4340 canonicorum
1414 4284 1449 4341 et
1464 4298 1685 4361 personarum
1709 4273 1827 4344 ecclesie

482 4380 680 4457 Tomacen,
697 4378 801 4442 etiam
817 4378 842 4441 si
858 4378 893 4443 in
909 4379 990 4442 eccl.
1004 4377 1188 4443 cathedrali
1204 4378 1337 4457 existat,
1350 4400 1389 4444 ac
1406 4379 1555 4446 officium
1570 4381 1825 4448 seubeneficium

483 4485 605 4550 vicarie
621 4483 755 4567 majoris
771 4482 885 4547 altaris
900 4482 1049 4565 ejusdcm
1065 4482 1217 4561 ecclesie,
1246 4483 1338 4567 cujus
1354 4485 1508 4549 beneficii
1525 4505 1584 4549 seu
1600 4485 1704 4552 officii
1721 4487 1824 4551 fructus

483 4588 509 4652 si
526 4609 556 4652 c.
572 4608 601 4653 c.
618 4590 669 4666 80,
686 4587 711 4650 si
727 4606 808 4651 vero
824 4607 849 4651 s,
866 4605 894 4651 c.
919 4584 1018 4649 fuerit
1035 4590 1075 4648 60
1099 4585 1170 4650 libr.
1183 4584 1261 4651 Tur.
1278 4606 1418 4670 parvos,
1435 4588 1619 4653 secundum
1636 4592 1823 4656 taxationem
1874 4586 1876 4641 !

482 4691 623 4771 decime,
639 4691 786 4755 valorem
813 4708 961 4754 annuum
987 4708 1055 4753 non
1082 4689 1257 4767 excedant,
1289 4689 1377 4773 [vac.
1402 4691 1447 4756 ad
1472 4712 1609 4777 presens
1635 4696 1691 4758 uel
1714 4683 1820 4768 vacat}

482 4794 731 4875 conferendum,
748 4792 922 4859 donationi
938 4799 1046 4876 apost.
1059 4791 1241 4875 dignemini
1256 4813 1465 4861 reservare...
1482 4836 1526 4845 —
1543 4795 1619 4862 Fiat
1635 4806 1701 4863 etc.
1719 4797 1757 4863 R.

517 5066 610 5113 l.l'oir
623 5081 647 5111 u.
663 5068 713 5111 l2a'.
735 5068 802 5114 1⁸63.
814 5094 845 5100 —
866 5068 888 5113 2.
912 5064 974 5111 Voir
994 5079 1018 5112 u.
1039 5066 1108 5112 1843.
1121 5093 1152 5098 —
1170 5068 1191 5114 3.
1211 5065 1267 5113 Ciu<
1284 5081 1382 5114 comum
1400 5068 1525 5115 clmuoirre
1542 5068 1574 5115 dc
1593 5068 1713 5116 Cambml
1732 5082 1760 5115 en
1779 5055 1828 5109 13ss.

484 5139 628 5199 (berillus,
646 5140 750 5187 (luo-les
766 5138 797 5185 de
808 5140 845 5187 δ’·
863 5138 984 5196 llirudru,
1001 5138 1032 5194 ll,
1051 5138 1117 5196 tol),
1131 5154 1230 5187 commo
1241 5138 1332 5201 prdrdt
1345 5141 1377 5187 de
1387 5144 1420 5186 gu
1433 5141 1548 5188 ll'uudru
1560 5144 1575 5189 it
1590 5142 1664 5189 Mons
1676 5156 1707 5190 cu
1720 5128 1831 5193 13720'b.

484 5214 554 5272 ssu).
