4650 6059
971 768 1058 843 raro,
1082 769 1100 832 5
1119 767 1198 849 jun.
1707 769 1769 834 esa

395 924 528 991 Marka
537 935 555 1004 ¹,
565 944 628 989 suo
640 922 899 1007 consanguineo
908 941 999 986 nunc
1009 940 1080 985 can.
1091 920 1174 983 eccl.
1192 918 1220 982 F
1221 919 1374 999 ossensis,
1388 918 1548 985 Leodien.
1561 919 1659 999 dioc,
1672 940 1770 1005 super

396 1030 466 1095 def.
485 1028 660 1107 natalium,
677 1047 779 1111 quem
793 1026 920 1111 patitur
934 1025 977 1090 de
993 1026 1104 1088 soluto
1118 1022 1251 1106 genitus
1266 1030 1301 1086 et
1328 1024 1449 1103 soluta,
1466 1023 1556 1108 quod
1580 1023 1768 1107 hujusmodi

397 1154 471 1198 non
489 1135 576 1197 obst.
592 1130 659 1196 def.
675 1139 787 1215 posset
803 1128 847 1195 ad
863 1148 981 1194 omnes
995 1127 1128 1192 ordines
1152 1126 1342 1211 promoueri
1359 1135 1394 1192 et
1417 1130 1498 1192 eccl.
1514 1129 1592 1192 ben.
1608 1128 1769 1205 obtinere,

401 1236 535 1301 etiamsi
552 1255 668 1300 curam
683 1234 824 1299 haberet
848 1233 1046 1310 animarum,
1062 1239 1151 1295 auct.
1179 1240 1297 1314 apost,
1314 1230 1348 1294 in
1377 1231 1546 1295 communi
1574 1230 1682 1295 forma
1705 1229 1770 1295 dis-

401 1348 584 1424 pensatum
600 1360 609 1417 ;
625 1346 783 1423 pretextu
799 1337 891 1421 cujus
906 1333 1163 1421 dispensationis
1191 1332 1280 1397 idem
1307 1332 1529 1417 Engelbertus
1553 1343 1604 1398 est
1629 1335 1662 1398 in
1679 1334 1769 1399 dicta

404 1443 548 1509 ecclesia
563 1463 638 1507 can.
655 1450 689 1505 et
704 1443 797 1527 preb.
812 1446 994 1507 assecutus.
1012 1438 1114 1523 Supp.
1129 1438 1230 1521 igitur
1246 1438 1337 1502 idem
1353 1437 1466 1522 episc,
1476 1446 1569 1521 quat.
1586 1458 1662 1502 cum
1678 1438 1771 1502 dicto

406 1548 624 1631 Engelberto,
641 1544 732 1629 quod
753 1544 915 1630 premisso
940 1562 1009 1607 non
1038 1544 1124 1605 obst.
1151 1540 1217 1605 def.
1242 1541 1348 1625 possit
1372 1540 1482 1605 adhuc
1503 1540 1570 1605 duo
1586 1542 1667 1605 ecci.
1683 1544 1771 1619 ben,

408 1651 538 1716 etiamsi
555 1650 699 1714 alterum
716 1649 847 1712 illomm
863 1646 962 1730 dign,
978 1665 1065 1731 pers.
1081 1644 1135 1709 νε]
1163 1644 1220 1710 off.
1236 1644 1336 1709 fuerit
1351 1653 1386 1708 et
1402 1664 1517 1708 curam
1534 1644 1687 1709 babuerit
1702 1645 1772 1709 ani-

410 1775 548 1832 marum,
565 1760 753 1837 acceptare,
768 1752 916 1835 recipere
933 1757 968 1813 et
983 1748 1138 1827 retinere,
1150 1748 1176 1813 si
1193 1748 1277 1813 alias
1291 1748 1404 1813 eidem
1419 1747 1583 1812 canonice
1599 1747 1770 1813 conferan-

413 1866 471 1937 tur,
487 1866 522 1921 et
537 1857 595 1921 illa
611 1865 646 1920 et
661 1855 835 1940 quodlibet
850 1874 975 1931 comm,
992 1850 1260 1936 quandocunque
1291 1860 1327 1915 et
1347 1851 1611 1936 quotiescunque
1636 1860 1770 1936 oportu-

416 1980 489 2024 nmn
504 1960 613 2040 fuerit,
630 1967 830 2044 permutare,
846 1968 881 2022 et
896 1956 986 2041 quod
1010 1953 1052 2019 de
1079 1955 1242 2040 premisso
1268 1955 1333 2020 dei.
1358 1975 1426 2020 non
1443 1964 1597 2021 teneatur
1612 1955 1645 2018 in
1662 1954 1772 2037 aliqua

419 2063 514 2145 gratia
529 2083 591 2129 suo
606 2061 746 2126 nomine
757 2058 969 2146 impetranda
984 2057 1092 2122 facere
1119 2057 1340 2139 mentionem,
1357 2056 1540 2143 dignemini
1559 2079 1634 2124 cum
1651 2079 1692 2123 eo
1708 2058 1772 2123 dis·

363 2205 371 2272 f
421 2182 560 2245 pensare.
577 2202 619 2213 —
638 2159 714 2226 Fiat
731 2160 771 2225 R.

460 2306 533 2367 997.
557 2298 648 2364 Item
673 2318 768 2384 supp.
783 2298 872 2364 idem
889 2299 1000 2384 episc,
1029 2308 1119 2383 quat.
1135 2299 1296 2380 Johanni,
1315 2300 1454 2367 Henrici
1470 2302 1513 2367 de
1537 2302 1674 2382 Solario,
1691 2302 1773 2367 civis

427 2399 571 2468 Leodien.
582 2413 603 2483 ²,
616 2403 697 2483 filio,
710 2403 798 2483 cler,
810 2402 853 2467 de
869 2423 944 2467 can.
954 2412 988 2468 et
1001 2406 1092 2488 preb.
1109 2424 1183 2469 vac.
1200 2405 1253 2468 vel
1264 2412 1374 2469 vacat.
1391 2406 1473 2471 eccl.
1488 2405 1518 2470 S.
1537 2405 1674 2471 Martini
1689 2405 1774 2471 Leo·

429 2506 498 2573 dien.
513 2507 696 2593 dignemini
712 2506 898 2593 providere.
919 2544 951 2555 —
973 2505 1049 2571 Fiat
1067 2507 1106 2572 R.

460 2653 534 2714 998.
552 2646 642 2712 Item
655 2621 753 2731 supp.
770 2654 860 2730 quat.
876 2644 896 2722 J
899 2645 1035 2725 ohanni,
1048 2644 1186 2711 Gerardi
1199 2645 1411 2712 Manshoven
1429 2647 1508 2728 filio,
1519 2648 1596 2712 cler.
1613 2647 1774 2713 Leodien.

430 2747 506 2830 dioc,
521 2751 563 2816 de
580 2771 655 2816 can.
671 2758 706 2814 et
721 2753 813 2835 preb.
829 2750 911 2814 eccl.
928 2749 959 2813 S.
987 2748 1126 2814 Servatii
1152 2749 1386 2835 Trajectensis,
1403 2749 1563 2816 Leodien.
1587 2752 1684 2832 dioc,
1702 2773 1773 2817 vac.

431 2854 468 2916 νε]
481 2869 601 2935 vacat,
623 2853 807 2938 dignemini
823 2854 1010 2938 providere.
1026 2895 1069 2902 —
1085 2853 1160 2919 Fiat
1179 2852 1219 2920 R.

465 2996 539 3058 999.
556 2989 647 3056 Item
674 3014 769 3079 supp.
786 3002 877 3078 quat.
905 2993 995 3077 quod
1020 2994 1090 3079 ipse
1115 3014 1192 3058 cum
1220 2994 1337 3079 viginti
1364 2995 1515 3080 personis
1540 2993 1704 3074 litteratis,
1732 2994 1774 3059 de

431 3091 526 3158 solutis
540 3096 583 3158 ab
599 3104 740 3179 utraque
756 3106 861 3181 parte,
878 3097 932 3160 νε]
949 3097 1054 3160 altera
1080 3106 1176 3181 parte
1203 3105 1335 3162 tantum
1361 3107 1395 3162 et
1418 3098 1608 3183 presbiteris
1623 3100 1678 3161 νε]
1694 3118 1773 3163 con-

428 3191 539 3276 jugatis,
555 3200 687 3282 genitis,
704 3210 792 3264 auct.
809 3209 917 3285 apost.
934 3200 1135 3284 dispensare,
1153 3210 1189 3265 ut
1206 3222 1274 3264 non
1293 3205 1377 3266 obst.
1394 3202 1458 3267 dei.
1476 3223 1575 3285 quem
1592 3202 1772 3287 patiuntur,

379 3353 381 3358 .
431 3301 538 3376 possint
555 3302 599 3366 ad
615 3324 733 3367 onmes
748 3304 881 3368 ordines
893 3305 1083 3388 promoveri
1110 3314 1144 3368 et
1172 3305 1253 3368 eccl.
1278 3309 1365 3384 ben,
1383 3306 1514 3370 etiamsi
1540 3326 1653 3369 curam
1669 3306 1772 3370 habet

429 3402 605 3484 animarum,
622 3408 752 3490 assequi
769 3418 803 3471 et
819 3408 970 3487 retinere,
987 3408 1101 3491 possit,
1119 3407 1300 3489 dignemini
1314 3408 1422 3472 eidem
1440 3409 1619 3492 indulgere.
1636 3451 1678 3457 —
1696 3409 1772 3474 Fiat

430 3501 458 3565 de
470 3507 645 3573 duodecim
661 3532 702 3574 ex
715 3513 840 3590 solutis
857 3512 899 3576 de
916 3519 995 3576 octo
1011 3511 1052 3576 de
1069 3512 1151 3575 aliis.
1168 3512 1206 3576 R.

460 3610 539 3677 item
558 3617 648 3698 quod
665 3616 768 3701 possit
782 3637 839 3679 sex
856 3617 995 3680 clericos
1013 3616 1044 3677 in
1069 3617 1169 3679 sacris
1185 3637 1252 3679 non
1277 3628 1461 3700 promotos,
1479 3640 1541 3683 nec
1567 3621 1772 3703 conjugatos,

428 3730 474 3779 nec
489 3722 563 3782 ben.
580 3720 662 3784 eccl.
680 3721 881 3797 obtinentes,
899 3740 983 3802 quos
1010 3719 1139 3783 duxerit
1168 3720 1347 3803 eligendos
1365 3731 1454 3786 auct.
1482 3733 1600 3807 apost,
1626 3725 1774 3789 notarios

428 3824 716 3906 crearc,dignemini
731 3823 839 3887 eidem
850 3824 953 3886 etiam
965 3822 1135 3906 indulgere
1146 3833 1182 3886 ut
1196 3824 1228 3886 in
1241 3825 1354 3889 forma.
1367 3866 1409 3873 —
1422 3825 1498 3889 Fiat
1511 3828 1553 3890 de
1566 3838 1718 3910 quatuor.
1733 3829 1772 3893 R.

363 3969 367 3973 -
458 3923 541 3989 Item
559 3927 752 4012 supp.quod
767 3927 993 4012 predictorum
1010 3927 1191 4010 dignemini
1209 3929 1420 3992 committere
1437 3950 1578 3993 exanren
1594 3931 1636 3994 ad
1653 3940 1773 4016 partes.

427 4062 456 4074 κ
471 4028 545 4093 Fiat
564 4029 604 4094 R.

458 4132 531 4197 Dat.
545 4133 647 4197 Avin.
664 4157 683 4217 4
700 4154 780 4197 non.
793 4134 875 4218 junii
898 4142 931 4198 ε]
949 4142 990 4217 5⁰.
1008 4135 1074 4215 (il,
1094 4138 1177 4218 aqi).

465 4269 616 4350 1000·
1506 4290 1599 4371 1346,
1616 4311 1636 4369 5
1648 4289 1731 4369 juin.

457 4390 557 4475 Supp.
574 4388 749 4466 Johannes
765 4387 906 4453 Masculi
923 4399 943 4468 ³,
961 4396 1050 4472 quat.
1071 4388 1337 4473 [consanguineo
1353 4413 1413 4455 suo
1435 4391 1580 4468 Johanni
1605 4393 1737 4459 Morelli
1754 4406 1774 4473 ⁴,

424 4490 579 4558 Senonen.
596 4493 770 4578 diacon0],
786 4493 827 4558 de
844 4513 916 4557 can.
933 4501 967 4556 et
980 4496 1071 4577 preb.
1084 4494 1166 4558 eccl.
1179 4493 1210 4556 S.
1224 4494 1363 4558 Servatii
1377 4493 1774 4579 Trajectensis,Leodien.

425 4595 510 4678 dioc,
527 4619 601 4663 vac.
618 4597 651 4660 in
670 4596 768 4662 Rom.
785 4618 852 4661 cur.
868 4617 927 4681 per
938 4599 990 4661 ob.
1006 4596 1143 4660 Henrici
1160 4597 1203 4661 de
1218 4596 1359 4677 Juliaco,
1377 4598 1478 4683 ipsius
1488 4602 1569 4665 eccl.
1585 4622 1659 4665 can.
1672 4606 1774 4686 preb,

427 4701 501 4765 sedis
515 4710 625 4787 apost.
643 4722 715 4786 cap.
731 4708 751 4780 ⁵,
777 4701 831 4783 qui
861 4701 892 4763 in
921 4699 1011 4765 dicta
1039 4721 1105 4764 cur.
1130 4700 1220 4763 diem
1246 4702 1363 4765 clausit
1389 4712 1587 4783 extremum,
1610 4706 1661 4767 νε]
1694 4707 1775 4770 alias

429 4805 721 4888 quomodocunque
745 4815 877 4883 tacent,
903 4803 981 4866 dum
1008 4812 1123 4866 tamen
1149 4804 1295 4888 ipsorum
1322 4826 1393 4869 can.
1420 4815 1453 4870 et
1478 4810 1569 4890 preb.
1597 4809 1772 4873 collatio...

460 5043 477 5087 ].
489 5043 632 5094 Sauo-lant,
646 5058 671 5089 n.
685 5045 747 5091 775:
765 5043 797 5089 ci.
812 5042 933 5088 ,trs-lma<
945 5040 1029 5101 helyae.
1046 5044 1112 5095 lituu,
1127 5058 1150 5104 1¹.
1165 5045 1202 5090 31.
1215 5072 1247 5079 -
1263 5046 1286 5090 2.
1306 5045 1384 5090 licuri
1403 5044 1447 5090 dos
1466 5044 1574 5100 Solii-rsg
1593 5045 1625 5091 ci.
1646 5045 1773 5104 Bormum,

440 5112 492 5163 stru.
503 5116 532 5162 de
543 5117 568 5164 S.
582 5115 707 5168 Luneberd.
722 5116 765 5166 lv,
780 5118 809 5162 ῖὶ]
823 5132 827 5168 ;
843 5114 965 5168 i'oncriut,
980 5115 1057 5174 h'icss,
1072 5119 1125 5171 uit,
1139 5119 1193 5165 afri.
1212 5120 1261 5164 tris.
1274 5147 1303 5152 -
1315 5120 1336 5165 3.
1350 5117 1456 5175 Kirsch,
1471 5115 1545 5174 ΚΑΙ,
1557 5120 1611 5163 23ῦΙ
1623 5147 1653 5152 —
1664 5119 1684 5165 i.
1697 5118 1774 5165 iiiffd·

440 5193 480 5231 ruut
490 5189 519 5236 dc
530 5190 593 5236 colui
606 5191 650 5249 qui
664 5195 702 5236 est
714 5189 810 5249 siguald
822 5204 873 5235 aux
886 5204 910 5236 n.
923 5191 967 5235 bul
982 5196 1006 5235 ct
1020 5192 1073 5236 titii.
1087 5218 1117 5226 -
1130 5195 1152 5238 5.
1168 5191 1227 5236 Voir
1241 5206 1263 5237 u.
1277 5193 1331 5239 tlt.
