4650 6059
398 804 453 868 218
914 802 1000 876 1345,
1023 801 1109 867 12-18
1127 801 1236 885 juillet.

448 953 558 1035 882·
1426 994 1443 1037 r
1490 994 1521 1055 5,
1540 996 1580 1039 12
1609 974 1711 1041 'uillet

439 1073 540 1158 Supp.
563 1071 753 1135 vicecomes
780 1066 969 1148 Bellisortis,
997 1077 1089 1152 quat.
1121 1070 1223 1156 [mag.
1253 1072 1397 1142 Nicolao
1422 993 1615 1145 diiNussiJa
1634 1088 1654 1159 ¹,
1685 1102 1711 1145 cr

395 1185 429 1243 et
445 1172 666 1262 procuratori]
682 1172 783 1258 episc.
800 1169 970 1249 Leodien.‚
994 1169 1036 1237 de
1063 1191 1137 1237 can.
1154 1181 1189 1237 et
1216 1178 1307 1259 preb.
1324 1179 1406 1243 eccl.
1425 1180 1550 1263 colleg.
1567 1179 1710 1247 Bonnen

395 1280 569 1346 Colonien.
585 1278 682 1359 dioc,
699 1297 771 1342 vac.
787 1276 876 1362 apud
902 1273 1016 1341 sedem
1042 1285 1150 1362 apost.
1178 1299 1237 1364 per
1263 1291 1407 1348 mortem
1434 1284 1525 1350 dom.
1543 1284 1692 1373 Reyneri

396 1383 664 1467 Westrenborgh,
681 1402 754 1467 cap.
781 1381 812 1446 S.
830 1380 880 1461 V.,
897 1380 952 1465 qui
969 1388 1063 1446 extra
1083 1380 1181 1448 Rom.
1198 1405 1265 1449 cur.
1292 1385 1382 1452 diem
1410 1388 1530 1455 clausit
1558 1399 1710 1457 extremu

395 1488 575 1573 dignemini
588 1486 763 1574 providere
779 1509 787 1564 ;
804 1505 872 1551 non
890 1488 975 1551 obst.
992 1485 1083 1570 quod
1099 1486 1188 1552 idem
1206 1487 1367 1557 Nicolaus
1383 1492 1416 1556 in
1428 1494 1627 1561 Amaniensi
1638 1498 1710 1562 scol

395 1596 503 1673 triam,
520 1601 555 1658 et
571 1593 604 1657 in
620 1591 662 1657 de
680 1589 814 1657 Mersen
827 1590 976 1656 ecclesiis
992 1590 1160 1672 vicariam,
1178 1592 1337 1661 Leodien.
1361 1595 1459 1678 dioc,
1476 1618 1537 1683 pro
1552 1620 1620 1683 qua
1636 1601 1710 1666 rica

395 1701 513 1764 incur.
531 1697 629 1763 Rom.
645 1696 764 1780 litigat,
780 1695 928 1761 noscitur
944 1696 1106 1777 obtinere,
1123 1706 1157 1762 et
1185 1699 1276 1782 quod
1302 1700 1363 1766 sibi
1381 1722 1486 1788 nuper
1501 1703 1532 1770 S.
1550 1704 1590 1771 V.
1614 1726 1660 1790 gr.
1679 1706 1709 1771 se

397 1805 440 1870 ad
457 1804 532 1870 coll.
549 1801 742 1888 archiepisc.
759 1809 794 1866 et
809 1821 884 1887 cap.
901 1800 1076 1867 Colonien.
1098 1838 1130 1849 -
1153 1800 1229 1868 Fiat
1246 1802 1286 1868 R.

440 1910 519 1974 Dat.
536 1928 590 1995 ap.
607 1906 856 1972 Villamnovam
873 1929 892 1990 4
909 1905 951 1971 id.
965 1905 1036 1990 julii
1054 1912 1087 1971 a⁰
1103 1913 1145 1990 4⁰.
1163 1908 1212 1990 (9,
1231 1911 1298 1992 90).

448 2043 683 2131 883-884.
1426 2082 1521 2146 1345,
1540 2065 1583 2128 18
1592 2062 1710 2145 jurrrer

440 2161 740 2248 SuppJohannes,
756 2178 813 2223 rex
831 2158 969 2225 Boemie
984 2168 1004 2242 ²,
1032 2168 1134 2245 quat,
1151 2181 1228 2226 curn
1255 2182 1332 2229 suus
1358 2167 1555 2232 secretarius
1571 2166 1691 2233 Petrus

397 2268 526 2333 Waben
543 2274 680 2351 propter
694 2283 753 2329 sua
768 2262 913 2345 servitia,
930 2266 973 2329 ob
997 2284 1061 2348 que
1089 2265 1197 2351 ipsum
1225 2276 1360 2354 oportet
1376 2269 1500 2335 cotidie
1527 2291 1586 2356 per
1613 2271 1708 2338 diver

398 2370 579 2436 discurrere
594 2367 756 2452 regiones
772 2387 841 2432 non
858 2367 963 2453 possit
979 2367 1013 2432 in
1041 2369 1122 2434 eccl.
1150 2372 1303 2456 parroclr.
1320 2372 1351 2438 S.
1369 2371 1403 2438 N
1406 2369 1503 2440 icolai
1531 2375 1564 2440 in
1582 2375 1710 2443 Gauda·

398 2474 583 2540 Tornacen.
599 2471 696 2551 dioc„
713 2491 813 2556 quam
830 2470 970 2560 obtinet,
994 2473 1215 2558 personaliter
1230 2475 1373 2542 residere
1388 2501 1396 2557 ;
1414 2498 1491 2544 cum
1507 2479 1580 2566 ipso
1597 2479 1710 2561 Petm,

398 2580 596 2646 diaconatus
623 2576 739 2643 ordine
765 2576 960 2657 constitum,
987 2577 1078 2662 quod
1094 2598 1197 2664 usque
1213 2579 1256 2645 ad
1282 2580 1462 2648 triennium
1479 2582 1637 2650 fructus..
1669 2584 1709 2650 dir

399 2685 481 2750 eccl.
497 2684 599 2749 libere
615 2682 786 2769 percipere
801 2681 922 2762 valeat,
938 2702 1001 2747 nec
1027 2682 1161 2748 interim
1185 2691 1339 2751 teneatur
1365 2707 1400 2752 se
1417 2686 1526 2752 facere
1546 2688 1590 2753 ad
1606 2710 1709 2755 sacer(

398 2791 482 2871 tium
498 2787 698 2874 promoveri,
714 2805 777 2852 nec
793 2785 827 2850 in
843 2785 934 2851 dicta
950 2787 1032 2853 eccl.
1057 2786 1271 2854 residentiam
1291 2790 1403 2856 lacere
1430 2793 1643 2877 personalem
1660 2817 1668 2873 ;
1685 2815 1709 2859 c

398 2892 554 2959 intendat
568 2893 601 2957 in
619 2912 658 2958 ea
685 2910 745 2977 per
767 2888 976 2956 sacerdotem
1000 2889 1159 2957 idoneum
1177 2892 1292 2959 iacere
1313 2892 1480 2975 deserviri,
1496 2894 1709 2980 dignemini(

398 3017 547 3084 pensare,
564 2995 805 3063 constitutione
821 2994 931 3079 aliqua
946 2996 1112 3061 contraria
1127 3016 1197 3063 non
1217 3000 1384 3064 obstante.
1401 3039 1445 3057 ,-
1461 2998 1538 3065 Fiat
1555 2999 1596 3066 R.

442 3135 528 3196 884.
547 3127 633 3192 Item
650 3127 732 3211 sign.
749 3125 839 3191 idem
854 3147 912 3190 rex
928 3125 1018 3210 quod
1041 3124 1211 3208 quondam
1235 3124 1255 3203 J
1258 3127 1409 3193 ohannes
1427 3127 1469 3193 de
1486 3128 1709 3213 Scionemben

398 3232 477 3297 dum
487 3232 624 3310 viveret,
641 3230 672 3295 S.
690 3230 757 3295 Viti
774 3238 808 3294 et
820 3230 1103 3315 Eptemacensem
1116 3230 1268 3314 parroclr.
1281 3232 1449 3313 ecclesias,
1464 3232 1624 3300 leodien.
1637 3235 1709 3300 etT

398 3356 509 3400 veren.
519 3336 616 3414 dioc..
628 3335 709 3399 alias
725 3334 783 3398 sibi
795 3334 857 3398 rite
874 3333 1102 3417 collataspost
1114 3343 1149 3398 et
1166 3342 1283 3400 contra
1297 3337 1572 3402 constitutionem
1591 3338 1708 3405 :Erec

399 3442 482 3519 bilis,
498 3439 682 3524 perplures
698 3459 804 3503 annos
819 3447 853 3502 et
869 3458 973 3521 usque
989 3436 1031 3502 ad
1047 3436 1135 3501 diem
1159 3439 1278 3504 mortis
1293 3460 1350 3504 sue
1366 3443 1491 3525 absque
1507 3441 1708 3528 dispensati(

397 3545 547 3630 legitima
562 3543 705 3609 detinuit
721 3553 911 3628 occupatas,
934 3542 1058 3607 fructus
1081 3542 1270 3628 percipiens
1290 3565 1330 3608 ex
1355 3544 1480 3610 eisdem
1505 3568 1514 3623 ;
1539 3567 1641 3629 quare
1665 3568 1708 3633 suj

397 3656 489 3733 quat.
505 3648 695 3727 Tilmanno,
711 3646 880 3732 quondam
899 3646 1006 3731 Egidii
1023 3645 1190 3711 Balistarii
1219 3646 1261 3712 de
1289 3647 1551 3733 Lucernburgo⁴‚
1576 3652 1655 3716 cler.
1671 3652 1705 3717 di

397 3754 574 3819 Treveren.
591 3752 688 3833 dioc,
716 3753 844 3817 nullum
870 3754 946 3817 ben.
974 3750 1055 3835 eccl.
1077 3760 1249 3831 assecuto
1278 3752 1320 3816 de
1348 3752 1498 3837 predicta
1525 3754 1607 3820 eccl.
1633 3756 1664 3821 S.
1694 3756 1708 3818 l

397 3858 579 3925 secundum
607 3859 766 3944 premissa
781 3864 924 3922 vacante
950 3854 1131 3939 dignemini
1160 3855 1336 3941 providere
1352 3878 1360 3934 ;
1378 3877 1445 3921 non
1470 3860 1556 3923 obst.
1573 3860 1665 3942 quod
1692 3882 1708 3945 q

396 3965 473 4030 dam
486 3964 684 4050 possessioni
697 3963 847 4049 ejusdem
863 3962 945 4026 eccl.
961 3959 1003 4025 de
1020 3960 1110 4025 facto
1126 3960 1300 4025 incumbit.
1317 4000 1360 4010 —
1377 3959 1455 4025 Fiat
1469 3959 1509 4027 R.

441 4069 520 4133 Dat.
538 4067 634 4132 Avin.
657 4088 690 4151 15
708 4066 775 4131 kal.
798 4085 871 4149 aug.
889 4074 922 4129 a⁰
938 4072 981 4148 4⁰.
999 4064 1046 4146 (9,
1066 4064 1147 4147 91v).

450 4205 561 4287 885
1428 4234 1523 4298 1345,
1540 4218 1583 4279 18
1592 4216 1708 4297 juillet

444 4324 544 4407 Supp.
561 4321 704 4385 devotus
719 4327 829 4382 vester
844 4320 883 4382 ac
899 4316 1018 4401 se(dis)
1042 4325 1149 4401 apost.
1168 4336 1251 4402 cap,
1269 4316 1459 4382 Florentius
1470 4318 1513 4383 de
1528 4317 1548 4396 J
1552 4319 1670 4400 utsaeS,
1689 4344 1708 4386 c

397 4427 426 4490 T
428 4427 585 4510 rajecten.
602 4432 621 4502 ⁵,
639 4431 729 4506 quat.
745 4422 805 4485 sibi
833 4421 875 4485 de
903 4421 1111 4508 prepositura
1137 4429 1171 4484 et
1196 4420 1471 4486 archidiaconatu
1496 4424 1579 4489 eccl.
1596 4423 1708 4490 Oldcrr

398 4531 507 4610 lensis,
517 4530 704 4612 'l'rajecten
715 4527 844 4606 dioc,...
855 4526 1034 4609 dignemini
1047 4525 1221 4611 providere
1235 4548 1242 4603 ;
1258 4546 1324 4590 non
1339 4529 1425 4592 obst.
1439 4527 1531 4610 quod
1547 4540 1658 4593 canet
1671 4551 1707 4615 pr

399 4657 473 4700 cum
502 4633 737 4719 supplemento
764 4631 797 4693 in
825 4631 906 4694 eccl.
933 4630 1121 4713 Trajecten.
1150 4638 1184 4693 et
1209 4650 1283 4694 can.
1312 4632 1371 4693 sub
1399 4651 1474 4716 exp.
1499 4634 1591 4716 preb.
1623 4632 1657 4697 in
1680 4656 1707 4697 er

400 4737 558 4803 Leodien.
575 4736 726 4799 obtinere
742 4741 908 4798 noscatur.
926 4773 967 4782 -
985 4732 1060 4797 Fiat
1079 4732 1117 4796 R.

444 4843 522 4905 Dat.
539 4840 636 4904 Asin.
659 4859 667 4901 r
678 4860 693 4922 5
711 4836 775 4902 kal.
792 4858 865 4920 aug.
883 4845 916 4900 a⁰
932 4838 1005 4920 42(
1032 4887 1040 4915 ,
1059 4846 1126 4919 94).

431 5030 460 5087 a)
476 5027 532 5074 (bd.
547 5027 617 5073 ltorni
620 5041 659 5072 11111

399 5128 653 5141 -—-———··-⁶⁴··

435 5183 454 5227 l.
467 5179 528 5225 l'oir
546 5192 569 5224 u.
588 5177 642 5222 tlt.
703 5178 726 5222 2.
746 5175 811 5221 llam.
831 5175 884 5221 l'rrt.
898 5174 969 5223 Bali..
989 5174 1007 5224 l.
1027 5189 1052 5220 n.
1070 5177 1183 5222 blut-504.
1198 5175 1259 5221 vuir-
1273 5175 1331 5237 plus
1343 5176 1401 5224 liant
1420 5191 1444 5223 n.
1458 5179 1575 5226 tol-toa.
1591 5207 1623 5213 -
1636 5183 1659 5228 3.
1676 5182 1707 5229 Ri

401 5252 489 5316 (ΚΝΑ,
504 5251 570 5309 280),
583 5264 598 5295 n
609 5264 614 5294 ε
625 5249 655 5295 do
669 5248 865 5307 Srorrrculmrgh.
877 5275 907 5281 -
919 5248 941 5293 l.
955 5247 1053 5298 liirsclr.
1067 5246 1141 5304 Ir'oll.
1155 5251 1209 5303 278,
1223 5252 1277 5297 280,
1287 5278 1318 5283 -
1331 5254 1354 5297 ὁ.
1366 5250 1426 5296 l'oir
1438 5265 1463 5298 n.
1475 5253 1523 5298 322
1537 5268 1542 5310 ;
1560 5253 1645 5313 Brom,
1663 5270 1691 5304 n.
