4650 6059
483 757 533 822 1111
1047 755 1253 821 Introduction

482 928 542 994 par
564 906 694 971 reserve
710 905 751 972 de
774 904 859 983 Jean
883 903 998 985 XXII,
1022 903 1106 969 mais
1131 912 1223 970 cette
1249 905 1380 970 re'serve
1404 904 1528 971 n'avait
1544 927 1589 991 pu
1605 905 1676 970 etre
1691 906 1847 985 trouve'e,

483 1012 569 1077 alors
585 1009 684 1094 qu'on
702 1009 871 1095 possedait
887 1012 970 1075 celle
987 1010 1029 1075 de
1046 1008 1204 1074 Clement
1220 1009 1279 1076 VI.
1301 1009 1350 1075 La
1365 1010 1542 1096 supplique
1557 1010 1607 1075 161
1618 1010 1796 1092 (6166666,
1812 1021 1848 1076 61

483 1113 653 1180 concedes
668 1134 745 1179 sous
760 1115 792 1178 la
809 1111 888 1177 date
903 1113 1067 1199 premiere
1090 1114 1135 1179 du
1152 1134 1190 1178 21
1210 1116 1411 1200 septembre,
1433 1113 1512 1179 bien
1535 1135 1600 1198 que
1615 1114 1763 1180 soumise
1779 1117 1798 1181 a
1813 1116 1847 1180 la

483 1220 651 1303 signatum
667 1220 699 1283 le
718 1224 758 1282 1⁰¹
772 1220 910 1283 octobre
928 1226 948 1284 ¹.

528 1321 656 1387 Pariois
678 1323 727 1386 les
748 1321 908 1407 repenses
931 1322 976 1387 du
998 1341 1088 1407 pape
1110 1329 1189 1387 sont
1211 1323 1286 1408 plus
1309 1321 1482 1388 (1616111666
1504 1330 1540 1386 61
1562 1321 1765 1407 impliquent
1787 1323 1847 1388 des

485 1425 597 1490 ordres
612 1424 742 1490 donnes
757 1445 800 1489 au
812 1425 1115 1491 vice-chancelier:

526 1622 569 1681 De
584 1622 648 1682 istis
661 1621 838 1701 prioratibus
853 1621 880 1682 S.
895 1620 933 1681 V.
948 1622 1097 1681 commisit
1112 1621 1186 1680 mibi
1201 1622 1234 1683 P.
1250 1622 1368 1700 Ispano‚
1382 1622 1515 1701 episcopo
1530 1622 1693 1696 Sabinensi,
1702 1624 1783 1702 quod
1801 1643 1847 1684 me

484 1723 671 1782 informarem
685 1728 715 1782 et
729 1723 816 1782 retuli
830 1723 862 1781 in
875 1721 1047 1781 consistorio
1060 1727 1090 1781 61
1104 1720 1265 1781 mandastis
1279 1720 1358 1799 quod
1372 1720 1513 1780 darentur
1526 1720 1610 1781 vobis
1620 1721 1848 1800 supplicationes

485 1821 665 1898 (1,1.71’).

525 1917 632 1977 Videat
645 1917 802 1978 cardinalis
816 1916 1068 2002 vicecancellarius
1081 1916 1106 1977 si
1121 1916 1194 1976 tales
1214 1914 1439 1994 supplicationes
1460 1921 1529 1975 sunt
1549 1914 1686 1975 bullande
1704 1922 1735 1976 et
1756 1916 1848 1976 faciat

483 2014 562 2094 quod
576 2016 667 2074 fuerit
680 2015 806 2075 racionis
819 2022 849 2073 et
862 2014 887 2075 si
902 2014 1053 2074 bullentur
1064 2022 1214 2074 remaneat
1225 2013 1280 2074 sibi
1296 2014 1392 2091 gratia
1407 2013 1443 2073 R.
1460 2013 1503 2089 (9,
1518 2013 1540 2073 1.
1557 2019 1593 2074 59
1605 2013 1640 2088 v).

524 2112 592 2171 Fiat
606 2113 637 2172 in
650 2114 744 2172 forma
758 2132 811 2190 pro
822 2111 958 2170 omnibus
970 2112 1159 2189 suprapositis
1175 2111 1210 2171 R.
1226 2111 1274 2171 sed
1287 2110 1424 2171 recedant
1434 2110 1469 2170 (16
1480 2111 1571 2187 ouria,
1585 2130 1638 2170 nee
1651 2110 1847 2172 faciuntalios

483 2211 582 2269 venire
597 2210 666 2289 quia
680 2229 733 2288 pro
747 2208 856 2269 nichilo
870 2209 1035 2268 laborarent
1049 2210 1111 2268 sine
1126 2209 1249 2269 lectione
1265 2210 1308 2287 (6.
1327 2209 1428 2285 1781).

524 2306 707 2366 Exhibeatur
741 2306 939 2367 cardinalibus
976 2305 1160 2367 Montisolivi
1197 2312 1227 2366 et
1263 2313 1362 2367 sancte
1397 2306 1552 2366 Anastasio
1589 2312 1619 2366 et
1649 2307 1781 2368 referant
1811 2307 1846 2368 R.

486 2404 669 2480 (n.1859)2.

526 2592 555 2658 11
571 2600 622 2658 661
638 2615 703 2659 666
718 2593 861 2679 repense
874 2592 930 2678 qui
946 2600 1028 2679 peut
1044 2592 1213 2676 intriguer,
1230 2591 1310 2657 c’est
1327 2591 1411 2657 celle
1424 2593 1479 2676 qui
1496 2613 1531 2657 se
1544 2600 1663 2658 trouve
1679 2594 1699 2657 6
1713 2593 1748 2657 la
1759 2594 1846 2659 suite

481 2697 579 2762 d'une
595 2697 763 2763 demande
778 2697 820 2762 de
837 2698 1016 2763 canonicat
1028 2699 1047 2762 6
1058 2696 1160 2783 Liege
1175 2717 1235 2782 par
1250 2695 1336 2774 Jean
1348 2697 1390 2762 de
1401 2695 1556 2763 Glotonis
1573 2696 1699 2763 :uFiat
1710 2698 1846 2764 ratione

481 2801 556 2884 equi
581 2801 652 2866 sine
668 2802 807 2888 pedibus
824 2802 1044 2868 anterioribus
1061 2801 1101 2867 R.
1118 2822 1148 2866 6.
1173 2800 1289 2866 Ε61-66
1314 2821 1379 2866 666
1402 2801 1624 2886 plaisanterie,
1647 2810 1755 2867 est-ce
1779 2824 1845 2868 une

481 2906 622 2970 allusion
641 2912 655 2971 1

524 3006 652 3073 Τ66166
667 3009 716 3074 166
731 3011 924 3096 suppliques
940 3009 1102 3075 n’etaient
1116 3030 1177 3095 pas
1191 3007 1369 3093 acceptees
1384 3017 1420 3073 61
1441 3009 1465 3073 11
1488 3007 1572 3074 n'est
1594 3029 1654 3094 pas
1676 3029 1751 3074 rare
1767 3009 1844 3075 d'en

480 3119 672 3176 rencontrer
687 3113 771 3178 dans
786 3115 835 3179 les
850 3114 1004 3199 registres
1016 3113 1072 3197 qui
1085 3118 1162 3177 sont
1173 3111 1317 3176 barrees
1331 3109 1602 3193 Gene'ralement,
1619 3112 1700 3178 c'est
1715 3134 1802 3179 avec
1814 3116 1846 3179 le

479 3225 737 3281 consentement
759 3217 802 3283 (16
824 3216 1006 3283 1161666666
1022 3226 1043 3299 ³,
1066 3236 1167 3302 parce
1192 3214 1292 3299 qu’on
1314 3216 1360 3281 lui
1384 3215 1563 3302 apropose
1584 3237 1649 3281 une
1672 3218 1847 3283 meilleure

478 3317 652 3384 re'daction
668 3331 689 3384 ⁴.
705 3320 855 3386 Souvent
885 3322 982 3402 aussi,
999 3320 1080 3386 c'est
1095 3339 1195 3406 parce
1211 3339 1276 3402 que
1291 3320 1324 3383 la
1338 3315 1436 3404 grdce
1462 3320 1626 3385 6611161166
1653 3341 1673 3386 a
1688 3320 1765 3407 (16]’6
1790 3321 1846 3387 616

480 3421 643 3486 accordee
659 3424 679 3488 a
694 3443 739 3487 un
755 3432 849 3488 autre
865 3424 1070 3490 demandent
1081 3430 1102 3504 ⁵,
1115 3443 1159 3488 ou
1174 3422 1252 3488 bien
1269 3442 1333 3505 que
1349 3421 1562 3488 l'interessea
1575 3442 1652 3510 recu
1667 3445 1735 3489 une
1750 3433 1846 3490 autre

514 3664 536 3709 1.
550 3661 699 3711 Rectissime
711 3668 792 3726 pater.
806 3664 906 3712 Placuit
920 3666 944 3714 S.
956 3664 987 3712 V.
1000 3678 1089 3727 nuper,
1102 3664 1222 3712 videlieet
1234 3662 1284 3710 XI.
1294 3662 1344 3711 kal.
1356 3662 1469 3710 octobris
1482 3660 1605 3724 preteriti,
1620 3658 1693 3706 Helie
1714 3660 1845 3720 Aymerici

480 3736 512 3784 de
531 3735 642 3796 Cosagio¹
663 3737 757 3786 elerico
778 3738 965 3786 Lemovicensis
983 3738 1096 3796 diocesis,
1108 3738 1141 3786 de
1159 3738 1276 3800 prioratu
1293 3736 1414 3785 secularis
1432 3736 1537 3784 ecclesie
1560 3733 1690 3782 starchi
1708 3732 1741 3781 de
1759 3734 1845 3795 Regia,

483 3809 602 3856 Elboren.
617 3809 691 3869 (1166,
703 3813 745 3859 661
757 3826 818 3859 cura
830 3813 949 3860 imminet
965 3814 1118 3870 animarum,
1132 3815 1242 3859 vacante
1261 3825 1306 3873 per
1317 3811 1417 3858 obitum
1437 3808 1561 3857 Gonsalvi
1579 3807 1693 3863 Martini,
1712 3807 1845 3867 quondam

481 3885 560 3946 ipsius
570 3886 699 3944 prioratus
715 3886 800 3932 ultimi
814 3888 913 3947 prioris,
925 3885 1060 3947 providere
1072 3901 1078 3941 3
1096 3898 1186 3932 verum
1202 3899 1261 3932 cum
1275 3885 1299 3933 S.
1309 3884 1340 3932 V.
1352 3882 1527 3946 supplicatum
1539 3882 1619 3930 luerit
1635 3880 1668 3927 de
1679 3887 1789 3928 vacante
1801 3894 1846 3942 per

481 3958 679 4006 reservationem
691 3958 734 4007 161.
747 3974 788 4006 ree
804 3959 901 4006 (1616161
918 3973 984 4021 6666
1002 3959 1129 4006 debannis
1144 3958 1234 4016 ΧΧΙΙ,
1251 3965 1278 4007 61
1289 3957 1407 4021 predicta
1423 3958 1562 4005 reservatio
1573 3955 1682 4003 inveniri
1700 3968 1752 4002 non
1766 3955 1846 4015 possit

481 4037 618 4090 vestraque
630 4034 766 4080 reservatio
777 4033 935 4086 inveniatur,
953 4031 1083 4093 supplicat
1101 4030 1232 4093 predictus
1249 4033 1400 4094 Aymerieus
1417 4036 1546 4092 quatenus
1562 4029 1705 4091 predictam
1717 4028 1845 4090 supplica·

483 4105 578 4151 tionem
590 4105 638 4151 sub
647 4105 678 4153 V.
688 4106 713 4154 S.
725 4105 1047 4165 reservationedignemini
1056 4105 1202 4162 reformare,
1211 4109 1237 4151 et
1249 4104 1281 4152 de
1290 4119 1356 4152 novo
1368 4102 1538 4152 conterresub
1547 4101 1636 4150 eadem
1644 4100 1713 4159 data
1725 4101 1846 4150 videlicet

484 4176 532 4224 Xl.
545 4177 596 4224 kal.
608 4179 721 4226 octobris
731 4181 847 4241 proxime
859 4179 975 4241 preteriti
988 4195 993 4235 ;
1005 4192 1065 4225 eum
1076 4192 1128 4225 non
1145 4178 1310 4226 obsmntibus
1321 4183 1347 4225 et
1364 4176 1485 4225 clausulis
1501 4176 1642 4237 oportunis.
1651 4200 1683 4208 -
1700 4174 1761 4222 Fiat
1773 4174 1803 4222 R.
1815 4202 1845 4208 -

486 4248 520 4296 Et
531 4251 579 4296 sub
591 4250 679 4297 eadem
691 4250 760 4299 duta.
771 4252 834 4298 R.—
847 4252 913 4299 lt-em
925 4250 994 4311 quod
1006 4256 1121 4299 transcat
1132 4253 1187 4300 sine
1198 4253 1249 4299 alia
1260 4252 1378 4301 lectione.
1390 4279 1422 4286 —
1434 4252 1493 4298 Fiat
1505 4251 1535 4298 R.
1549 4250 1726 4310 Datum‘apud
1740 4249 1845 4297 Villam-

484 4337 584 4380 noram,
597 4325 777 4372 avinionensis
788 4325 902 4383 diocesis,
916 4324 1033 4372 kalendis
1044 4326 1162 4384 octobris,
1175 4340 1244 4374 anno
1255 4331 1349 4388 quarto
1361 4325 1438 4388 (1166
1453 4324 1553 4393 06661,
1565 4326 1587 4383 8,
1599 4323 1618 4372 f.
1630 4325 1660 4371 ul
1672 4323 1705 4383 v).

517 4422 539 4464 2.
555 4418 713 4478 Verrucosi,
727 4421 781 4479 721,
795 4422 848 4476 850,
863 4421 916 4476 890,
932 4421 1083 4479 1011,1136,
1098 4422 1167 4479 1118,
1182 4423 1252 4470 1209.

518 4518 539 4564 3.
565 4517 602 4564 De
624 4518 748 4566 mandato
770 4518 867 4565 domini
890 4519 971 4566 nostri
993 4532 1075 4581 papae
1103 4525 1129 4568 et
1151 4521 1184 4568 de
1212 4535 1336 4569 consensu
1359 4521 1474 4582 partium
1497 4518 1653 4581 supplicatio
1677 4525 1779 4567 cassata
1808 4528 1847 4566 est

486 4591 518 4652 (t.
533 4593 567 4649 18,
582 4592 665 4653 119).
710 4601 713 4608 '

519 4695 541 4738 1.
554 4692 703 4739 Cancelluta
714 4692 745 4740 de
758 4700 878 4755 precepto
889 4693 987 4740 domini
998 4695 1078 4740 nostri
1091 4695 1151 4754 quia
1160 4695 1224 4743 alibi
1237 4698 1264 4743 16
1276 4696 1375 4744 meliori
1389 4698 1472 4744 forma
1484 4698 1523 4758 (n.
1537 4697 1598 4753 133;
1611 4708 1634 4742 v.
1647 4695 1715 4756 301).

519 4794 542 4837 ὁ.
555 4790 702 4838 Cancellata
714 4791 746 4838 de
758 4797 878 4853 precepto
889 4792 986 4839 donnini
999 4794 1079 4840 nostri
1090 4795 1152 4853 quia
1162 4794 1238 4842 alteri
1251 4796 1322 4857 prius
1334 4794 1429 4844 collata
1441 4797 1476 4857 (1,
1489 4795 1507 4843 1.
1520 4796 1586 4853 100).

520 4872 670 4919 0666611616
680 4882 806 4932 quantum
824 4874 856 4920 ad
869 4876 1062 4936 preposituram,
1076 4877 1137 4935 quia
1154 4880 1225 4938 prius
1244 4877 1338 4925 collata
1356 4877 1468 4925 Henrieo
1480 4877 1601 4925 Thesauri
1619 4877 1645 4923 in
1660 4875 1789 4923 OLXllII
1803 4876 1847 4924 161.

488 4944 566 5005 liujus
579 4946 636 4992 libri
649 4949 683 5006 (2,
697 4947 715 4994 1.
729 4949 771 4994 101
785 4952 813 5009 l).

520 5020 669 5067 Cancellata
687 5020 765 5068 hicet
777 5024 803 5068 16
821 5022 939 5082 originali
950 5021 982 5070 de
994 5028 1114 5085 precepto
1131 5022 1227 5070 (1661161
1245 5026 1325 5071 nostri
1343 5039 1388 5086 per
1399 5039 1440 5073 me
1459 5025 1485 5074 P.
1504 5025 1632 5078 06616661,
1651 5024 1713 5084 quia
1730 5024 1775 5071 diu
1786 5032 1847 5071 ante

486 5094 986 5153 166661661161666161661.(16166611,
1010 5097 1143 5159 capellano
1166 5099 1263 5160 6666116
1290 5097 1405 5159 ejusdcm
1431 5098 1529 5147 domini
1558 5099 1638 5146 666161
1664 5099 1713 5157 (17,
1739 5098 1847 5152 1.·19’;

487 5169 519 5215 cr.
533 5171 555 5215 s.
568 5169 585 5216 r.
600 5170 645 5215 nas
657 5169 689 5229 v).
