<?xml version="1.0" encoding="UTF-8"?>
<!DOCTYPE html PUBLIC "-//W3C//DTD XHTML 1.0 Transitional//EN"
    "http://www.w3.org/TR/xhtml1/DTD/xhtml1-transitional.dtd">
<html xmlns="http://www.w3.org/1999/xhtml" xml:lang="en" lang="en">
 <head>
  <title>
</title>
<meta http-equiv="Content-Type" content="text/html;charset=utf-8" />
  <meta name='ocr-system' content='tesseract 3.04.00' />
  <meta name='ocr-capabilities' content='ocr_page ocr_carea ocr_par ocr_line ocrx_word'/>
</head>
<body>
  <div class='ocr_page' id='page_1' title='image "./suppliquesdeclm00goog_0258.png"; bbox 0 0 4650 6059; ppageno 0'>
   <div class='ocr_carea' id='block_1_1' title="bbox 991 795 1831 872">
    <p class='ocr_par' dir='ltr' id='par_1_1' title="bbox 991 795 1831 872">
     <span class='ocr_line' id='line_1_1' title="bbox 991 795 1831 872; baseline -0.001 -11"><span class='ocrx_word' id='word_1_1' title='bbox 991 795 1081 872; x_wconf 67' lang='lat'>1845,</span> <span class='ocrx_word' id='word_1_2' title='bbox 1103 795 1190 862; x_wconf 83' lang='lat'>10-12</span> <span class='ocrx_word' id='word_1_3' title='bbox 1211 811 1301 860; x_wconf 76' lang='lat' dir='ltr'>mers</span> <span class='ocrx_word' id='word_1_4' title='bbox 1766 795 1831 862; x_wconf 75' lang='lat'>208</span> 
     </span>
    </p>
   </div>
   <div class='ocr_carea' id='block_1_2' title="bbox 487 945 1831 1450">
    <p class='ocr_par' dir='ltr' id='par_1_2' title="bbox 487 945 1831 1345">
     <span class='ocr_line' id='line_1_2' title="bbox 487 945 1831 1033; baseline -0.001 -19"><span class='ocrx_word' id='word_1_5' title='bbox 487 948 546 1014; x_wconf 79' lang='lat' dir='ltr'>data</span> <span class='ocrx_word' id='word_1_6' title='bbox 559 967 652 1015; x_wconf 89' lang='lat' dir='ltr'>suum</span> <span class='ocrx_word' id='word_1_7' title='bbox 668 947 827 1016; x_wconf 89' lang='lat' dir='ltr'>sortiatur</span> <span class='ocrx_word' id='word_1_8' title='bbox 842 946 1011 1028; x_wconf 86' lang='lat' dir='ltr'>effectum,</span> <span class='ocrx_word' id='word_1_9' title='bbox 1025 953 1193 1029; x_wconf 88' lang='lat' dir='ltr'>tenentes,</span> <span class='ocrx_word' id='word_1_10' title='bbox 1210 945 1310 1012; x_wconf 88' lang='lat' dir='ltr'>Pater</span> <span class='ocrx_word' id='word_1_11' title='bbox 1325 945 1529 1030; x_wconf 81' lang='lat' dir='ltr'>beatissime,</span> <span class='ocrx_word' id='word_1_12' title='bbox 1551 946 1643 1033; x_wconf 94' lang='lat' dir='ltr'>quod</span> <span class='ocrx_word' id='word_1_13' title='bbox 1660 965 1704 1012; x_wconf 89' lang='lat' dir='ltr'>ex</span> <span class='ocrx_word' id='word_1_14' title='bbox 1718 946 1831 1033; x_wconf 77' lang='lat' dir='ltr'>huius-</span> 
     </span>
     <span class='ocr_line' id='line_1_3' title="bbox 488 1048 1831 1138; baseline 0.001 -21"><span class='ocrx_word' id='word_1_15' title='bbox 488 1051 558 1117; x_wconf 90' lang='lat' dir='ltr'>uodi</span> <span class='ocrx_word' id='word_1_16' title='bbox 576 1052 685 1137; x_wconf 86' lang='lat' dir='ltr'>gratia</span> <span class='ocrx_word' id='word_1_17' title='bbox 698 1072 769 1119; x_wconf 95' lang='lat' dir='ltr'>non</span> <span class='ocrx_word' id='word_1_18' title='bbox 784 1049 896 1118; x_wconf 88' lang='lat' dir='ltr'>minus</span> <span class='ocrx_word' id='word_1_19' title='bbox 909 1049 1141 1137; x_wconf 81' lang='lat' dir='ltr'><strong>provideretur</strong></span> <span class='ocrx_word' id='word_1_20' title='bbox 1155 1048 1298 1116; x_wconf 83' lang='lat' dir='ltr'>ecclesie</span> <span class='ocrx_word' id='word_1_21' title='bbox 1312 1069 1414 1134; x_wconf 90' lang='lat' dir='ltr'>quam</span> <span class='ocrx_word' id='word_1_22' title='bbox 1425 1069 1569 1138; x_wconf 83' lang='lat' dir='ltr'>persone</span> <span class='ocrx_word' id='word_1_23' title='bbox 1581 1073 1591 1133; x_wconf 83' lang='lat'>3</span> <span class='ocrx_word' id='word_1_24' title='bbox 1607 1050 1736 1117; x_wconf 91' lang='lat' dir='ltr'>dictam</span> <span class='ocrx_word' id='word_1_25' title='bbox 1746 1050 1779 1118; x_wconf 87' lang='lat' dir='ltr'>S.</span> <span class='ocrx_word' id='word_1_26' title='bbox 1788 1049 1831 1118; x_wconf 83' lang='lat' dir='ltr'>V.</span> 
     </span>
     <span class='ocr_line' id='line_1_4' title="bbox 489 1152 1830 1241; baseline 0 -19"><span class='ocrx_word' id='word_1_27' title='bbox 489 1162 642 1222; x_wconf 83' lang='lat' dir='ltr'>cmservet</span> <span class='ocrx_word' id='word_1_28' title='bbox 663 1155 845 1224; x_wconf 86' lang='lat' dir='ltr'>altissimus</span> <span class='ocrx_word' id='word_1_29' title='bbox 866 1152 1009 1222; x_wconf 74' lang='lat' dir='ltr'>ecclesie</span> <span class='ocrx_word' id='word_1_30' title='bbox 1022 1174 1081 1220; x_wconf 89' lang='lat' dir='ltr'>sue</span> <span class='ocrx_word' id='word_1_31' title='bbox 1096 1159 1213 1220; x_wconf 86' lang='lat' dir='ltr'>sancte</span> <span class='ocrx_word' id='word_1_32' title='bbox 1227 1152 1379 1220; x_wconf 83' lang='lat' dir='ltr'>felicibus</span> <span class='ocrx_word' id='word_1_33' title='bbox 1392 1155 1601 1241; x_wconf 87' lang='lat' dir='ltr'><strong>temporibus</strong></span> <span class='ocrx_word' id='word_1_34' title='bbox 1615 1163 1651 1221; x_wconf 91' lang='lat' dir='ltr'>et</span> <span class='ocrx_word' id='word_1_35' title='bbox 1666 1153 1830 1241; x_wconf 88' lang='lat' dir='ltr'>longevis.</span> 
     </span>
     <span class='ocr_line' id='line_1_5' title="bbox 488 1257 1517 1345; baseline 0.003 -21"><span class='ocrx_word' id='word_1_36' title='bbox 488 1298 517 1308; x_wconf 96' lang='lat'>—</span> <span class='ocrx_word' id='word_1_37' title='bbox 529 1257 601 1326; x_wconf 88' lang='lat' dir='ltr'>Fiat</span> <span class='ocrx_word' id='word_1_38' title='bbox 613 1279 685 1326; x_wconf 91' lang='lat' dir='ltr'>non</span> <span class='ocrx_word' id='word_1_39' title='bbox 701 1262 787 1327; x_wconf 88' lang='lat' dir='ltr'>obst.</span> <span class='ocrx_word' id='word_1_40' title='bbox 802 1259 895 1327; x_wconf 87' lang='lat' dir='ltr'>dicta</span> <span class='ocrx_word' id='word_1_41' title='bbox 910 1259 1069 1340; x_wconf 82' lang='lat' dir='ltr'>clausula,</span> <span class='ocrx_word' id='word_1_42' title='bbox 1085 1257 1145 1326; x_wconf 84' lang='lat' dir='ltr'>sed</span> <span class='ocrx_word' id='word_1_43' title='bbox 1159 1257 1203 1324; x_wconf 92' lang='lat' dir='ltr'>de</span> <span class='ocrx_word' id='word_1_44' title='bbox 1217 1257 1297 1325; x_wconf 88' lang='lat' dir='ltr'>data</span> <span class='ocrx_word' id='word_1_45' title='bbox 1311 1258 1459 1345; x_wconf 77' lang='lat' dir='ltr'>presenti</span> <span class='ocrx_word' id='word_1_46' title='bbox 1476 1257 1517 1327; x_wconf 91' lang='lat' dir='ltr'>R.</span> 
     </span>
    </p>

    <p class='ocr_par' dir='ltr' id='par_1_3' title="bbox 516 1361 1415 1450">
     <span class='ocr_line' id='line_1_6' title="bbox 516 1361 1415 1450; baseline -0.001 -20"><span class='ocrx_word' id='word_1_47' title='bbox 516 1361 588 1430; x_wconf 75' lang='lat' dir='ltr'>Dat</span> <span class='ocrx_word' id='word_1_48' title='bbox 603 1383 658 1450; x_wconf 87' lang='lat' dir='ltr'>ap.</span> <span class='ocrx_word' id='word_1_49' title='bbox 676 1362 925 1430; x_wconf 82' lang='lat' dir='ltr'>villamnovam</span> <span class='ocrx_word' id='word_1_50' title='bbox 942 1381 961 1448; x_wconf 92' lang='lat'>7</span> <span class='ocrx_word' id='word_1_51' title='bbox 977 1362 1022 1430; x_wconf 94' lang='lat' dir='ltr'>id.</span> <span class='ocrx_word' id='word_1_52' title='bbox 1037 1370 1136 1428; x_wconf 81' lang='lat' dir='ltr'>mart.</span> <span class='ocrx_word' id='word_1_53' title='bbox 1153 1368 1188 1428; x_wconf 83' lang='lat' dir='ltr'>a⁰</span> <span class='ocrx_word' id='word_1_54' title='bbox 1204 1367 1246 1447; x_wconf 82' lang='lat'>3⁰.</span> <span class='ocrx_word' id='word_1_55' title='bbox 1263 1362 1314 1447; x_wconf 79' lang='lat'>(6,</span> <span class='ocrx_word' id='word_1_56' title='bbox 1330 1363 1415 1449; x_wconf 82' lang='lat'><strong>77&#39;).</strong></span> 
     </span>
    </p>
   </div>
   <div class='ocr_carea' id='block_1_3' title="bbox 483 1513 1849 3069">
    <p class='ocr_par' dir='ltr' id='par_1_4' title="bbox 523 1513 1786 1614">
     <span class='ocr_line' id='line_1_7' title="bbox 523 1513 1786 1614; baseline -0.001 -15"><span class='ocrx_word' id='word_1_57' title='bbox 523 1513 627 1599; x_wconf 85' lang='lat'><strong>822.</strong></span> <span class='ocrx_word' id='word_1_58' title='bbox 1503 1549 1599 1614; x_wconf 81' lang='lat'><em>1345,</em></span> <span class='ocrx_word' id='word_1_59' title='bbox 1616 1550 1658 1596; x_wconf 92' lang='lat' dir='ltr'>ro</span> <span class='ocrx_word' id='word_1_60' title='bbox 1680 1551 1786 1598; x_wconf 84' lang='lat' dir='ltr'>mars.</span> 
     </span>
    </p>

    <p class='ocr_par' dir='ltr' id='par_1_5' title="bbox 483 1631 1849 2965">
     <span class='ocr_line' id='line_1_8' title="bbox 517 1631 1831 1722; baseline -0.002 -20"><span class='ocrx_word' id='word_1_61' title='bbox 517 1633 610 1722; x_wconf 83' lang='lat' dir='ltr'><strong>Supp.</strong></span> <span class='ocrx_word' id='word_1_62' title='bbox 628 1632 796 1721; x_wconf 88' lang='lat' dir='ltr'>Hugonus</span> <span class='ocrx_word' id='word_1_63' title='bbox 811 1633 961 1716; x_wconf 89' lang='lat' dir='ltr'>Gautier,</span> <span class='ocrx_word' id='word_1_64' title='bbox 976 1642 1070 1722; x_wconf 89' lang='lat' dir='ltr'>quat.</span> <span class='ocrx_word' id='word_1_65' title='bbox 1089 1631 1356 1722; x_wconf 87' lang='lat' dir='ltr'>[consanguineo</span> <span class='ocrx_word' id='word_1_66' title='bbox 1366 1654 1438 1717; x_wconf 89' lang='lat' dir='ltr'>suo,</span> <span class='ocrx_word' id='word_1_67' title='bbox 1450 1631 1598 1713; x_wconf 90' lang='lat' dir='ltr'>Johanni</span> <span class='ocrx_word' id='word_1_68' title='bbox 1610 1634 1653 1700; x_wconf 92' lang='lat' dir='ltr'>de</span> <span class='ocrx_word' id='word_1_69' title='bbox 1665 1633 1831 1717; x_wconf 84' lang='lat' dir='ltr'>Pelissier,</span> 
     </span>
     <span class='ocr_line' id='line_1_9' title="bbox 489 1735 1849 1826; baseline 0.002 -24"><span class='ocrx_word' id='word_1_70' title='bbox 489 1737 562 1825; x_wconf 76' lang='lat' dir='ltr'>cler]</span> <span class='ocrx_word' id='word_1_71' title='bbox 578 1737 749 1806; x_wconf 89' lang='lat' dir='ltr'>Tutellen.</span> <span class='ocrx_word' id='word_1_72' title='bbox 765 1738 864 1822; x_wconf 83' lang='lat' dir='ltr'>dioc,</span> <span class='ocrx_word' id='word_1_73' title='bbox 879 1738 1032 1826; x_wconf 85' lang='lat' dir='ltr'>parroch.</span> <span class='ocrx_word' id='word_1_74' title='bbox 1048 1738 1131 1806; x_wconf 90' lang='lat' dir='ltr'>eccl.</span> <span class='ocrx_word' id='word_1_75' title='bbox 1148 1735 1180 1805; x_wconf 89' lang='lat' dir='ltr'>S.</span> <span class='ocrx_word' id='word_1_76' title='bbox 1197 1735 1248 1805; x_wconf 91' lang='lat' dir='ltr'>M.</span> <span class='ocrx_word' id='word_1_77' title='bbox 1263 1737 1306 1804; x_wconf 91' lang='lat' dir='ltr'>de</span> <span class='ocrx_word' id='word_1_78' title='bbox 1327 1735 1493 1804; x_wconf 85' lang='lat' dir='ltr'>Fontanis</span> <span class='ocrx_word' id='word_1_79' title='bbox 1508 1736 1658 1821; x_wconf 88' lang='lat' dir='ltr'>Goberti,</span> <span class='ocrx_word' id='word_1_80' title='bbox 1674 1735 1832 1805; x_wconf 88' lang='lat' dir='ltr'>Camera-</span> <span class='ocrx_word' id='word_1_81' title='bbox 1848 1782 1849 1786; x_wconf 55' lang='lat'><em>=</em></span> 
     </span>
     <span class='ocr_line' id='line_1_10' title="bbox 490 1839 1832 1928; baseline 0.001 -21"><span class='ocrx_word' id='word_1_82' title='bbox 490 1858 543 1906; x_wconf 86' lang='lat' dir='ltr'>cen.</span> <span class='ocrx_word' id='word_1_83' title='bbox 556 1840 655 1922; x_wconf 80' lang='lat' dir='ltr'>dioc,</span> <span class='ocrx_word' id='word_1_84' title='bbox 670 1841 764 1927; x_wconf 89' lang='lat' dir='ltr'>cujus</span> <span class='ocrx_word' id='word_1_85' title='bbox 779 1840 937 1910; x_wconf 83' lang='lat' dir='ltr'>fructus...</span> <span class='ocrx_word' id='word_1_86' title='bbox 954 1861 993 1928; x_wconf 89' lang='lat'>²5</span> <span class='ocrx_word' id='word_1_87' title='bbox 1009 1841 1067 1909; x_wconf 79' lang='lat' dir='ltr'>hl).</span> <span class='ocrx_word' id='word_1_88' title='bbox 1083 1839 1199 1924; x_wconf 78' lang='lat' dir='ltr'>Paris,</span> <span class='ocrx_word' id='word_1_89' title='bbox 1209 1861 1275 1908; x_wconf 88' lang='lat' dir='ltr'>sec.</span> <span class='ocrx_word' id='word_1_90' title='bbox 1291 1848 1361 1908; x_wconf 86' lang='lat' dir='ltr'>tax.</span> <span class='ocrx_word' id='word_1_91' title='bbox 1376 1840 1514 1926; x_wconf 92' lang='lat' dir='ltr'>antique</span> <span class='ocrx_word' id='word_1_92' title='bbox 1528 1841 1669 1925; x_wconf 89' lang='lat' dir='ltr'>decime,</span> <span class='ocrx_word' id='word_1_93' title='bbox 1681 1841 1832 1908; x_wconf 88' lang='lat' dir='ltr'>valorem</span> 
     </span>
     <span class='ocr_line' id='line_1_11' title="bbox 490 1942 1834 2032; baseline 0.002 -23"><span class='ocrx_word' id='word_1_94' title='bbox 490 1961 618 2010; x_wconf 80' lang='lat' dir='ltr'>annurnn</span> <span class='ocrx_word' id='word_1_95' title='bbox 631 1963 704 2010; x_wconf 88' lang='lat' dir='ltr'>non</span> <span class='ocrx_word' id='word_1_96' title='bbox 727 1945 908 2029; x_wconf 86' lang='lat' dir='ltr'>excedunt,</span> <span class='ocrx_word' id='word_1_97' title='bbox 934 1945 977 2012; x_wconf 92' lang='lat' dir='ltr'>de</span> <span class='ocrx_word' id='word_1_98' title='bbox 1003 1965 1071 2032; x_wconf 88' lang='lat' dir='ltr'>qua</span> <span class='ocrx_word' id='word_1_99' title='bbox 1085 1964 1193 2031; x_wconf 90' lang='lat' dir='ltr'><strong>nuper</strong></span> <span class='ocrx_word' id='word_1_100' title='bbox 1208 1964 1294 2026; x_wconf 83' lang='lat' dir='ltr'>vac,</span> <span class='ocrx_word' id='word_1_101' title='bbox 1309 1964 1371 2031; x_wconf 92' lang='lat' dir='ltr'>pro</span> <span class='ocrx_word' id='word_1_102' title='bbox 1395 1963 1439 2012; x_wconf 91' lang='lat' dir='ltr'>eo</span> <span class='ocrx_word' id='word_1_103' title='bbox 1461 1944 1552 2032; x_wconf 92' lang='lat' dir='ltr'>quod</span> <span class='ocrx_word' id='word_1_104' title='bbox 1567 1943 1706 2031; x_wconf 80' lang='lat' dir='ltr'>Syrnon,</span> <span class='ocrx_word' id='word_1_105' title='bbox 1722 1942 1834 2012; x_wconf 84' lang='lat' dir='ltr'>dictus</span> 
     </span>
     <span class='ocr_line' id='line_1_12' title="bbox 490 2042 1833 2136; baseline 0.003 -25"><span class='ocrx_word' id='word_1_106' title='bbox 490 2042 651 2114; x_wconf 82' lang='lat' dir='ltr'>levoiseus</span> <span class='ocrx_word' id='word_1_107' title='bbox 661 2046 705 2114; x_wconf 90' lang='lat' dir='ltr'>de</span> <span class='ocrx_word' id='word_1_108' title='bbox 720 2046 889 2136; x_wconf 90' lang='lat' dir='ltr'>Pertaiug,</span> <span class='ocrx_word' id='word_1_109' title='bbox 905 2049 986 2118; x_wconf 91' lang='lat' dir='ltr'>olim</span> <span class='ocrx_word' id='word_1_110' title='bbox 1001 2048 1091 2116; x_wconf 90' lang='lat' dir='ltr'>dicte</span> <span class='ocrx_word' id='word_1_111' title='bbox 1107 2049 1190 2116; x_wconf 90' lang='lat' dir='ltr'>eccl.</span> <span class='ocrx_word' id='word_1_112' title='bbox 1206 2047 1486 2135; x_wconf 87' lang='lat' dir='ltr'>rector,parroch.</span> <span class='ocrx_word' id='word_1_113' title='bbox 1501 2049 1585 2116; x_wconf 91' lang='lat' dir='ltr'>eccl.</span> <span class='ocrx_word' id='word_1_114' title='bbox 1601 2046 1773 2116; x_wconf 86' lang='lat' dir='ltr'>S.Martini</span> <span class='ocrx_word' id='word_1_115' title='bbox 1788 2048 1833 2115; x_wconf 92' lang='lat' dir='ltr'>de</span> 
     </span>
     <span class='ocr_line' id='line_1_13' title="bbox 490 2146 1832 2240; baseline 0.004 -25"><span class='ocrx_word' id='word_1_116' title='bbox 490 2146 574 2233; x_wconf 79' lang='lat' dir='ltr'>loen,</span> <span class='ocrx_word' id='word_1_117' title='bbox 590 2148 760 2218; x_wconf 89' lang='lat' dir='ltr'>Morinen.</span> <span class='ocrx_word' id='word_1_118' title='bbox 776 2150 874 2235; x_wconf 83' lang='lat' dir='ltr'>dioc,</span> <span class='ocrx_word' id='word_1_119' title='bbox 901 2162 991 2221; x_wconf 91' lang='lat' dir='ltr'>auct.</span> <span class='ocrx_word' id='word_1_120' title='bbox 1006 2153 1196 2220; x_wconf 90' lang='lat' dir='ltr'>litterarum</span> <span class='ocrx_word' id='word_1_121' title='bbox 1211 2159 1396 2219; x_wconf 88' lang='lat' dir='ltr'>vestrarum</span> <span class='ocrx_word' id='word_1_122' title='bbox 1411 2151 1570 2219; x_wconf 82' lang='lat' dir='ltr'>extiterat</span> <span class='ocrx_word' id='word_1_123' title='bbox 1584 2152 1727 2240; x_wconf 82' lang='lat' dir='ltr'>pacifice</span> <span class='ocrx_word' id='word_1_124' title='bbox 1742 2173 1832 2220; x_wconf 83' lang='lat' dir='ltr'>asse-</span> 
     </span>
     <span class='ocr_line' id='line_1_14' title="bbox 490 2253 1832 2343; baseline 0.002 -24"><span class='ocrx_word' id='word_1_125' title='bbox 490 2262 574 2337; x_wconf 88' lang='lat' dir='ltr'>cutus,</span> <span class='ocrx_word' id='word_1_126' title='bbox 590 2254 665 2323; x_wconf 86' lang='lat' dir='ltr'><strong>S.V.</strong></span> <span class='ocrx_word' id='word_1_127' title='bbox 679 2253 828 2334; x_wconf 86' lang='lat' dir='ltr'>Johanni</span> <span class='ocrx_word' id='word_1_128' title='bbox 843 2255 958 2340; x_wconf 92' lang='lat' dir='ltr'>Vituli,</span> <span class='ocrx_word' id='word_1_129' title='bbox 975 2257 1053 2324; x_wconf 92' lang='lat' dir='ltr'>cler.</span> <span class='ocrx_word' id='word_1_130' title='bbox 1070 2254 1239 2323; x_wconf 90' lang='lat' dir='ltr'>Morinen.</span> <span class='ocrx_word' id='word_1_131' title='bbox 1248 2255 1347 2338; x_wconf 78' lang='lat' dir='ltr'>dioc,</span> <span class='ocrx_word' id='word_1_132' title='bbox 1362 2254 1507 2342; x_wconf 84' lang='lat' dir='ltr'>gratiose</span> <span class='ocrx_word' id='word_1_133' title='bbox 1521 2255 1679 2342; x_wconf 89' lang='lat' dir='ltr'>providit,</span> <span class='ocrx_word' id='word_1_134' title='bbox 1689 2264 1724 2323; x_wconf 91' lang='lat' dir='ltr'>et</span> <span class='ocrx_word' id='word_1_135' title='bbox 1739 2264 1832 2343; x_wconf 89' lang='lat' dir='ltr'>post·</span> 
     </span>
     <span class='ocr_line' id='line_1_15' title="bbox 489 2357 1831 2447; baseline 0.001 -23"><span class='ocrx_word' id='word_1_136' title='bbox 489 2357 616 2441; x_wconf 88' lang='lat' dir='ltr'>nodum,</span> <span class='ocrx_word' id='word_1_137' title='bbox 632 2359 943 2446; x_wconf 87' lang='lat' dir='ltr'>antequamlittere</span> <span class='ocrx_word' id='word_1_138' title='bbox 957 2359 1065 2447; x_wconf 87' lang='lat' dir='ltr'>gratie</span> <span class='ocrx_word' id='word_1_139' title='bbox 1080 2359 1282 2447; x_wconf 87' lang='lat' dir='ltr'>provisionis</span> <span class='ocrx_word' id='word_1_140' title='bbox 1303 2359 1495 2445; x_wconf 88' lang='lat' dir='ltr'>hujusmodi</span> <span class='ocrx_word' id='word_1_141' title='bbox 1509 2359 1639 2427; x_wconf 83' lang='lat' dir='ltr'>bullate</span> <span class='ocrx_word' id='word_1_142' title='bbox 1661 2368 1785 2441; x_wconf 86' lang='lat' dir='ltr'>essent,</span> <span class='ocrx_word' id='word_1_143' title='bbox 1800 2359 1831 2426; x_wconf 91' lang='lat' dir='ltr'>ei</span> 
     </span>
     <span class='ocr_line' id='line_1_16' title="bbox 488 2460 1832 2550; baseline 0.003 -24"><span class='ocrx_word' id='word_1_144' title='bbox 488 2460 620 2529; x_wconf 78' lang='lat' dir='ltr'>similiter</span> <span class='ocrx_word' id='word_1_145' title='bbox 642 2463 685 2530; x_wconf 91' lang='lat' dir='ltr'>de</span> <span class='ocrx_word' id='word_1_146' title='bbox 708 2463 862 2550; x_wconf 87' lang='lat' dir='ltr'>parroch.</span> <span class='ocrx_word' id='word_1_147' title='bbox 888 2465 972 2532; x_wconf 91' lang='lat' dir='ltr'>eccl.</span> <span class='ocrx_word' id='word_1_148' title='bbox 1000 2464 1043 2531; x_wconf 93' lang='lat' dir='ltr'>de</span> <span class='ocrx_word' id='word_1_149' title='bbox 1059 2463 1311 2546; x_wconf 89' lang='lat' dir='ltr'>Vulvriuchem,</span> <span class='ocrx_word' id='word_1_150' title='bbox 1335 2461 1426 2530; x_wconf 88' lang='lat' dir='ltr'>dicte</span> <span class='ocrx_word' id='word_1_151' title='bbox 1443 2461 1611 2530; x_wconf 89' lang='lat' dir='ltr'>Morinen.</span> <span class='ocrx_word' id='word_1_152' title='bbox 1632 2463 1730 2546; x_wconf 81' lang='lat' dir='ltr'>dioc,</span> <span class='ocrx_word' id='word_1_153' title='bbox 1746 2484 1832 2546; x_wconf 79' lang='lat' dir='ltr'>vac,</span> 
     </span>
     <span class='ocr_line' id='line_1_17' title="bbox 488 2564 1833 2654; baseline 0.004 -26"><span class='ocrx_word' id='word_1_154' title='bbox 488 2564 572 2632; x_wconf 85' lang='lat' dir='ltr'>etiam</span> <span class='ocrx_word' id='word_1_155' title='bbox 586 2567 790 2654; x_wconf 89' lang='lat' dir='ltr'>providistis,</span> <span class='ocrx_word' id='word_1_156' title='bbox 807 2576 842 2634; x_wconf 92' lang='lat' dir='ltr'>et</span> <span class='ocrx_word' id='word_1_157' title='bbox 856 2588 921 2654; x_wconf 90' lang='lat' dir='ltr'>que</span> <span class='ocrx_word' id='word_1_158' title='bbox 933 2567 1069 2653; x_wconf 89' lang='lat' dir='ltr'>quidem</span> <span class='ocrx_word' id='word_1_159' title='bbox 1085 2567 1168 2634; x_wconf 91' lang='lat' dir='ltr'>eccl.</span> <span class='ocrx_word' id='word_1_160' title='bbox 1184 2566 1227 2633; x_wconf 92' lang='lat' dir='ltr'>de</span> <span class='ocrx_word' id='word_1_161' title='bbox 1243 2565 1407 2634; x_wconf 85' lang='lat' dir='ltr'>Fontanis</span> <span class='ocrx_word' id='word_1_162' title='bbox 1421 2565 1561 2633; x_wconf 88' lang='lat' dir='ltr'>Goberti</span> <span class='ocrx_word' id='word_1_163' title='bbox 1576 2587 1637 2654; x_wconf 86' lang='lat' dir='ltr'>per</span> <span class='ocrx_word' id='word_1_164' title='bbox 1650 2568 1833 2634; x_wconf 86' lang='lat' dir='ltr'>assecutio·</span> 
     </span>
     <span class='ocr_line' id='line_1_18' title="bbox 485 2669 1832 2758; baseline 0.003 -26"><span class='ocrx_word' id='word_1_165' title='bbox 485 2687 548 2734; x_wconf 89' lang='lat' dir='ltr'>nem</span> <span class='ocrx_word' id='word_1_166' title='bbox 561 2669 738 2758; x_wconf 74' lang='lat' dir='ltr'>pacificam</span> <span class='ocrx_word' id='word_1_167' title='bbox 752 2670 843 2738; x_wconf 87' lang='lat' dir='ltr'>dicte</span> <span class='ocrx_word' id='word_1_168' title='bbox 858 2672 941 2739; x_wconf 89' lang='lat' dir='ltr'>eccl.</span> <span class='ocrx_word' id='word_1_169' title='bbox 956 2671 999 2738; x_wconf 91' lang='lat' dir='ltr'>de</span> <span class='ocrx_word' id='word_1_170' title='bbox 1014 2670 1256 2738; x_wconf 84' lang='lat' dir='ltr'>Vulvrinchem</span> <span class='ocrx_word' id='word_1_171' title='bbox 1280 2670 1315 2736; x_wconf 93' lang='lat' dir='ltr'>in</span> <span class='ocrx_word' id='word_1_172' title='bbox 1341 2669 1495 2757; x_wconf 86' lang='lat' dir='ltr'>proximo</span> <span class='ocrx_word' id='word_1_173' title='bbox 1516 2688 1640 2736; x_wconf 88' lang='lat' dir='ltr'>vacare</span> <span class='ocrx_word' id='word_1_174' title='bbox 1670 2678 1832 2757; x_wconf 87' lang='lat' dir='ltr'>speratur,</span> 
     </span>
     <span class='ocr_line' id='line_1_19' title="bbox 484 2772 1832 2862; baseline 0.001 -25"><span class='ocrx_word' id='word_1_175' title='bbox 484 2772 707 2841; x_wconf 68' lang='lat' dir='ltr'>mutuendam</span> <span class='ocrx_word' id='word_1_176' title='bbox 721 2773 816 2841; x_wconf 90' lang='lat' dir='ltr'>dicto</span> <span class='ocrx_word' id='word_1_177' title='bbox 839 2773 1000 2858; x_wconf 90' lang='lat' dir='ltr'>Johanni,</span> <span class='ocrx_word' id='word_1_178' title='bbox 1021 2774 1102 2842; x_wconf 92' lang='lat' dir='ltr'>dum</span> <span class='ocrx_word' id='word_1_179' title='bbox 1125 2794 1187 2862; x_wconf 90' lang='lat' dir='ltr'>per</span> <span class='ocrx_word' id='word_1_180' title='bbox 1206 2773 1397 2860; x_wconf 85' lang='lat' dir='ltr'>hujusmodi</span> <span class='ocrx_word' id='word_1_181' title='bbox 1421 2773 1666 2842; x_wconf 87' lang='lat' dir='ltr'>assecutionem</span> <span class='ocrx_word' id='word_1_182' title='bbox 1687 2773 1832 2855; x_wconf 84' lang='lat' dir='ltr'>vacabit,</span> 
     </span>
     <span class='ocr_line' id='line_1_20' title="bbox 483 2874 1372 2965; baseline 0.004 -25"><span class='ocrx_word' id='word_1_183' title='bbox 483 2874 642 2945; x_wconf 86' lang='lat' dir='ltr'>donationi</span> <span class='ocrx_word' id='word_1_184' title='bbox 658 2885 768 2965; x_wconf 84' lang='lat' dir='ltr'>apost.</span> <span class='ocrx_word' id='word_1_185' title='bbox 783 2878 967 2965; x_wconf 84' lang='lat' dir='ltr'>dignemini</span> <span class='ocrx_word' id='word_1_186' title='bbox 981 2897 1161 2945; x_wconf 85' lang='lat' dir='ltr'>reservare.</span> <span class='ocrx_word' id='word_1_187' title='bbox 1182 2915 1215 2927; x_wconf 98' lang='lat'>-</span> <span class='ocrx_word' id='word_1_188' title='bbox 1236 2876 1315 2944; x_wconf 87' lang='lat' dir='ltr'>Fiat</span> <span class='ocrx_word' id='word_1_189' title='bbox 1331 2876 1372 2944; x_wconf 93' lang='lat' dir='ltr'>R.</span> 
     </span>
    </p>

    <p class='ocr_par' dir='ltr' id='par_1_6' title="bbox 517 2979 1414 3069">
     <span class='ocr_line' id='line_1_21' title="bbox 517 2979 1414 3069; baseline 0.001 -23"><span class='ocrx_word' id='word_1_190' title='bbox 517 2979 590 3048; x_wconf 85' lang='lat' dir='ltr'>Dat</span> <span class='ocrx_word' id='word_1_191' title='bbox 604 3001 661 3069; x_wconf 91' lang='lat' dir='ltr'>ap.</span> <span class='ocrx_word' id='word_1_192' title='bbox 676 2980 928 3049; x_wconf 83' lang='lat' dir='ltr'>villamnovam</span> <span class='ocrx_word' id='word_1_193' title='bbox 945 2986 964 3047; x_wconf 88' lang='lat'><strong>6</strong></span> <span class='ocrx_word' id='word_1_194' title='bbox 979 2981 1024 3049; x_wconf 93' lang='lat' dir='ltr'>id.</span> <span class='ocrx_word' id='word_1_195' title='bbox 1039 2989 1139 3050; x_wconf 89' lang='lat' dir='ltr'>mart.</span> <span class='ocrx_word' id='word_1_196' title='bbox 1155 2988 1190 3048; x_wconf 87' lang='lat' dir='ltr'>a⁰</span> <span class='ocrx_word' id='word_1_197' title='bbox 1206 2987 1249 3067; x_wconf 84' lang='lat'>3⁰.</span> <span class='ocrx_word' id='word_1_198' title='bbox 1265 2982 1315 3067; x_wconf 81' lang='lat'>(6,</span> <span class='ocrx_word' id='word_1_199' title='bbox 1332 2982 1414 3068; x_wconf 81' lang='lat'><strong>82&#39;).</strong></span> 
     </span>
    </p>
   </div>
   <div class='ocr_carea' id='block_1_4' title="bbox 482 3134 1835 3962">
    <p class='ocr_par' dir='ltr' id='par_1_7' title="bbox 523 3134 1788 3234">
     <span class='ocr_line' id='line_1_22' title="bbox 523 3134 1788 3234; baseline 0 -17"><span class='ocrx_word' id='word_1_200' title='bbox 523 3134 631 3222; x_wconf 86' lang='lat'><strong>823.</strong></span> <span class='ocrx_word' id='word_1_201' title='bbox 1514 3170 1608 3234; x_wconf 79' lang='lat'>1345,</span> <span class='ocrx_word' id='word_1_202' title='bbox 1626 3171 1666 3215; x_wconf 91' lang='lat' dir='ltr'>rr</span> <span class='ocrx_word' id='word_1_203' title='bbox 1683 3171 1788 3217; x_wconf 77' lang='lat' dir='ltr'>mors.</span> 
     </span>
    </p>

    <p class='ocr_par' dir='ltr' id='par_1_8' title="bbox 482 3253 1835 3837">
     <span class='ocr_line' id='line_1_23' title="bbox 516 3253 1833 3342; baseline 0.002 -25"><span class='ocrx_word' id='word_1_204' title='bbox 516 3253 613 3340; x_wconf 85' lang='lat' dir='ltr'><strong>Supp.</strong></span> <span class='ocrx_word' id='word_1_205' title='bbox 628 3262 741 3319; x_wconf 86' lang='lat' dir='ltr'>vester</span> <span class='ocrx_word' id='word_1_206' title='bbox 756 3274 829 3340; x_wconf 89' lang='lat' dir='ltr'>cap.</span> <span class='ocrx_word' id='word_1_207' title='bbox 845 3253 865 3331; x_wconf 90' lang='lat' dir='ltr'>J</span> <span class='ocrx_word' id='word_1_208' title='bbox 869 3255 1062 3339; x_wconf 89' lang='lat' dir='ltr'>(ohannes),</span> <span class='ocrx_word' id='word_1_209' title='bbox 1080 3253 1221 3320; x_wconf 87' lang='lat' dir='ltr'>Remen.</span> <span class='ocrx_word' id='word_1_210' title='bbox 1244 3254 1450 3340; x_wconf 79' lang='lat' dir='ltr'>archiepisc,</span> <span class='ocrx_word' id='word_1_211' title='bbox 1465 3262 1556 3338; x_wconf 87' lang='lat' dir='ltr'>quat.</span> <span class='ocrx_word' id='word_1_212' title='bbox 1581 3253 1775 3342; x_wconf 88' lang='lat' dir='ltr'>[secretario</span> <span class='ocrx_word' id='word_1_213' title='bbox 1798 3263 1833 3319; x_wconf 88' lang='lat' dir='ltr'>et</span> 
     </span>
     <span class='ocr_line' id='line_1_24' title="bbox 483 3355 1835 3444; baseline 0.003 -27"><span class='ocrx_word' id='word_1_214' title='bbox 483 3374 546 3441; x_wconf 84' lang='lat' dir='ltr'>cup.</span> <span class='ocrx_word' id='word_1_215' title='bbox 561 3377 633 3437; x_wconf 87' lang='lat' dir='ltr'>su0,</span> <span class='ocrx_word' id='word_1_216' title='bbox 659 3355 839 3422; x_wconf 90' lang='lat' dir='ltr'>Guillelmo</span> <span class='ocrx_word' id='word_1_217' title='bbox 855 3356 1034 3437; x_wconf 84' lang='lat' dir='ltr'>Piffondet,</span> <span class='ocrx_word' id='word_1_218' title='bbox 1051 3357 1190 3444; x_wconf 88' lang='lat' dir='ltr'>presb.,]</span> <span class='ocrx_word' id='word_1_219' title='bbox 1208 3356 1251 3422; x_wconf 93' lang='lat' dir='ltr'>de</span> <span class='ocrx_word' id='word_1_220' title='bbox 1267 3377 1340 3423; x_wconf 87' lang='lat' dir='ltr'>can.</span> <span class='ocrx_word' id='word_1_221' title='bbox 1363 3365 1398 3422; x_wconf 90' lang='lat' dir='ltr'>et</span> <span class='ocrx_word' id='word_1_222' title='bbox 1423 3360 1516 3443; x_wconf 93' lang='lat' dir='ltr'>preb.</span> <span class='ocrx_word' id='word_1_223' title='bbox 1541 3357 1735 3438; x_wconf 85' lang='lat' dir='ltr'>Sicliniensi,</span> <span class='ocrx_word' id='word_1_224' title='bbox 1751 3357 1835 3423; x_wconf 90' lang='lat' dir='ltr'>Tor-</span> 
     </span>
     <span class='ocr_line' id='line_1_25' title="bbox 482 3452 1835 3548; baseline 0.007 -29"><span class='ocrx_word' id='word_1_225' title='bbox 482 3477 587 3525; x_wconf 86' lang='lat' dir='ltr'>nacen.</span> <span class='ocrx_word' id='word_1_226' title='bbox 603 3460 702 3540; x_wconf 79' lang='lat' dir='ltr'>dioc,</span> <span class='ocrx_word' id='word_1_227' title='bbox 719 3480 792 3527; x_wconf 91' lang='lat' dir='ltr'>vac.</span> <span class='ocrx_word' id='word_1_228' title='bbox 809 3461 842 3525; x_wconf 95' lang='lat' dir='ltr'>in</span> <span class='ocrx_word' id='word_1_229' title='bbox 859 3481 927 3526; x_wconf 91' lang='lat' dir='ltr'>cur.</span> <span class='ocrx_word' id='word_1_230' title='bbox 942 3481 1002 3547; x_wconf 91' lang='lat' dir='ltr'>per</span> <span class='ocrx_word' id='word_1_231' title='bbox 1016 3461 1267 3546; x_wconf 89' lang='lat' dir='ltr'>promotionem</span> <span class='ocrx_word' id='word_1_232' title='bbox 1283 3460 1374 3526; x_wconf 90' lang='lat' dir='ltr'>dom.</span> <span class='ocrx_word' id='word_1_233' title='bbox 1398 3460 1558 3528; x_wconf 90' lang='lat' dir='ltr'>Hominis</span> <span class='ocrx_word' id='word_1_234' title='bbox 1574 3452 1645 3528; x_wconf 65' lang='lat' dir='ltr'>&#39;&#39;ad</span> <span class='ocrx_word' id='word_1_235' title='bbox 1661 3462 1835 3548; x_wconf 88' lang='lat' dir='ltr'>episcopa·</span> 
     </span>
     <span class='ocr_line' id='line_1_26' title="bbox 483 3562 1835 3651; baseline 0.005 -27"><span class='ocrx_word' id='word_1_236' title='bbox 483 3571 540 3626; x_wconf 82' lang='lat' dir='ltr'>turn</span> <span class='ocrx_word' id='word_1_237' title='bbox 555 3562 724 3629; x_wconf 87' lang='lat' dir='ltr'>Taranen.</span> <span class='ocrx_word' id='word_1_238' title='bbox 733 3563 918 3648; x_wconf 92' lang='lat' dir='ltr'>dignemini</span> <span class='ocrx_word' id='word_1_239' title='bbox 933 3565 1109 3650; x_wconf 88' lang='lat' dir='ltr'>providere</span> <span class='ocrx_word' id='word_1_240' title='bbox 1125 3588 1134 3645; x_wconf 92' lang='lat'>;</span> <span class='ocrx_word' id='word_1_241' title='bbox 1162 3586 1231 3632; x_wconf 93' lang='lat' dir='ltr'>non</span> <span class='ocrx_word' id='word_1_242' title='bbox 1247 3567 1333 3631; x_wconf 90' lang='lat' dir='ltr'>obst.</span> <span class='ocrx_word' id='word_1_243' title='bbox 1350 3565 1440 3648; x_wconf 93' lang='lat' dir='ltr'>quod</span> <span class='ocrx_word' id='word_1_244' title='bbox 1461 3586 1563 3632; x_wconf 87' lang='lat' dir='ltr'>unam</span> <span class='ocrx_word' id='word_1_245' title='bbox 1587 3567 1776 3651; x_wconf 87' lang='lat' dir='ltr'>portionem</span> <span class='ocrx_word' id='word_1_246' title='bbox 1801 3567 1835 3631; x_wconf 94' lang='lat' dir='ltr'>in</span> 
     </span>
     <span class='ocr_line' id='line_1_27' title="bbox 483 3663 1835 3750; baseline 0.005 -24"><span class='ocrx_word' id='word_1_247' title='bbox 483 3663 506 3727; x_wconf 74' lang='lat' dir='ltr'>S.</span> <span class='ocrx_word' id='word_1_248' title='bbox 519 3666 700 3731; x_wconf 76' lang='lat' dir='ltr'>laurentio</span> <span class='ocrx_word' id='word_1_249' title='bbox 715 3666 757 3732; x_wconf 90' lang='lat' dir='ltr'>de</span> <span class='ocrx_word' id='word_1_250' title='bbox 774 3667 806 3733; x_wconf 88' lang='lat' dir='ltr'>S.</span> <span class='ocrx_word' id='word_1_251' title='bbox 824 3668 997 3735; x_wconf 86' lang='lat' dir='ltr'>Salvatore</span> <span class='ocrx_word' id='word_1_252' title='bbox 1014 3668 1187 3750; x_wconf 89' lang='lat' dir='ltr'>Lendeliu,</span> <span class='ocrx_word' id='word_1_253' title='bbox 1205 3668 1437 3735; x_wconf 87' lang='lat' dir='ltr'>Constantien.</span> <span class='ocrx_word' id='word_1_254' title='bbox 1458 3668 1556 3750; x_wconf 77' lang='lat' dir='ltr'>dioc,</span> <span class='ocrx_word' id='word_1_255' title='bbox 1577 3670 1726 3735; x_wconf 88' lang='lat' dir='ltr'>noscitur</span> <span class='ocrx_word' id='word_1_256' title='bbox 1749 3669 1835 3734; x_wconf 90' lang='lat' dir='ltr'>obti-</span> 
     </span>
     <span class='ocr_line' id='line_1_28' title="bbox 482 3768 787 3837; baseline 0.016 -6"><span class='ocrx_word' id='word_1_257' title='bbox 482 3787 557 3836; x_wconf 91' lang='lat' dir='ltr'>nere.</span> <span class='ocrx_word' id='word_1_258' title='bbox 577 3811 622 3819; x_wconf 97' lang='lat'>-</span> <span class='ocrx_word' id='word_1_259' title='bbox 644 3768 722 3836; x_wconf 90' lang='lat' dir='ltr'>Fiat</span> <span class='ocrx_word' id='word_1_260' title='bbox 746 3770 787 3837; x_wconf 88' lang='lat' dir='ltr'>R.</span> 
     </span>
    </p>

    <p class='ocr_par' dir='ltr' id='par_1_9' title="bbox 516 3873 1405 3962">
     <span class='ocr_line' id='line_1_29' title="bbox 516 3873 1405 3962; baseline 0 -21"><span class='ocrx_word' id='word_1_261' title='bbox 516 3873 593 3942; x_wconf 81' lang='lat' dir='ltr'>Dat.</span> <span class='ocrx_word' id='word_1_262' title='bbox 609 3895 665 3962; x_wconf 92' lang='lat' dir='ltr'>ap.</span> <span class='ocrx_word' id='word_1_263' title='bbox 682 3874 933 3942; x_wconf 84' lang='lat' dir='ltr'>villamnovam</span> <span class='ocrx_word' id='word_1_264' title='bbox 950 3896 967 3961; x_wconf 85' lang='lat'><strong>5</strong></span> <span class='ocrx_word' id='word_1_265' title='bbox 985 3876 1029 3942; x_wconf 95' lang='lat' dir='ltr'>id.</span> <span class='ocrx_word' id='word_1_266' title='bbox 1045 3884 1143 3941; x_wconf 90' lang='lat' dir='ltr'>mart.</span> <span class='ocrx_word' id='word_1_267' title='bbox 1160 3883 1193 3942; x_wconf 88' lang='lat' dir='ltr'>a⁰</span> <span class='ocrx_word' id='word_1_268' title='bbox 1210 3883 1253 3961; x_wconf 87' lang='lat'>3⁰.</span> <span class='ocrx_word' id='word_1_269' title='bbox 1269 3876 1319 3960; x_wconf 83' lang='lat'>(6,</span> <span class='ocrx_word' id='word_1_270' title='bbox 1337 3875 1405 3961; x_wconf 86' lang='lat'><strong>84).</strong></span> 
     </span>
    </p>
   </div>
   <div class='ocr_carea' id='block_1_5' title="bbox 515 4027 1836 4234">
    <p class='ocr_par' dir='ltr' id='par_1_10' title="bbox 515 4027 1836 4234">
     <span class='ocr_line' id='line_1_30' title="bbox 521 4027 1790 4126; baseline -0.004 -15"><span class='ocrx_word' id='word_1_271' title='bbox 521 4027 763 4112; x_wconf 84' lang='lat'><strong>824·825.</strong></span> <span class='ocrx_word' id='word_1_272' title='bbox 1517 4060 1612 4126; x_wconf 70' lang='lat'>1345,</span> <span class='ocrx_word' id='word_1_273' title='bbox 1629 4062 1669 4106; x_wconf 82' lang='lat'>12</span> <span class='ocrx_word' id='word_1_274' title='bbox 1687 4062 1790 4106; x_wconf 84' lang='lat' dir='ltr'>mars.</span> 
     </span>
     <span class='ocr_line' id='line_1_31' title="bbox 515 4144 1836 4234; baseline -0.002 -21"><span class='ocrx_word' id='word_1_275' title='bbox 515 4147 616 4234; x_wconf 89' lang='lat' dir='ltr'><strong>Supp.</strong></span> <span class='ocrx_word' id='word_1_276' title='bbox 643 4145 873 4232; x_wconf 87' lang='lat' dir='ltr'>Raymundus,</span> <span class='ocrx_word' id='word_1_277' title='bbox 902 4144 1069 4211; x_wconf 90' lang='lat' dir='ltr'>Morinen.</span> <span class='ocrx_word' id='word_1_278' title='bbox 1093 4145 1206 4231; x_wconf 71' lang='lat' dir='ltr'>episc,</span> <span class='ocrx_word' id='word_1_279' title='bbox 1227 4153 1318 4230; x_wconf 89' lang='lat' dir='ltr'>quat.</span> <span class='ocrx_word' id='word_1_280' title='bbox 1338 4144 1470 4233; x_wconf 90' lang='lat' dir='ltr'>[nepoti</span> <span class='ocrx_word' id='word_1_281' title='bbox 1497 4166 1568 4226; x_wconf 92' lang='lat' dir='ltr'>su0,</span> <span class='ocrx_word' id='word_1_282' title='bbox 1595 4144 1767 4211; x_wconf 88' lang='lat' dir='ltr'>Bemardo</span> <span class='ocrx_word' id='word_1_283' title='bbox 1792 4145 1836 4212; x_wconf 87' lang='lat' dir='ltr'>de</span> 
     </span>
    </p>
   </div>
   <div class='ocr_carea' id='block_1_6' title="bbox 480 4248 1837 5058">
    <p class='ocr_par' dir='ltr' id='par_1_11' title="bbox 480 4248 1837 5058">
     <span class='ocr_line' id='line_1_32' title="bbox 482 4248 1836 4335; baseline 0.002 -22"><span class='ocrx_word' id='word_1_284' title='bbox 482 4248 685 4317; x_wconf 85' lang='lat' dir='ltr'>Castanhaeo</span> <span class='ocrx_word' id='word_1_285' title='bbox 693 4260 715 4332; x_wconf 86' lang='lat'>²,</span> <span class='ocrx_word' id='word_1_286' title='bbox 725 4249 821 4335; x_wconf 75' lang='lat' dir='ltr'>cleu]</span> <span class='ocrx_word' id='word_1_287' title='bbox 836 4249 998 4315; x_wconf 92' lang='lat' dir='ltr'>Rivorum</span> <span class='ocrx_word' id='word_1_288' title='bbox 1008 4249 1107 4331; x_wconf 72' lang='lat' dir='ltr'>dioc„</span> <span class='ocrx_word' id='word_1_289' title='bbox 1117 4248 1160 4314; x_wconf 92' lang='lat' dir='ltr'>de</span> <span class='ocrx_word' id='word_1_290' title='bbox 1171 4249 1227 4315; x_wconf 88' lang='lat' dir='ltr'>off.</span> <span class='ocrx_word' id='word_1_291' title='bbox 1237 4251 1292 4314; x_wconf 88' lang='lat' dir='ltr'>vel</span> <span class='ocrx_word' id='word_1_292' title='bbox 1301 4253 1378 4316; x_wconf 88' lang='lat' dir='ltr'>ben.</span> <span class='ocrx_word' id='word_1_293' title='bbox 1389 4269 1601 4335; x_wconf 88' lang='lat' dir='ltr'>quocumque</span> <span class='ocrx_word' id='word_1_294' title='bbox 1611 4249 1748 4315; x_wconf 89' lang='lat' dir='ltr'>nomine</span> <span class='ocrx_word' id='word_1_295' title='bbox 1758 4270 1836 4316; x_wconf 93' lang='lat' dir='ltr'>cen-</span> 
     </span>
     <span class='ocr_line' id='line_1_33' title="bbox 480 4352 1836 4439; baseline 0.001 -20"><span class='ocrx_word' id='word_1_296' title='bbox 480 4363 589 4436; x_wconf 74' lang='lat' dir='ltr'>setur,</span> <span class='ocrx_word' id='word_1_297' title='bbox 599 4354 704 4421; x_wconf 87' lang='lat' dir='ltr'>etiarn</span> <span class='ocrx_word' id='word_1_298' title='bbox 719 4353 745 4419; x_wconf 89' lang='lat' dir='ltr'>si</span> <span class='ocrx_word' id='word_1_299' title='bbox 761 4353 863 4438; x_wconf 75' lang='lat' dir='ltr'>dign,</span> <span class='ocrx_word' id='word_1_300' title='bbox 876 4352 1221 4439; x_wconf 62' lang='lat' dir='ltr'>archipresbyteratus</span> <span class='ocrx_word' id='word_1_301' title='bbox 1230 4354 1285 4418; x_wconf 90' lang='lat' dir='ltr'>vel</span> <span class='ocrx_word' id='word_1_302' title='bbox 1294 4373 1381 4438; x_wconf 91' lang='lat' dir='ltr'>pers.</span> <span class='ocrx_word' id='word_1_303' title='bbox 1392 4352 1516 4417; x_wconf 83' lang='lat' dir='ltr'>existat</span> <span class='ocrx_word' id='word_1_304' title='bbox 1532 4360 1566 4417; x_wconf 90' lang='lat' dir='ltr'>et</span> <span class='ocrx_word' id='word_1_305' title='bbox 1582 4373 1695 4418; x_wconf 88' lang='lat' dir='ltr'>curam</span> <span class='ocrx_word' id='word_1_306' title='bbox 1712 4354 1836 4420; x_wconf 88' lang='lat' dir='ltr'>habeat</span> 
     </span>
     <span class='ocr_line' id='line_1_34' title="bbox 481 4455 1836 4542; baseline 0.004 -25"><span class='ocrx_word' id='word_1_307' title='bbox 481 4458 656 4523; x_wconf 85' lang='lat' dir='ltr'>animarum</span> <span class='ocrx_word' id='word_1_308' title='bbox 673 4457 757 4522; x_wconf 89' lang='lat' dir='ltr'>etin</span> <span class='ocrx_word' id='word_1_309' title='bbox 774 4457 857 4523; x_wconf 90' lang='lat' dir='ltr'>eccl.</span> <span class='ocrx_word' id='word_1_310' title='bbox 870 4456 960 4522; x_wconf 84' lang='lat' dir='ltr'>cath.</span> <span class='ocrx_word' id='word_1_311' title='bbox 975 4458 1030 4520; x_wconf 90' lang='lat' dir='ltr'>vel</span> <span class='ocrx_word' id='word_1_312' title='bbox 1054 4455 1173 4541; x_wconf 89' lang='lat' dir='ltr'>colleg.</span> <span class='ocrx_word' id='word_1_313' title='bbox 1198 4457 1329 4537; x_wconf 87' lang='lat' dir='ltr'>existat,</span> <span class='ocrx_word' id='word_1_314' title='bbox 1346 4457 1371 4522; x_wconf 88' lang='lat' dir='ltr'>si</span> <span class='ocrx_word' id='word_1_315' title='bbox 1402 4457 1486 4542; x_wconf 90' lang='lat' dir='ltr'>quis,</span> <span class='ocrx_word' id='word_1_316' title='bbox 1502 4456 1528 4522; x_wconf 92' lang='lat' dir='ltr'>si</span> <span class='ocrx_word' id='word_1_317' title='bbox 1552 4478 1618 4541; x_wconf 88' lang='lat' dir='ltr'>qua</span> <span class='ocrx_word' id='word_1_318' title='bbox 1632 4458 1687 4521; x_wconf 88' lang='lat' dir='ltr'>vel</span> <span class='ocrx_word' id='word_1_319' title='bbox 1703 4457 1729 4522; x_wconf 91' lang='lat' dir='ltr'>si</span> <span class='ocrx_word' id='word_1_320' title='bbox 1746 4458 1836 4542; x_wconf 89' lang='lat' dir='ltr'>quod</span> 
     </span>
     <span class='ocr_line' id='line_1_35' title="bbox 482 4559 1836 4648; baseline 0.003 -26"><span class='ocrx_word' id='word_1_321' title='bbox 482 4567 571 4638; x_wconf 83' lang='lat' dir='ltr'>vacat</span> <span class='ocrx_word' id='word_1_322' title='bbox 587 4559 632 4625; x_wconf 91' lang='lat' dir='ltr'>ad</span> <span class='ocrx_word' id='word_1_323' title='bbox 656 4580 804 4648; x_wconf 86' lang='lat' dir='ltr'>presens,</span> <span class='ocrx_word' id='word_1_324' title='bbox 828 4559 872 4625; x_wconf 89' lang='lat' dir='ltr'>ad</span> <span class='ocrx_word' id='word_1_325' title='bbox 887 4560 996 4626; x_wconf 72' lang='lat' dir='ltr'>coll...</span> <span class='ocrx_word' id='word_1_326' title='bbox 1012 4559 1124 4644; x_wconf 75' lang='lat' dir='ltr'>episc,</span> <span class='ocrx_word' id='word_1_327' title='bbox 1140 4559 1213 4625; x_wconf 89' lang='lat' dir='ltr'>dec.</span> <span class='ocrx_word' id='word_1_328' title='bbox 1230 4567 1265 4624; x_wconf 92' lang='lat' dir='ltr'>et</span> <span class='ocrx_word' id='word_1_329' title='bbox 1289 4580 1361 4646; x_wconf 85' lang='lat' dir='ltr'>cap.</span> <span class='ocrx_word' id='word_1_330' title='bbox 1377 4560 1588 4641; x_wconf 87' lang='lat' dir='ltr'>Ambianen.,</span> <span class='ocrx_word' id='word_1_331' title='bbox 1613 4562 1836 4626; x_wconf 88' lang='lat' dir='ltr'>communiter</span> 
     </span>
     <span class='ocr_line' id='line_1_36' title="bbox 485 4662 1835 4749; baseline 0.002 -22"><span class='ocrx_word' id='word_1_332' title='bbox 485 4664 527 4727; x_wconf 81' lang='lat' dir='ltr'>vel</span> <span class='ocrx_word' id='word_1_333' title='bbox 541 4662 872 4749; x_wconf 88' lang='lat' dir='ltr'>divisim,dignemini</span> <span class='ocrx_word' id='word_1_334' title='bbox 889 4662 1065 4749; x_wconf 92' lang='lat' dir='ltr'>providere</span> <span class='ocrx_word' id='word_1_335' title='bbox 1081 4664 1135 4727; x_wconf 89' lang='lat' dir='ltr'>vel</span> <span class='ocrx_word' id='word_1_336' title='bbox 1147 4683 1316 4729; x_wconf 88' lang='lat' dir='ltr'>reservare</span> <span class='ocrx_word' id='word_1_337' title='bbox 1327 4662 1437 4729; x_wconf 89' lang='lat' dir='ltr'>eidem</span> <span class='ocrx_word' id='word_1_338' title='bbox 1454 4663 1627 4730; x_wconf 88' lang='lat' dir='ltr'>Bernardo</span> <span class='ocrx_word' id='word_1_339' title='bbox 1643 4685 1720 4729; x_wconf 88' lang='lat' dir='ltr'>curn</span> <span class='ocrx_word' id='word_1_340' title='bbox 1736 4685 1835 4730; x_wconf 85' lang='lat' dir='ltr'>vaca·</span> 
     </span>
     <span class='ocr_line' id='line_1_37' title="bbox 486 4766 1835 4852; baseline 0.003 -22"><span class='ocrx_word' id='word_1_341' title='bbox 486 4768 559 4833; x_wconf 86' lang='lat' dir='ltr'>ven&#39;t</span> <span class='ocrx_word' id='word_1_342' title='bbox 573 4767 812 4834; x_wconf 82' lang='lat' dir='ltr'>eonferendum</span> <span class='ocrx_word' id='word_1_343' title='bbox 825 4766 879 4832; x_wconf 93' lang='lat' dir='ltr'>vel</span> <span class='ocrx_word' id='word_1_344' title='bbox 896 4766 1133 4833; x_wconf 84' lang='lat' dir='ltr'>conserendam</span> <span class='ocrx_word' id='word_1_345' title='bbox 1149 4789 1157 4846; x_wconf 89' lang='grc'>;</span> <span class='ocrx_word' id='word_1_346' title='bbox 1174 4788 1242 4833; x_wconf 93' lang='lat' dir='ltr'>non</span> <span class='ocrx_word' id='word_1_347' title='bbox 1259 4770 1344 4833; x_wconf 91' lang='lat' dir='ltr'>obst.</span> <span class='ocrx_word' id='word_1_348' title='bbox 1357 4767 1449 4852; x_wconf 94' lang='lat' dir='ltr'>quod</span> <span class='ocrx_word' id='word_1_349' title='bbox 1458 4767 1547 4833; x_wconf 92' lang='lat' dir='ltr'>idem</span> <span class='ocrx_word' id='word_1_350' title='bbox 1558 4767 1746 4834; x_wconf 87' lang='lat' dir='ltr'>Bernardus</span> <span class='ocrx_word' id='word_1_351' title='bbox 1762 4789 1835 4834; x_wconf 91' lang='lat' dir='ltr'>can.</span> 
     </span>
     <span class='ocr_line' id='line_1_38' title="bbox 488 4868 1835 4956; baseline 0.003 -23"><span class='ocrx_word' id='word_1_352' title='bbox 488 4874 615 4956; x_wconf 85' lang='lat' dir='ltr'>etpreb.</span> <span class='ocrx_word' id='word_1_353' title='bbox 639 4870 674 4937; x_wconf 93' lang='lat' dir='ltr'>in</span> <span class='ocrx_word' id='word_1_354' title='bbox 701 4870 783 4937; x_wconf 90' lang='lat' dir='ltr'>eccl.</span> <span class='ocrx_word' id='word_1_355' title='bbox 800 4871 919 4955; x_wconf 88' lang='lat' dir='ltr'>colleg.</span> <span class='ocrx_word' id='word_1_356' title='bbox 943 4869 975 4935; x_wconf 85' lang='lat' dir='ltr'>S.</span> <span class='ocrx_word' id='word_1_357' title='bbox 1001 4868 1141 4935; x_wconf 88' lang='lat' dir='ltr'>Martini</span> <span class='ocrx_word' id='word_1_358' title='bbox 1171 4869 1385 4936; x_wconf 88' lang='lat' dir='ltr'>Hisdinensis</span> <span class='ocrx_word' id='word_1_359' title='bbox 1408 4878 1443 4936; x_wconf 91' lang='lat' dir='ltr'>et</span> <span class='ocrx_word' id='word_1_360' title='bbox 1468 4870 1507 4937; x_wconf 91' lang='lat' dir='ltr'>B.</span> <span class='ocrx_word' id='word_1_361' title='bbox 1524 4869 1574 4937; x_wconf 91' lang='lat' dir='ltr'>M.</span> <span class='ocrx_word' id='word_1_362' title='bbox 1598 4871 1641 4937; x_wconf 94' lang='lat' dir='ltr'>de</span> <span class='ocrx_word' id='word_1_363' title='bbox 1669 4869 1835 4953; x_wconf 89' lang='lat' dir='ltr'>Messinis,</span> 
     </span>
     <span class='ocr_line' id='line_1_39' title="bbox 491 4967 1837 5058; baseline 0.003 -22"><span class='ocrx_word' id='word_1_364' title='bbox 491 4967 642 5041; x_wconf 86' lang='lat' dir='ltr'>Morinen.</span> <span class='ocrx_word' id='word_1_365' title='bbox 657 4974 757 5056; x_wconf 74' lang='lat' dir='ltr'>dioc,</span> <span class='ocrx_word' id='word_1_366' title='bbox 773 4974 925 5040; x_wconf 86' lang='lat' dir='ltr'>obtineat</span> <span class='ocrx_word' id='word_1_367' title='bbox 941 4982 975 5039; x_wconf 90' lang='lat' dir='ltr'>et</span> <span class='ocrx_word' id='word_1_368' title='bbox 991 4972 1081 5057; x_wconf 93' lang='lat' dir='ltr'>quod</span> <span class='ocrx_word' id='word_1_369' title='bbox 1098 4972 1130 5036; x_wconf 93' lang='lat' dir='ltr'>in</span> <span class='ocrx_word' id='word_1_370' title='bbox 1155 4974 1297 5039; x_wconf 86' lang='lat' dir='ltr'>ecclesia</span> <span class='ocrx_word' id='word_1_371' title='bbox 1321 4972 1484 5038; x_wconf 90' lang='lat' dir='ltr'>Rivorum</span> <span class='ocrx_word' id='word_1_372' title='bbox 1500 4994 1542 5038; x_wconf 84' lang='lat' dir='ltr'>ex</span> <span class='ocrx_word' id='word_1_373' title='bbox 1557 4975 1662 5058; x_wconf 87' lang='lat' dir='ltr'>gratia</span> <span class='ocrx_word' id='word_1_374' title='bbox 1678 4975 1710 5040; x_wconf 89' lang='lat' dir='ltr'>S.</span> <span class='ocrx_word' id='word_1_375' title='bbox 1727 4974 1777 5055; x_wconf 93' lang='lat' dir='ltr'>V.,</span> <span class='ocrx_word' id='word_1_376' title='bbox 1793 4974 1837 5040; x_wconf 84' lang='lat' dir='ltr'>ad</span> 
     </span>
    </p>
   </div>
   <div class='ocr_carea' id='block_1_7' title="bbox 497 5128 557 5139">
    <p class='ocr_par' dir='ltr' id='par_1_12' title="bbox 497 5128 557 5139">
     <span class='ocr_line' id='line_1_40' title="bbox 497 5128 557 5139; baseline 0 0"><span class='ocrx_word' id='word_1_377' title='bbox 497 5128 557 5139; x_wconf 53' lang='lat'>⁵—-</span> 
     </span>
    </p>
   </div>
   <div class='ocr_carea' id='block_1_8' title="bbox 521 5221 1827 5289">
    <p class='ocr_par' dir='ltr' id='par_1_13' title="bbox 521 5221 1827 5289">
     <span class='ocr_line' id='line_1_41' title="bbox 521 5221 1827 5289; baseline -0.002 -21"><span class='ocrx_word' id='word_1_378' title='bbox 521 5223 539 5269; x_wconf 95' lang='lat' dir='ltr'>l.</span> <span class='ocrx_word' id='word_1_379' title='bbox 549 5224 695 5284; x_wconf 76' lang='lat' dir='ltr'>Homodeur,</span> <span class='ocrx_word' id='word_1_380' title='bbox 704 5239 803 5289; x_wconf 87' lang='lat' dir='ltr'>pourvu</span> <span class='ocrx_word' id='word_1_381' title='bbox 812 5225 848 5273; x_wconf 87' lang='lat' dir='ltr'>du</span> <span class='ocrx_word' id='word_1_382' title='bbox 856 5223 924 5286; x_wconf 69' lang='lat' dir='ltr'>siege</span> <span class='ocrx_word' id='word_1_383' title='bbox 932 5224 964 5273; x_wconf 83' lang='lat' dir='ltr'>‹lo</span> <span class='ocrx_word' id='word_1_384' title='bbox 971 5225 1055 5273; x_wconf 83' lang='lat' dir='ltr'>Teano</span> <span class='ocrx_word' id='word_1_385' title='bbox 1063 5223 1166 5285; x_wconf 85' lang='lat' dir='ltr'>(ltalic)</span> <span class='ocrx_word' id='word_1_386' title='bbox 1174 5224 1198 5272; x_wconf 85' lang='lat' dir='ltr'>le</span> <span class='ocrx_word' id='word_1_387' title='bbox 1207 5222 1326 5285; x_wconf 84' lang='lat' dir='ltr'>llijuillet</span> <span class='ocrx_word' id='word_1_388' title='bbox 1338 5222 1509 5284; x_wconf 72' lang='lat' dir='ltr'>1342lllubcl,</span> <span class='ocrx_word' id='word_1_389' title='bbox 1518 5223 1538 5283; x_wconf 91' lang='lat' dir='ltr'>l,</span> <span class='ocrx_word' id='word_1_390' title='bbox 1547 5224 1674 5282; x_wconf 70' lang='lat' dir='ltr'>istil-2.</span> <span class='ocrx_word' id='word_1_391' title='bbox 1682 5221 1743 5267; x_wconf 84' lang='lat' dir='ltr'>Voir</span> <span class='ocrx_word' id='word_1_392' title='bbox 1752 5221 1827 5267; x_wconf 62' lang='lat'>1159?</span> 
     </span>
    </p>
   </div>
   <div class='ocr_carea' id='block_1_9' title="bbox 0 0 2335 6052">
    <p class='ocr_par' dir='ltr' id='par_1_14' title="bbox 0 0 2335 6052">
     <span class='ocr_line' id='line_1_42' title="bbox 0 0 2335 6052; baseline 0 0"><span class='ocrx_word' id='word_1_393' title='bbox 0 0 2335 6052; x_wconf 95' lang='lat' dir='ltr'> </span> 
     </span>
    </p>
   </div>
  </div>
 </body>
</html>
