4650 6059
563 787 618 851 172
1116 788 1203 863 1344,
1227 790 1277 854 2-8
1299 789 1367 855 mai.

614 936 721 1019 725·
1653 971 1748 1036 1344,
1765 974 1784 1017 2
1802 956 1881 1020 mai.

606 1055 707 1140 Supp.
738 1053 891 1120 Sicardus
905 1054 949 1119 de
964 1052 1112 1134 Virsaco,
1128 1073 1235 1140 nuper
1251 1074 1325 1119 can.
1340 1053 1565 1139 prebendatus
1587 1062 1622 1120 et
1636 1053 1710 1121 dec.
1736 1058 1818 1122 eccl.
1844 1056 1924 1123 Bar·

563 1159 742 1224 chinonen.
758 1166 792 1224 et
811 1157 1008 1223 Franciscus
1024 1157 1142 1238 Rome,
1163 1156 1420 1244 archipresbiter
1445 1157 1488 1223 de
1512 1156 1790 1244 Champanhaco,
1808 1160 1924 1227 Petra·

561 1263 708 1345 goricen.
718 1263 815 1342 dioc,
828 1269 865 1327 ut
881 1282 957 1327 cum
973 1261 1035 1347 ipsi
1050 1260 1209 1327 suadicta
1224 1261 1388 1327 beneficia
1398 1281 1439 1326 ex
1455 1281 1557 1327 causa
1566 1264 1823 1347 permutationis
1839 1264 1925 1330 inter

562 1366 651 1451 ipsos
666 1365 816 1432 faciende
831 1365 987 1431 duxerint
1001 1365 1212 1449 resignanda,
1228 1365 1396 1451 prefatum
1411 1364 1760 1451 archipresbiteratum
1788 1368 1924 1435 Sicardo

561 1480 596 1534 et
620 1469 728 1535 dictos
752 1489 826 1534 can.
842 1476 877 1534 et
892 1472 985 1555 preb.
1008 1477 1043 1533 et
1068 1468 1275 1535 decanatum
1301 1468 1411 1534 eidem
1436 1467 1617 1534 Francisco
1643 1469 1794 1536 conferre
1809 1470 1923 1557 digne-

562 1573 665 1652 mini;
690 1594 758 1638 non
784 1576 870 1639 obst.
894 1572 985 1657 quod
1009 1572 1098 1637 idem
1120 1571 1272 1638 Sicardus
1296 1592 1369 1638 can.
1386 1579 1421 1637 et
1444 1575 1537 1657 preb.
1553 1571 1586 1636 in
1612 1571 1860 1659 Rothomagen.
1890 1583 1925 1641 et

562 1677 777 1742 Cameracen.
807 1678 889 1743 eccl.
920 1685 955 1742 et
978 1676 1162 1742 scolaniam
1193 1676 1235 1741 de
1266 1674 1475 1756 Marsanaco,
1506 1675 1593 1742 dioc.
1623 1675 1862 1760 Conseranen,
1885 1699 1924 1745 ac

562 1781 681 1865 capell.
694 1780 727 1843 in
745 1782 826 1845 eccl.
843 1779 874 1844 S.
891 1778 1038 1865 Caprasii
1054 1779 1096 1845 de
1111 1781 1256 1863 Agenno
1277 1788 1313 1843 et
1322 1778 1411 1844 idem
1422 1778 1618 1845 Franciscus
1627 1780 1871 1866 preposituram
1883 1781 1925 1848 de

563 1882 663 1967 Bagis
678 1904 754 1948 curn
771 1904 846 1948 can.
862 1886 922 1948 sub
939 1904 1014 1972 exp.
1031 1886 1122 1969 preb.
1139 1884 1173 1948 in
1198 1885 1280 1949 eccl.
1298 1882 1418 1947 Elnen.
1434 1903 1474 1948 ac
1490 1884 1608 1969 capell.
1632 1883 1675 1949 de
1690 1882 1828 1952 Bastida
1843 1906 1869 1953 s.
1885 1907 1924 1966 c,

562 1986 710 2071 ejusdem
726 1986 801 2068 loci,
818 1987 970 2052 obtinere
985 1995 1179 2053 noscantur.
1190 2026 1234 2036 -·
1251 1985 1328 2052 Fiat
1344 1985 1385 2051 R.

606 2090 686 2155 Dat.
701 2090 802 2155 Avin.
820 2095 838 2154 6
860 2111 940 2156 non.
956 2090 1034 2155 maii
1051 2097 1085 2155 a⁰
1102 2096 1144 2155 2⁰.
1162 2091 1214 2174 (4,
1233 2090 1322 2174 328).

615 2225 725 2307 726.
1167 2296 1171 2304 .
1653 2261 1748 2326 1344,
1767 2260 1786 2325 7
1803 2244 1882 2311 moi.

606 2344 708 2429 Supp.
733 2343 920 2409 Willelmus
943 2343 986 2409 de
1017 2342 1129 2409 Comu
1154 2354 1172 2425 ¹,
1194 2343 1336 2429 armiger
1368 2341 1572 2425 Leodiensis,
1604 2352 1769 2429 quatenus
1798 2346 1861 2412 sibi
1891 2356 1925 2411 et

564 2447 750 2527 Elizabeth,
766 2447 836 2532 ejus
852 2447 955 2528 uxori,
974 2446 1058 2533 [ind.
1074 2447 1109 2513 in
1125 2456 1188 2513 art.
1203 2446 1322 2533 mort]
1341 2447 1525 2514 concedere
1537 2448 1770 2535 dignemini·
1791 2449 1869 2517 Fiat
1885 2450 1925 2516 R.

607 2551 687 2615 Dat.
703 2550 801 2616 Avin.
817 2571 896 2616 non.
912 2551 992 2616 maii
1008 2559 1041 2617 a⁰
1058 2559 1100 2617 2⁰.
1119 2553 1171 2635 (4,
1189 2552 1294 2636 337').

615 2688 725 2768 727.
1655 2724 1750 2789 1344,
1766 2706 1788 2769 8
1804 2706 1884 2771 mai.

607 2806 695 2890 Sign.
727 2805 973 2890 B(ertrandus),
1003 2806 1055 2871 tit.
1083 2804 1114 2871 S.
1132 2803 1264 2870 Marchi
1294 2807 1402 2892 presb.
1433 2805 1532 2887 card,
1564 2806 1655 2891 quod
1684 2806 1755 2893 ejus
1784 2807 1928 2874 dilectus

562 2908 582 2988 J
585 2908 929 2975 ohannesHenricide
936 2909 1033 2995 Rupe
1042 2918 1062 2990 ²,
1075 2916 1301 2993 procurator...
1312 2908 1461 2995 episcopi
1471 2909 1663 2976 et...decani
1674 2910 1928 2988 eccl.S.Johan-

562 3014 614 3079 nis
645 3014 815 3093 Leodien.,
842 3014 905 3078 suit
928 3033 1034 3099 nuper
1060 3033 1119 3098 per
1145 3014 1236 3079 dom.
1258 3015 1406 3078 Alanum
1429 3013 1472 3079 de
1498 3012 1591 3093 Gars,
1614 3011 1802 3078 auditorem
1825 3015 1928 3079 vestri

562 3118 676 3204 palatii
702 3139 884 3200 causarum,
905 3118 1053 3183 monitus
1075 3117 1194 3202 prim0,
1210 3116 1359 3183 secundo
1386 3126 1421 3182 et
1436 3116 1547 3196 terti0,
1564 3124 1599 3181 et
1614 3118 1674 3181 sub
1688 3136 1777 3202 pena
1792 3137 1929 3183 excom-

564 3223 808 3301 municationis,
825 3229 915 3306 quat.
931 3220 1051 3285 libellis
1068 3220 1155 3285 datis
1171 3229 1287 3286 contra
1303 3220 1393 3307 ipsos
1408 3220 1508 3305 episc.
1525 3227 1560 3283 et
1575 3218 1739 3284 decanum
1755 3213 1818 3306 pro
1833 3231 1929 3307 parte

565 3325 759 3390 vicedecani
784 3335 819 3390 et
845 3324 980 3409 capituli
990 3323 1099 3409 'ipsius
1119 3324 1270 3404 ecclesie,
1287 3324 1320 3388 in
1337 3323 1480 3408 quadam
1496 3343 1595 3389 causa
1610 3322 1699 3387 inter
1713 3323 1802 3408 ipsas
1817 3332 1930 3410 partes

567 3427 601 3491 in
627 3428 719 3493 dicto
743 3428 869 3514 palatio
896 3436 1059 3507 vertente,
1089 3426 1329 3513 responderet;
1355 3439 1387 3491 a'
1401 3426 1519 3511 quibus
1548 3426 1789 3493 monitionibus
1819 3427 1929 3494 dictus

567 3541 771 3616 procurator,
803 3531 844 3597 de
875 3530 1015 3596 consilio
1038 3530 1302 3616 jurisperitorum
1328 3539 1362 3595 et
1392 3530 1655 3596 consiliariorum
1685 3529 1788 3615 ipsius
1819 3552 1928 3611 cause,

567 3636 750 3701 dicentium
776 3633 1011 3720 exceptionem
1038 3634 1084 3699 rei
1112 3634 1261 3719 judicate
1290 3655 1349 3720 per
1380 3634 1486 3720 ipsum
1522 3641 1773 3719 procuratorem
1812 3645 1928 3701 contra

566 3740 675 3805 dictos
698 3739 828 3803 libellos
853 3738 967 3803 datam
984 3747 1019 3803 et
1034 3759 1093 3823 per
1108 3738 1235 3803 dictum
1259 3738 1445 3803 auditorem
1464 3737 1642 3802 admissam
1659 3738 1701 3803 ad
1716 3738 1927 3823 probandum

564 3845 634 3911 sore
650 3844 798 3928 legitime
814 3846 999 3928 probatam,
1016 3863 1078 3907 nec
1094 3841 1217 3907 debere
1231 3850 1409 3928 propterea
1423 3841 1560 3928 prefatis
1571 3842 1690 3907 libellis
1701 3842 1905 3928 respondere
1918 3867 1926 3923 ;

564 3949 654 4032 quod
679 3950 751 4034 ipse
777 3956 972 4033 procurator
998 3946 1156 4012 credebat
1180 3946 1308 4031 precise
1335 3966 1407 4011 esse
1432 3966 1560 4025 verum,
1584 3944 1627 4010 ad
1649 3944 1680 4010 S.
1697 3943 1737 4010 V.
1753 3953 1788 4011 et
1813 3946 1926 4012 sedem

564 4060 670 4135 apost.
697 4050 891 4136 appellavit.
917 4049 962 4114 Et
985 4049 1105 4115 deinde
1129 4050 1207 4133 quia
1230 4049 1319 4115 idem
1335 4049 1475 4128 auditor,
1491 4048 1680 4133 hujusmodi
1697 4050 1926 4134 appellatione

563 4174 631 4218 non
659 4154 813 4231 admissa,
838 4153 968 4217 monuit
993 4153 1115 4217 iterato
1139 4161 1176 4217 ut
1202 4172 1310 4237 supra,
1338 4160 1373 4218 et
1402 4151 1708 4217 excommunicavit
1734 4152 1768 4218 in
1796 4154 1927 4239 scriptis

564 4256 691 4319 dictum
708 4265 957 4340 procuratorem
973 4256 1190 4320 renittentem
1207 4277 1248 4320 ex
1264 4276 1363 4321 causa
1378 4256 1528 4342 predicta
1543 4255 1642 4321 dictis
1656 4255 1775 4321 libellis
1790 4278 1927 4345 respon·

565 4358 642 4422 dere
656 4382 664 4437 ;
691 4359 752 4422 fuit
767 4380 826 4443 per
842 4360 949 4443 ipsum
973 4366 1223 4443 procuratorem
1239 4359 1361 4424 iterato
1377 4366 1527 4444 utsupra
1543 4361 1760 4446 appellatum,
1777 4371 1813 4426 et
1828 4383 1926 4427 causa

565 4482 623 4525 seu
654 4463 760 4525 causis
795 4462 982 4546 hujusmodi
1010 4461 1273 4546 appellationum
1300 4483 1414 4527 coram
1441 4463 1507 4527 alio
1534 4462 1685 4528 auditore
1707 4462 1790 4529 dicti
1811 4465 1926 4550 palatii

565 4565 797 4649 pendentibus,
827 4575 878 4629 est
910 4565 998 4629 idem
1031 4573 1227 4649 procurator
1265 4566 1431 4647 quandam
1469 4566 1621 4650 parroch.
1660 4567 1742 4631 eccl.
1773 4566 1808 4631 in
1838 4568 1925 4633 dioc.

565 4667 725 4732 Leodien.
750 4689 791 4732 ex
815 4670 890 4733 coll.
915 4667 1079 4732 ordinaria
1101 4677 1272 4733 assecutus
1287 4678 1310 4748 ³;
1327 4677 1362 4734 et
1385 4678 1503 4755 postea
1518 4670 1643 4736 fecistis
1658 4669 1768 4735 eidem
1784 4673 1926 4756 gratiam

564 4771 753 4855 specialem,
782 4772 871 4854 quod
897 4771 1040 4854 quedam
1065 4771 1170 4855 gratia
1196 4772 1228 4835 in
1253 4772 1359 4837 forma
1381 4793 1575 4859 pauperum,
1592 4793 1651 4859 per
1665 4773 1775 4859 ipsum
1791 4796 1812 4839 a
1827 4775 1859 4841 S.
1876 4775 1927 4856 V„

564 4883 643 4939 ante
659 4874 824 4958 prefatam
840 4873 1223 4939 excommunicationem
1239 4877 1343 4939 latam
1360 4876 1393 4939 in
1410 4896 1498 4956 eum,
1515 4885 1551 4941 ut
1566 4876 1758 4961 predicitur,
1775 4881 1928 4959 obtenta,

599 5066 619 5110 l.
632 5062 778 5109 truillaume
790 5060 822 5108 de
834 5060 915 5128 Coix:
935 5060 968 5108 ci.
993 5060 1117 5116 Poncolct,
1139 5061 1217 5121 Fless,
1239 5064 1294 5109 ⁴57.
1319 5064 1450 5111 Elisabeth
1471 5078 1503 5111 ou
1523 5064 1630 5113 isabelle
1649 5063 1714 5113 etait
1734 5065 1786 5115 fille
1797 5066 1831 5115 de
1849 5068 1930 5116 Gillcs

566 5137 673 5185 Mathon
687 5135 731 5197 (dc
741 5135 858 5188 Borman,
872 5133 996 5180 aalma
1007 5133 1037 5180 (le
1049 5132 1130 5197 Lupe,
1145 5135 1163 5190 I,
1179 5135 1246 5195 188).
1258 5162 1290 5168 —
1302 5138 1324 5184 2.
1338 5136 1437 5196 Kirsch,
1450 5136 1525 5196 Jr'oll,
1538 5140 1593 5197 267,
1606 5141 1661 5186 272.
1673 5166 1705 5173 —
1722 5140 1746 5187 3.
1759 5139 1794 5189 Oe
1805 5140 1863 5189 doit
1875 5142 1930 5190 et-re

565 5212 628 5260 cclle
639 5212 672 5258 de
685 5211 818 5273 Sprimont
830 5208 942 5268 (liirscb,
956 5207 972 5254 l.
982 5207 1016 5267 c.)
