4650 6059
577 755 632 817 192
824 815 827 822 ,
1028 754 1117 832 1345,
1140 754 1171 817 11
1190 751 1359 832 janvier-ll
1380 751 1498 817 ferrier.

575 924 673 968 conv.
688 902 769 968 dicti
785 903 978 968 monasterii
994 902 1087 968 dicto
1096 901 1116 980 J
1119 901 1244 968 ohanni
1259 901 1425 987 prefatum
1441 902 1628 988 prioratum
1644 903 1872 968 contulerant
1889 924 1947 969 seu

575 1006 861 1087 commendarant,
876 1015 911 1071 et
926 1006 1017 1091 quod
1038 1006 1081 1071 de
1097 1005 1331 1071 collationibus
1346 1025 1405 1070 seu
1420 1005 1628 1072 commendis
1643 1005 1841 1090 hujusmodi
1858 1008 1948 1091 prio·

576 1119 709 1174 ratuum
726 1110 836 1174 littere
851 1110 921 1175 dari
937 1130 1005 1174 non
1021 1109 1284 1187 consuevissent,
1302 1128 1342 1173 ac
1368 1108 1477 1174 dictus
1501 1108 1520 1186 J
1523 1109 1678 1174 ohannes
1705 1109 1748 1174 de
1772 1110 1840 1175 hoc
1856 1111 1946 1193 quod

576 1213 756 1298 predicitur
770 1213 812 1278 de
829 1224 999 1279 conventu
1014 1214 1097 1299 ipsu,
1111 1213 1202 1297 quod
1224 1212 1352 1278 dictam
1376 1213 1592 1278 collationem
1620 1206 1680 1278 se'u
1703 1214 1945 1279 commendam

577 1336 653 1380 cum
668 1315 760 1382 dicto
769 1319 902 1399 abbate,
918 1337 957 1382 ac
981 1317 1072 1401 quod
1086 1337 1156 1381 non
1172 1316 1293 1381 dentur
1317 1316 1428 1380 littere
1452 1316 1669 1382 collationum
1685 1337 1745 1381 seu
1771 1336 1944 1382 commen-

576 1418 692 1483 darum
716 1419 796 1484 dicti
813 1420 952 1500 abbatis,
965 1440 1043 1485 cum
1067 1419 1166 1484 fuerit
1190 1417 1232 1483 de
1257 1419 1458 1504 prioratibus
1482 1418 1682 1504 hujusmodi,
1698 1439 1759 1504 per
1786 1420 1943 1485 eumdem

576 1522 698 1586 docere
713 1543 782 1587 non
798 1524 945 1609 potuerit
962 1524 995 1587 in
1012 1522 1212 1589 cancellaria
1228 1530 1351 1602 vestra,
1368 1543 1444 1588 cum
1461 1543 1578 1587 verum
1593 1544 1662 1588 non
1678 1533 1766 1590 esset
1781 1549 1790 1606 ;
1808 1527 1944 1613 ipseque

579 1623 752 1701 Jolrannes
778 1627 900 1691 habeat
922 1628 1053 1692 litteras
1068 1635 1224 1712 patentes
1249 1626 1291 1691 de
1315 1626 1516 1692 commenda
1530 1627 1591 1692 sibi
1609 1627 1699 1693 facta
1728 1628 1771 1694 de
1799 1633 1945 1716 prioratu

581 1729 742 1814 predict0,
771 1751 873 1813 quem
897 1739 993 1795 tenet
1020 1738 1055 1795 et
1079 1730 1227 1815 possidet
1253 1730 1394 1815 pacifice
1417 1739 1451 1795 et
1474 1730 1611 1814 quiete;
1639 1753 1734 1818 supp.
1760 1734 1853 1800 idem
1879 1757 1943 1817 rex,

580 1843 681 1917 quat,
707 1834 831 1899 omisso
846 1834 888 1899 de
909 1834 1002 1899 dicto
1018 1841 1199 1913 conventu,
1215 1843 1250 1898 et
1266 1833 1356 1916 quod
1371 1853 1440 1897 non
1452 1833 1573 1898 dentur
1588 1835 1699 1900 littere
1715 1837 1758 1901 de
1775 1858 1944 1904 commen·

580 1936 630 1999 dis
641 1936 810 2020 predictis
823 1936 916 2003 dicto
934 1936 1083 2015 Johanni
1100 1936 1285 2003 concedere
1301 1936 1492 2020 dignemini,
1518 1937 1608 2021 quod
1632 1958 1652 2003 a
1679 1938 1772 2006 dicto
1799 1942 1943 2027 prioratu

582 2059 642 2123 pro
669 2041 740 2104 sola
763 2041 948 2121 voluntate,
974 2043 1098 2124 absque
1114 2041 1179 2105 alia
1194 2060 1293 2105 causa
1307 2040 1505 2120 rationabili,
1522 2051 1670 2125 nequeat
1686 2047 1837 2110 amoveri
1854 2070 1862 2125 ;
1879 2068 1941 2112 non

583 2145 668 2207 obst.
693 2143 987 2209 constitutionibus
1013 2164 1054 2209 ac
1080 2144 1215 2208 statutis
1230 2152 1265 2208 et
1280 2143 1606 2209 consuetudinibus...
1622 2186 1665 2194 -
1682 2145 1756 2211 Fiat
1776 2148 1815 2214 R.

542 2310 546 2317 ,
627 2246 705 2312 Dat.
720 2248 820 2311 Avin.
839 2268 855 2331 3
873 2248 916 2313 id.
929 2248 1057 2332 januar.
1081 2256 1114 2312 a⁰
1138 2256 1179 2331 3⁰.
1197 2248 1244 2332 (7,
1265 2248 1352 2332 139).

514 2446 517 2451 -
634 2383 750 2464 786.
1593 2419 1689 2482 1335,
1707 2422 1746 2465 rr
1758 2400 1904 2482 scribier.

627 2501 729 2586 Supp.
747 2500 904 2566 Hubinus
920 2498 1022 2565 Barre
1040 2516 1060 2579 ¹,
1085 2499 1176 2564 dom.
1192 2498 1235 2563 de
1262 2498 1480 2585 Bafreupont,
1507 2501 1603 2567 miles
1631 2502 1838 2587 Leodiensis,
1855 2517 1944 2593 quat.

583 2605 642 2669 sibi
656 2612 691 2668 et
702 2603 837 2688 Agneti,
848 2604 941 2668 uxori
957 2625 1025 2684 sue,
1033 2603 1100 2668 ind.
1116 2604 1150 2667 in
1167 2610 1265 2668 mort.
1276 2610 1338 2667 art.
1351 2603 1536 2668 concedere
1552 2604 1746 2690 dignemini.
1758 2649 1803 2658 —
1816 2610 1894 2676 Fiat
1908 2612 1946 2676 R.

626 2708 703 2772 Dat.
719 2707 819 2771 rivin.
838 2728 855 2790 3
873 2707 916 2772 id.
929 2708 1057 2791 januar.
1073 2713 1106 2771 a⁰
1123 2716 1166 2791 3⁰.
1183 2709 1231 2790 (7,
1252 2710 1352 2790 139').

632 2844 744 2925 787.
1591 2880 1609 2922 Ι
1609 2880 1652 2943 33
1655 2880 1686 2941 5,
1704 2865 1747 2926 18
1755 2862 1902 2943 jcrrrvr‘er.

625 2963 725 3047 Supp.
742 2960 845 3025 famil.
861 2967 972 3024 vester
988 2959 1152 3024 Nicolaus
1174 2957 1323 3038 Martini,
1340 2967 1430 3044 quat.
1450 2959 1556 3045 [fratri
1584 2983 1654 3043 suo,
1680 2964 1770 3030 fratri
1796 2966 1815 3044 J
1819 2968 1942 3033 ohauni

583 3065 719 3132 Martini
736 3083 758 3146 ²,
774 3063 864 3149 can]
883 3063 1076 3128 monasterii
1101 3064 1133 3127 S.
1152 3061 1290 3127 Martini
1307 3063 1513 3144 Laudunen.,
1527 3065 1596 3130 ord.
1614 3067 1943 3153 Premonstrateusis,

581 3170 733 3254 parroch.
746 3170 829 3233 eccl.
840 3166 1063 3246 deWillhersi,
1075 3165 1234 3231 Leodieu.
1245 3166 1343 3247 dioc,
1356 3187 1415 3252 per
1425 3169 1605 3234 canonicos
1615 3171 1695 3236 dicti
1709 3173 1835 3240 ordinis
1848 3177 1945 3241 solita

582 3273 767 3356 gubernari,
792 3292 865 3336 vac.
893 3272 981 3356 apud
1008 3270 1122 3335 sedem
1148 3281 1256 3354 apost.
1272 3291 1332 3356 per
1347 3272 1526 3356 specialem
1542 3276 1803 3340 reservationem
1821 3277 1944 3343 factam

581 3378 622 3441 de
638 3379 749 3457 illa,et
766 3398 806 3440 ex
823 3397 865 3441 eo
881 3374 971 3459 quod
987 3374 1023 3437 fr.
1040 3372 1059 3450 J
1063 3373 1214 3438 ohannes
1229 3373 1271 3438 de
1285 3373 1404 3439 Castro
1418 3374 1593 3460 Raynaldi,
1604 3376 1706 3462 ipsius
1727 3381 1808 3444 eccl.
1824 3388 1945 3460 rector,

582 3492 660 3565 post
676 3480 865 3565 hujusmodi
878 3478 1148 3558 reservationem,
1166 3478 1258 3542 illam
1276 3478 1308 3541 in
1321 3479 1474 3544 manibus
1485 3479 1708 3546 archidiaconi
1722 3482 1788 3547 loci
1801 3484 1945 3568 resigna-

581 3585 640 3663 vit,
650 3583 831 3669 dignemini
842 3581 1035 3668 providere3
1047 3602 1115 3646 nou
1128 3584 1213 3646 obst.
1225 3582 1314 3665 quod
1325 3582 1368 3646 sit
1380 3603 1470 3647 nunc
1481 3604 1540 3667 per
1550 3583 1586 3647 sr.
1594 3582 1613 3660 J
1617 3587 1759 3650 acobum
1772 3586 1814 3651 de
1826 3586 1945 3653 Castro

582 3688 760 3774 Raynaldi,
786 3708 860 3752 can.
876 3686 1068 3750 monasterii
1086 3685 1189 3749 Vallis
1211 3685 1285 3764 Dei,
1303 3686 1442 3770 predicti
1461 3687 1541 3768 ord,
1558 3697 1731 3772 occupata.
1748 3729 1792 3737 —
1809 3687 1887 3755 Fiat
1905 3690 1943 3756 R.

627 3793 704 3858 Dat.
721 3793 821 3856 Avin.
842 3812 879 3875 15
896 3790 962 3855 kal.
978 3791 1059 3854 febr.
1076 3797 1108 3853 a⁰
1125 3798 1167 3873 3⁰.
1183 3791 1230 3873 (7,
1252 3791 1353 3874 142V).

634 3929 880 4012 788-789.
1597 3962 1612 4005 r
1615 3961 1657 4023 33
1660 3959 1692 4021 5,
1710 3962 1748 4025 ι3
1757 3942 1901 4027 [darier.

625 4049 726 4132 Supp.
744 4046 931 4112 Galnardus
946 4054 966 4131 ξ,
984 4044 1015 4108 S.
1032 4042 1135 4107 Lucie
1147 4043 1181 4105 in
1198 4042 1296 4107 Silice
1312 4042 1396 4107 diac.
1413 4044 1511 4123 card,
1528 4043 1726 4129 quat.[mag.
1742 4043 1945 4132 Berengario

581 4148 742 4230 Gregorii,
760 4148 944 4212 camerario
960 4146 1050 4231 suo],
1067 4146 1109 4211 de
1134 4166 1207 4211 can.
1224 4154 1258 4210 et
1274 4149 1366 4231 preb.
1383 4148 1464 4212 eccl.
1487 4146 1657 4226 Leodien.,
1672 4168 1756 4231 quos
1771 4150 1944 4232 quondam

581 4271 667 4334 mag.
699 4249 891 4313 Anthonius
906 4250 949 4313 de
965 4248 1103 4331 Bugella
1119 4249 1268 4332 ejusdem
1284 4249 1372 4314 card.
1389 4271 1462 4335 cap.
1480 4251 1590 4329 famil,
1606 4250 1686 4315 dum
1702 4251 1842 4332 viveret,
1860 4255 1944 4319 obti-

582 4356 683 4416 nebat
698 4364 718 4432 ⁴,
735 4352 915 4435 dignemini
944 4351 1118 4436 providere
1132 4374 1140 4429 ;
1169 4372 1237 4416 non
1265 4355 1350 4417 obst.
1379 4353 1468 4435 quod
1495 4354 1647 4438 parroclr.
1671 4356 1753 4420 eccl.
1769 4356 1812 4421 de
1841 4356 1945 4423 Busa-

583 4455 724 4534 naurcis,
743 4453 956 4538 Magaloneu.
972 4456 1069 4533 dioc,
1087 4456 1218 4520 obtinet
1234 4465 1268 4520 et
1284 4457 1373 4539 quod
1386 4457 1419 4520 in
1436 4477 1510 4522 can.
1527 4460 1608 4523 eccl.
1626 4457 1805 4525 Mimaten.
1829 4482 1944 4547 recep-

584 4569 637 4622 tus
653 4569 703 4622 est
718 4561 778 4622 sub
795 4579 870 4642 exp.
887 4562 978 4643 preb.
1007 4596 1039 4605 —
1061 4557 1136 4623 Fiat
1154 4558 1194 4624 R.

631 4662 707 4726 Dat.
723 4662 823 4725 Avin.
845 4668 881 4724 16
899 4662 964 4727 kal.
981 4671 1078 4727 mart.
1091 4673 1124 4727 a⁰
1141 4670 1183 4746 3⁰.
1201 4664 1250 4747 (6,
1269 4665 1336 4747 34).

618 4889 638 4933 l.
651 4885 746 4941 Ilubin,
760 4884 799 4931 tils
810 4885 841 4931 dc
854 4884 874 4931 F
875 4884 943 4932 astri
956 4883 1027 4943 Baro,
1039 4885 1123 4933 releva
1144 4886 1166 4933 le
1187 4885 1231 4931 fiet
1249 4885 1281 4932 ‹lo
1303 4886 1487 4947 Beuulraipont
1501 4886 1701 4950 (Bursruipuut)
1715 4887 1738 4935 le
1749 4888 1765 4934 9
1777 4888 1872 4937 levrier
1885 4892 1945 4938 1329

584 4958 723 5020 (Poncolot,
737 4957 814 5025 diesi,
829 4960 897 5017 Sti).
913 4958 933 5004 ll
952 4960 1021 5005 avant
1036 4958 1129 5020 (punse
1149 4956 1241 5020 Agnes,
1256 4958 1307 5006 lille
1318 4960 1350 5007 de
1371 4962 1468 5007 Stassin
1488 4960 1520 5008 de
1533 4960 1711 5009 Ohuutemerle
1723 4959 1778 5022 (ib,
1789 4962 1837 5009 357
1851 4978 1856 5019 ;
1868 4964 1901 5011 cl.
1913 4964 1944 5011 de

586 5033 702 5091 Burman,
725 5032 848 5079 Eclerius
868 5032 899 5079 de
919 5032 1000 5093 Lupe,
1023 5034 1042 5090 l,
1067 5035 1193 5092 rso-191).
1205 5061 1237 5067 -
1257 5036 1279 5082 2.
1297 5034 1321 5081 ll
1337 5039 1376 5082 cst
1387 5049 1455 5081 assez
1467 5034 1590 5096 probable
1601 5048 1651 5094 que
1663 5049 1691 5082 co
1703 5048 1861 5096 personnage
1872 5043 1911 5083 est
1922 5036 1944 5083 le

584 5107 666 5153 meme
686 5108 730 5166 qui
751 5107 830 5165 ligure
849 5121 882 5153 au
903 5121 927 5153 u.
941 5109 963 5154 7.
975 5135 1006 5141 —
1027 5109 1048 5155 3.
1069 5106 1184 5154 Galhard
1204 5107 1235 5155 de
1256 5108 1381 5163 Lamotto,
1396 5122 1476 5157 neveu
1489 5108 1520 5156 de
1533 5108 1649 5156 Cldmout
1662 5108 1684 5153 V
1696 5107 1801 5170 (Rubel,
1816 5108 1835 5168 1,
1851 5109 1901 5170 14).
1914 5136 1943 5143 -

586 5183 608 5227 l.
622 5180 682 5225 l'oir
694 5194 718 5226 u.
731 5180 784 5232 309,
799 5181 852 5225 ⁴22.
