4650 6059
479 778 535 840 134
971 771 1059 850 1343,
1083 769 1167 834 18-19
1190 757 1355 834 novembre.

481 952 590 1007 ruen.;
616 948 684 992 non
710 928 796 990 obst.
823 925 913 1009 quod
937 945 1073 1010 parvam
1100 924 1218 1007 capell.
1247 922 1279 986 in
1311 924 1392 987 eccl.
1410 921 1447 987 B.
1465 920 1514 987 M.
1539 922 1581 987 de
1603 920 1738 987 Calceia
1762 921 1836 985 ville

481 1030 807 1111 l'aleuclrtenensis),
825 1028 1039 1093 Cameracen.
1052 1028 1150 1106 dioc,
1168 1027 1318 1092 noscitur
1329 1027 1491 1092 obtinere.
1504 1066 1548 1075 -
1564 1025 1640 1091 Fiat
1657 1027 1691 1089 in
1704 1026 1784 1091 eccl.
1802 1025 1838 1091 B.

483 1136 532 1200 M.
548 1136 589 1200 de
607 1133 749 1216 Nigella,
767 1132 970 1199 Noviomen.
987 1131 1085 1212 dioc,
1103 1129 1143 1195 R.

527 1291 604 1349 591.
623 1280 709 1346 Item
726 1300 820 1365 supp.
837 1288 927 1363 quat.
944 1278 1017 1344 sim.
1034 1300 1081 1364 gr.
1099 1279 1207 1343 facere
1217 1277 1399 1361 dignemini
1424 1276 1587 1364 [Nicolao
1613 1278 1657 1344 de
1674 1276 1841 1362 Kanesoy,

485 1387 699 1451 Cameracen.
715 1383 812 1462 dioc,
830 1382 925 1468 cler]
944 1382 1072 1467 capelle
1099 1403 1167 1461 sue,
1184 1380 1226 1445 de
1253 1401 1326 1446 can.
1343 1391 1378 1445 et
1404 1383 1496 1466 preb.
1512 1381 1595 1447 eccl.
1612 1380 1644 1445 S.
1662 1381 1841 1446 Donatiani

485 1489 671 1572 Brugensis,
692 1487 879 1553 Tornacen.
894 1486 981 1551 dioc.
997 1508 1006 1566 ;
1022 1506 1090 1551 non
1107 1488 1193 1550 obst.
1221 1483 1312 1569 quod
1337 1505 1409 1550 can.
1426 1493 1461 1549 et
1475 1487 1567 1570 preb.
1603 1483 1842 1562 Condateuses,

486 1616 543 1658 seu
559 1614 696 1679 parvam
713 1592 831 1677 capell.
848 1591 880 1653 in
898 1591 980 1655 eccl.
1007 1590 1049 1655 de
1065 1588 1153 1674 Goy,
1171 1588 1388 1653 Cameraceu.
1405 1587 1502 1670 dioc,
1518 1588 1668 1654 noscitur
1684 1589 1843 1653 obtinere.

487 1740 527 1746 —
545 1697 621 1762 Fiat
639 1696 678 1761 R.

530 1850 612 1910 592.
632 1842 719 1907 Item
736 1863 830 1929 supp.
856 1852 946 1925 quat.
970 1839 1043 1906 sim.
1070 1861 1116 1925 gr.
1144 1840 1253 1905 facere
1279 1840 1462 1924 dignemini
1491 1840 1586 1927 [cler.
1602 1861 1664 1906 suo
1680 1839 1843 1925 johanni]

488 1948 620 2026 Potore,
652 1944 838 2029 'l'rajecten
864 1944 962 2024 dioc,
987 1944 1029 2009 de
1059 1965 1133 2009 can.
1158 1955 1192 2008 et
1218 1947 1310 2029 preb.
1341 1945 1423 2010 eccl.
1450 1943 1488 2009 B.
1517 1943 1566 2009 M.
1591 1943 1781 2031 Trajecten.
1806 1984 1847 1995 -

489 2050 727 2218 flegaltimn.
748 2174 785 2235 14
801 2150 866 2217 kal.
882 2151 955 2217 dec.
971 2161 1004 2216 a⁰
1021 2160 1062 2217 2⁰.
1080 2152 1128 2235 (8,
1146 2149 1183 2215 P.
1201 2148 1246 2230 ll,
1265 2157 1331 2234 57).

540 2298 789 2384 593-594.
1450 2330 1466 2374 1
1468 2330 1511 2394 34
1511 2330 1544 2394 3,
1562 2313 1604 2375 18
1621 2312 1806 2377 novembre.

533 2419 633 2502 Supp.
650 2418 745 2481 miles
760 2427 870 2481 vester
887 2416 1118 2498 Euglebertus,
1134 2423 1232 2479 natus
1248 2413 1380 2478 comitis
1394 2412 1437 2478 de
1448 2411 1568 2479 Marka
1584 2426 1604 2494 ¹,
1621 2413 1655 2478 in
1673 2413 1712 2479 V.
1729 2415 1760 2480 S.
1777 2437 1849 2502 pre-

489 2523 595 2587 sentia
622 2522 832 2599 constitutus,
849 2528 939 2603 quat.
963 2518 1145 2602 dignemini
1170 2518 1279 2582 eidem
1303 2516 1488 2582 concedere
1508 2518 1692 2604 plenariam
1720 2521 1848 2584 absolu·

488 2626 637 2705 tionem,
655 2625 740 2689 utin
756 2623 871 2688 forma.
887 2621 1007 2686 —Fiat
1025 2621 1064 2688 R.

532 2782 616 2843 594.
635 2774 721 2839 Item
737 2795 832 2860 supp.
849 2772 936 2837 idem
957 2772 1063 2852 mileS,
1079 2779 1170 2855 quat.
1190 2770 1266 2856 [suo
1282 2792 1365 2857 cap,
1392 2767 1529 2856 Egidio]
1548 2770 1658 2835 Oneal
1674 2782 1696 2850 ²,
1713 2770 1768 2854 qui
1782 2770 1848 2854 jam

489 2898 548 2963 per
569 2900 603 2961 14
621 2898 726 2941 anuos
742 2876 803 2941 sibi
830 2875 967 2940 servivit
992 2874 1133 2939 fideliter
1148 2880 1183 2937 et
1199 2873 1334 2954 devote,
1350 2873 1391 2939 de
1406 2876 1483 2938 ben.
1500 2875 1580 2939 eccl.
1597 2894 1622 2939 s.
1651 2894 1691 2954 c.‚
1708 2895 1781 2939 vac.
1798 2876 1847 2938 nel

490 2990 608 3058 vacat,
632 2988 807 3065 spectante
835 2979 876 3044 ad
893 2979 989 3044 coll...
1015 2976 1211 3061 archiepisc.
1239 2976 1402 3056 Remeu.;
1427 2976 1519 3061 cujus
1543 2977 1700 3042 fructus...
1731 2997 1771 3061 50
1796 2977 1847 3042 lib.

489 3085 567 3150 Tur.
591 3106 692 3170 parv,
721 3105 786 3149 sec.
803 3092 870 3149 tax.
887 3083 1026 3162 decime,
1044 3083 1191 3147 valorem
1217 3102 1364 3146 annuum
1381 3103 1448 3146 non
1465 3082 1639 3161 excedant,
1667 3081 1846 3166 dignemini

489 3189 664 3273 providere
679 3212 685 3266 ;
703 3209 770 3252 uon
796 3190 880 3252 obst.
909 3187 998 3270 quod
1022 3186 1110 3249 idem
1138 3206 1211 3270 cap.
1237 3187 1389 3271 patrocli.
1414 3188 1496 3251 eccl.
1522 3184 1559 3250 B.
1577 3184 1626 3250 M.
1642 3186 1685 3251 de
1707 3185 1846 3269 Odaiug,

491 3292 649 3356 leodien.
666 3291 762 3370 dioc,
780 3292 941 3368 obtineat,
968 3299 1002 3352 et
1027 3290 1116 3372 quod
1133 3289 1163 3353 S.
1182 3289 1210 3350 V
1214 3341 1232 3369 .,
1257 3290 1357 3354 vestri
1382 3300 1476 3375 pont.
1497 3300 1530 3355 a⁰
1551 3299 1588 3368 1⁰,
1605 3288 1647 3353 de
1675 3311 1751 3355 can.
1769 3292 1846 3356 eccl.

491 3395 528 3459 B.
543 3394 591 3458 M.
610 3395 790 3479 Hoyensis,
807 3395 895 3458 dicte
908 3392 1004 3471 dioc,
1021 3395 1081 3457 sub
1098 3413 1173 3478 exp.
1190 3397 1292 3477 preb,
1308 3394 1455 3478 providit
1470 3393 1603 3473 eidem,
1627 3395 1670 3460 de
1694 3417 1761 3479 qua
1776 3416 1847 3481 pro·

490 3499 618 3562 visione
634 3519 700 3562 non
729 3506 838 3582 sperat
866 3497 949 3561 infra
976 3497 1112 3580 longum
1140 3505 1283 3582 tempus,
1307 3507 1443 3583 propter
1469 3498 1720 3564 multitudinem
1748 3499 1848 3585 irnpe-

491 3602 659 3677 trautium,
673 3600 887 3665 commodum
898 3608 1076 3684 reportare.
1087 3641 1130 3650 —
1148 3599 1223 3665 Fiat
1240 3600 1400 3684 usquead
1417 3622 1458 3685 40
1474 3601 1540 3681 lib,
1559 3601 1598 3667 R.

534 3706 612 3769 Dat.
626 3704 727 3769 driu.
748 3725 784 3788 14
800 3703 866 3769 kal.
881 3704 954 3770 dec.
969 3715 1002 3768 a⁰
1019 3715 1060 3769 2⁰.
1078 3707 1126 3790 (3,
1144 3704 1179 3769 P.
1198 3702 1242 3785 Il,
1262 3707 1328 3788 58).

540 3851 651 3933 595·
1452 3884 1470 3927 J
1471 3884 1513 3947 33
1514 3885 1546 3948 3,
1564 3886 1604 3949 19
1622 3869 1807 3932 inventore.

532 3971 620 4053 Sigu.
651 3969 747 4032 miles
777 3976 887 4032 vester
919 3967 1150 4051 EuglebertuS,
1182 3974 1281 4031 natus
1315 3966 1449 4032 comitis
1482 3968 1524 4033 de
1557 3967 1677 4035 Marka
1705 3978 1725 4051 ³,
1752 3971 1850 4036 frater

493 4072 686 4159 [.·l‹lolplri],
703 4072 803 4156 episc.
821 4070 990 4149 leodien,
1002 4071 1034 4134 in
1053 4068 1092 4135 V.
1109 4070 1140 4134 S.
1157 4071 1323 4155 presentia
1340 4072 1551 4153 constitutus,
1568 4083 1602 4139 et
1620 4073 1848 4141 Ennessendis

490 4174 530 4237 de
546 4174 745 4240 Wallecuria
761 4175 879 4239 nudier
894 4186 913 4254 ⁴,
931 4174 1105 4239 Colonien.
1127 4184 1161 4239 et
1179 4174 1337 4241 Leodieu.
1354 4176 1536 4257 diocesuu'r,
1561 4177 1651 4261 quod
1679 4181 1740 4265 ipsi
1758 4181 1847 4259 olim,

490 4278 679 4358 ignorantes
694 4278 829 4361 aliquod
845 4277 1122 4362 impedimentum
1151 4279 1293 4344 existere
1310 4279 1397 4343 iuter
1414 4280 1513 4364 ipsos,
1539 4282 1791 4349 matrimonium
1807 4283 1848 4349 ad

490 4381 632 4445 invicem
647 4390 885 4446 contraxerunt
902 4402 959 4465 per
983 4385 1084 4446 verba
1109 4383 1257 4466 legitime
1284 4384 1326 4447 de
1353 4385 1510 4468 presenti,
1528 4388 1650 4451 carnali
1675 4388 1762 4453 iuter
1792 4410 1849 4454 eos

490 4488 608 4569 copula
636 4488 811 4550 subsecuta
825 4510 833 4565 ;
860 4486 1011 4570 qruunris
1027 4508 1124 4572 super
1141 4488 1198 4552 illo
1223 4510 1290 4552 uon
1317 4488 1439 4554 suerint
1456 4491 1554 4574 aliqui
1583 4492 1683 4557 banni
1713 4493 1745 4556 in
1765 4493 1848 4559 facie

488 4588 628 4653 ecclesie
644 4591 852 4675 proclamati,
869 4591 923 4674 qui
942 4591 1031 4655 suere
1048 4613 1088 4655 ex
1105 4593 1320 4677 simplicitate
1337 4604 1370 4659 et
1386 4617 1453 4660 uon
1471 4596 1583 4661 Raude
1598 4597 1709 4681 aliqua
1726 4600 1847 4673 omissi,

489 4693 590 4756 veluti
607 4694 774 4759 interdum
791 4696 823 4758 iu
841 4696 1002 4760 nobilium
1018 4697 1221 4762 ornatrimonii
1239 4707 1412 4763 contractu
1438 4700 1547 4764 omitti
1565 4701 1598 4764 iu
1616 4701 1679 4766 illis
1700 4704 1849 4787 partibus

487 4808 741 4864 consueverunt.
759 4799 978 4865 Postmodum
996 4822 1074 4866 vero
1091 4800 1133 4866 ad
1150 4801 1297 4887 ipsorum
1323 4804 1459 4888 perveni
1466 4813 1479 4868 t
1496 4804 1662 4886 notitiam,
1680 4806 1773 4890 quod
1788 4807 1847 4893 ipsi

488 4901 630 4966 invicem
648 4913 763 4986 quarta
781 4905 1078 4988 consanguinitatis
1094 4906 1181 4970 linea
1191 4916 1267 4970 suut
1279 4908 1446 4991 conjuncti
1462 4932 1469 4986 ;
1484 4930 1585 4992 quare
1595 4910 1847 4976 matrimonium

522 5131 543 5177 l.
559 5129 611 5175 l'ils
623 5128 657 5175 dn
670 5136 752 5176 comto
766 5115 879 5177 Ruranl
893 5131 937 5192 (de
958 5132 1082 5189 (llrestret,
1096 5135 1191 5192 ull-22).
1247 5137 1269 5184 2).
1285 5136 1344 5183 l'oir
1356 5151 1380 5185 u.
1393 5137 1448 5185 308.
1460 5164 1491 5170 —
1509 5139 1531 5185 3.
1549 5136 1610 5183 Voir
1628 5152 1653 5185 u.
1666 5139 1722 5185 nul.
1734 5166 1766 5172 --
1785 5140 1806 5187 l.
1817 5137 1848 5185 de

488 5203 613 5261 (licetret,
624 5218 648 5266 p.
661 5205 687 5249 21
705 5219 710 5261 3
723 5205 755 5253 cl.
770 5205 915 5265 Satriculand,
934 5206 1022 5253 Ildoiu.
1035 5207 1046 5252 Ι
1053 5206 1102 5264 lla,
1117 5207 1151 5268 ll,
1166 5223 1189 5255 u.
1202 5209 1273 5257 utel.
