4650 6059
481 802 543 865 480
983 798 1070 871 1849,
1095 798 1161 861 8-14
1183 800 1349 864 novembre.

482 960 534 1017 est
550 959 663 1017 curata
679 951 778 1017 solita
793 971 853 1036 per
869 950 1068 1016 canonicum
1082 949 1242 1015 Leodien.
1254 950 1433 1016 dumtaxat
1443 953 1705 1036 gubernarivac.
1718 975 1774 1039 per
1785 958 1823 1019 ob.

482 1056 648 1134 Johannis
672 1054 835 1120 Hanzanc
852 1066 870 1120 ¹.
892 1091 936 1099 —
960 1053 1038 1119 Fiat
1055 1054 1095 1118 R.

526 1161 606 1225 Dat.
622 1160 722 1224 Avin.
741 1164 758 1224 6
774 1160 818 1224 id.
834 1180 913 1224 nor.
929 1165 962 1223 a⁰
978 1160 1021 1223 8⁰.
1038 1159 1109 1241 (18,
1128 1159 1212 1242 80').

537 1314 682 1396 1846.
1133 1385 1135 1389 .
1256 1356 1258 1360 ’
1469 1332 1603 1415 1349ss
1619 1334 1792 1396 novembre.

526 1431 672 1496 Rotrrlus
695 1435 998 1511 confirmationum.
1438 1451 1442 1456 ·

526 1536 625 1601 Pater
649 1537 713 1616 Sml,
730 1535 912 1620 dignemini
936 1534 1189 1619 acceptationes
1205 1542 1239 1599 et
1255 1535 1463 1620 provisiones
1486 1536 1742 1624 infrascriptos...
1764 1558 1821 1605 con·

482 1643 636 1706 firmare:

525 1745 637 1810 Primo
668 1744 970 1830 acceptationem...
1001 1742 1126 1807 factam
1162 1762 1221 1827 per
1256 1740 1482 1829 Balduynum,
1520 1745 1692 1828 quondam
1729 1756 1821 1812 natum

481 1849 606 1914 Liberti
620 1848 729 1914 Boten
746 1848 787 1914 de
804 1846 951 1926 Latines,
968 1846 1166 1911 canonicum
1183 1846 1359 1929 collegiate
1374 1847 1514 1913 ecclesie
1529 1849 1822 1931 Amaniensis,Leo

481 1954 569 2019 dien.
585 1954 683 2030 dioc..
699 1952 741 2018 de
757 1955 849 2038 preb.
866 1951 968 2036 ipsius
983 1950 1124 2015 ecclesie
1139 1970 1214 2015 vac.
1231 1970 1291 2036 per
1306 1952 1360 2015 ob.
1377 1949 1516 2016 Gerardi
1532 1951 1575 2017 de
1592 1954 1756 2036 Quartir‘.

527 2057 613 2122 Item
639 2056 941 2142 acceptationem...
965 2053 1091 2119 factam
1118 2061 1178 2139 per
1203 2052 1396 2131 Johannem
1421 2054 1587 2121 Girardini
1611 2074 1622 2110 ³
1649 2056 1691 2123 de
1714 2078 1780 2123 can.
1797 2064 1820 2118 et

483 2165 575 2247 preb.
592 2162 624 2225 in
641 2160 783 2226 ecclesia
800 2158 979 2243 collegiata
995 2157 1026 2222 S.
1043 2156 1137 2223 Pauli
1154 2156 1315 2222 Leodien.
1331 2177 1395 2223 vac
1411 2179 1470 2243 per
1487 2162 1540 2226 ob.
1559 2158 1703 2227 Menrici
1721 2160 1794 2226 Galli
1806 2172 1820 2221 ⁴.

529 2265 615 2330 Item
643 2264 911 2350 acceptationem
936 2255 1060 2326 iactam
1087 2281 1147 2346 per
1171 2259 1364 2338 Johannem
1381 2256 1558 2329 'Mareade
1583 2272 1603 2343 ⁵,
1630 2265 1684 2331 lic.
1712 2266 1744 2330 in
1767 2266 1820 2347 leg..

485 2369 685 2435 canonicum
702 2368 841 2432 ecclesie
854 2367 885 2432 S.
898 2365 1085 2450 Walburgis
1102 2363 1292 2446 Furnensis‚
1307 2364 1464 2432 Morinen
1476 2367 1619 2448 dioc.‚de
1631 2371 1722 2454 preb.
1734 2367 1821 2455 ipsius.

484 2473 624 2539 'ecclesie
639 2492 713 2537 vac.
728 2491 789 2555 per
805 2473 858 2536 ob.
875 2469 970 2535 Pauli
989 2468 1145 2553 Hugonis
1159 2468 1180 2534 ⁶.
1203 2509 1247 2519 -
1271 2468 1348 2535 Fiat
1372 2470 1412 2535 R.

528 2577 606 2641 Dat.
622 2576 722 2640 Asin.
741 2579 758 2639 6
775 2574 818 2639 id.
835 2594 913 2639 nov.
930 2581 963 2638 a⁰
980 2576 1022 2638 8⁰.
1039 2574 1109 2654 (18,
1127 2573 1209 2658 83l).

536 2730 679 2812 1847.
1440 2762 1536 2826 1349,
1561 2762 1602 2825 13
1620 2746 1792 2809 novembre.

526 2848 627 2932 Supp.
655 2846 783 2931 Symon
812 2844 1014 2924 Restaurati,
1039 2845 1182 2909 vicarius
1209 2845 1240 2909 S.
1268 2845 1401 2909 Andree
1428 2866 1468 2911 ac
1495 2844 1582 2909 Ville
1608 2867 1699 2912 nove
1730 2843 1822 2913 castel·

481 2954 641 3035 Ianusque
657 2950 754 3015 turris
781 2949 902 3034 capitis
928 2948 1041 3033 pontis
1056 2969 1160 3034 prope
1183 2948 1398 3029 Avinionem,
1422 2958 1512 3034 quat.
1527 2948 1731 3035 [Rutghero
1752 2950 1821 3020 dicto

482 3055 555 3119 Rex
570 3055 612 3119 de
629 3053 843 3133 Buseoducis,
868 3052 990 3117 clerico
1013 3051 1184 3131 leodien..
1200 3055 1273 3117 bac.
1290 3052 1324 3116 in
1349 3052 1502 3133 decretis,
1524 3054 1661 3141 scolari]
1681 3056 1715 3119 in
1731 3053 1821 3120 theol..

481 3159 522 3221 de
549 3179 623 3222 can.
648 3167 682 3222 et
705 3160 797 3241 preb.
823 3177 864 3220 ae
889 3154 1000 3220 officio
1038 3156 1208 3220 scolastrie
1236 3156 1411 3239 collegiate
1439 3156 1578 3220 ecclesie
1606 3157 1638 3222 S.
1666 3150 1822 3222 Rrrmboldi

483 3260 745 3338 blacliliniensis,
774 3260 989 3323 Cameracen.
1017 3258 1115 3337 dioc..
1132 3279 1216 3341 quos
1241 3266 1275 3322 et
1309 3258 1398 3341 quod
1425 3258 1611 3323 Willelmus
1635 3261 1678 3325 de
1706 3260 1823 3325 Bruens·

481 3366 585 3429 borne
601 3375 611 3407 ⁷
628 3365 697 3428 sive
724 3362 948 3428 communiter
974 3362 1043 3426 sive
1059 3361 1192 3425 divisim
1218 3360 1299 3425 dum
1323 3361 1407 3426 m'xit
1430 3362 1463 3425 in
1489 3362 1579 3427 dicta
1603 3365 1745 3429 ecclesia
1760 3359 1825 3428 obti-

481 3472 594 3548 nebat,
611 3489 685 3533 rac.
703 3468 746 3532 ad
773 3487 909 3551 presens
936 3466 1024 3552 apud
1051 3465 1166 3530 sedem
1192 3475 1299 3549 apost.
1325 3485 1384 3551 per
1410 3475 1553 3532 mortem
1577 3468 1659 3533 dicti
1676 3465 1825 3534 Willelmi.

481 3574 536 3655 qni
552 3582 645 3636 extra
662 3572 761 3636 Rom.
778 3570 904 3635 coriam
920 3570 1009 3634 diem
1026 3570 1145 3634 clausit
1162 3578 1359 3649 extremum,
1377 3571 1469 3653 cujus
1484 3571 1648 3637 beneficia
1673 3565 1825 3639 collationi

480 3676 570 3740 dicte
586 3675 673 3740 sedis
689 3684 769 3740 ante
785 3676 856 3760 ejus
868 3678 922 3740 ob.
935 3675 1067 3739 fuerant
1083 3683 1260 3753 reservata,
1277 3674 1458 3759 dignemini
1475 3676 1661 3761 providere,
1674 3699 1743 3744 non
1759 3680 1825 3744 obst.

482 3780 571 3863 qnod
597 3780 637 3843 lis
663 3789 739 3863 post
764 3779 890 3844 dictam
907 3779 1168 3842 reservationem
1192 3785 1284 3842 mota
1300 3799 1399 3863 super
1422 3778 1520 3845 dictis
1545 3800 1620 3846 can.
1645 3790 1679 3847 et
1695 3786 1781 3868 preb.
1794 3777 1825 3843 de

481 3884 568 3948 facto
595 3882 719 3968 pendet
746 3882 833 3946 inter
849 3881 1044 3965 quosdam...
1061 3891 1096 3945 et
1112 3881 1277 3946 beneficio
1307 3882 1387 3946 dicti
1416 3882 1577 3968 Rutgheri
1608 3896 1735 3967 curato,
1752 3885 1824 3968 cujus
1862 3949 1867 3982 r

480 3988 580 4052 annui
598 3988 723 4053 fructus
741 3992 780 4051 60
797 4008 890 4071 parv.
907 3986 1022 4051 floren.
1039 4007 1107 4051 non
1124 3986 1347 4052 excedunt—
1364 3986 1438 4051 Fiat
1457 3987 1496 4052 R.
1860 3987 1867 4112 l

525 4091 602 4156 Dat.
619 4093 718 4155 Avin.
743 4091 785 4154 id.
802 4112 880 4155 nov.
898 4099 930 4154 21⁰
948 4093 989 4154 8⁰.
1008 4092 1078 4173 (18,
1097 4092 1180 4172 brt).

534 4242 679 4322 1848.
1447 4279 1541 4341 1549,
1559 4279 1599 4343 14
1618 4264 1792 4326 novembre.

524 4360 625 4444 Snpp.
650 4360 845 4438 Ademarus,
863 4360 913 4424 tit.
935 4360 966 4425 S.
982 4362 1159 4425 Anastasie
1187 4362 1349 4445 presbiter
1376 4362 1561 4442 cardinalis,
1587 4374 1679 4446 quat.
1707 4361 1823 4451 [clerico

480 4485 540 4528 suo
556 4473 590 4527 et
606 4464 756 4528 servitori
774 4464 934 4528 continuo
946 4464 1161 4528 commensali
1180 4463 1293 4546 Petro]
1310 4464 1352 4527 de
1369 4463 1575 4530 Collemedio
1587 4466 1608 4547 ⁸,
1625 4466 1823 4532 Cameracen.

480 4568 578 4645 dioc..
604 4567 647 4631 de
673 4568 806 4651 paroch.
835 4569 916 4632 eccl.
941 4566 983 4631 de
1010 4566 1188 4632 l'illanova
1214 4568 1323 4651 Regis,
1352 4567 1517 4633 Senonen.
1539 4569 1636 4650 dioc,
1661 4563 1822 4656 dignemini

481 4671 665 4755 providere.
689 4710 731 4718 -
756 4667 833 4734 Fiat
858 4669 897 4735 R.
1673 4692 1675 4697 ·

524 4774 602 4839 Dat.
618 4774 717 4838 Avin.
738 4775 774 4838 18
791 4773 857 4839 kal.
873 4773 945 4839 dec.
963 4782 996 4837 a⁰
1013 4775 1054 4839 8⁰.
1072 4776 1141 4858 (18,
1156 4777 1224 4858 85).
1593 4771 1596 4776 ’

513 5018 534 5062 1.
554 5015 616 5061 l'oir
635 5030 660 5062 n.
684 5015 752 5071 1531,
774 5015 843 5061 1531.
862 5013 927 5061 dean
943 5014 1078 5061 llaenaanc
1091 5013 1130 5060 Iul
1151 5015 1219 5061 aussi
1241 5016 1369 5062 chonoIno
1387 5014 1419 5062 do
1440 5015 1551 5074 Tongrcs
1563 5015 1653 5076 (Thya,
1671 5015 1705 5073 ll,
1724 5014 1785 5073 885).
1803 5032 1826 5044 -·

481 5091 503 5133 2.
521 5087 618 5134 derd
636 5087 668 5133 de
685 5088 822 5142 Quartario
838 5093 874 5133 cst
905 5087 956 5134 cite
986 5101 1085 5135 comme
1102 5086 1195 5149 prbvbt
1212 5088 1329 5149 d'Amay,
1352 5089 1375 5135 le
1392 5089 1423 5134 30
1446 5087 1580 5136 decembre
1601 5090 1677 5142 13441
1686 5086 1827 5148 (naalma.

483 5160 580 5209 XXIV.
593 5161 703 5219 1281-
720 5161 743 5207 3.
762 5159 1233 5216 Kirschdr'oll..231.r-2:37;Anmnen.
1249 5163 1268 5220 l,
1287 5162 1412 5208 1125.-
1431 5163 1453 5210 4.
1471 5160 1533 5209 Voir
1550 5176 1574 5208 n.
1593 5164 1648 5215 aab.
1666 5164 1720 5212 981,
1738 5163 1788 5208 995.
1802 5178 1828 5189 -·

481 5236 504 5280 5.
523 5234 583 5280 l'oir
601 5248 625 5280 n.
643 5236 722 5279 35„-
740 5237 762 5282 tl.
783 5233 842 5279 l'oir
859 5248 884 5281 n.
903 5234 1014 5281 1305).—
1033 5238 1054 5281 7.
1073 5234 1133 5283 Voir
1151 5250 1177 5282 n.
1195 5237 1263 5293 1338,
1285 5238 1353 5283 loir.
1367 5263 1397 5270 -
1410 5238 1431 5282 8.
1445 5235 1508 5281 l'oir
1525 5251 1549 5282 rr.
1569 5237 1638 5282 1285.
