4650 6059
1013 807 1103 884 1848.
1124 807 1263 892 tojam
1788 815 1832 884 Β
1934 817 1939 836 ¹

502 953 583 1038 σιὼ,
596 957 636 1024 de
652 978 726 1024 ean.
741 966 777 1025 et
792 961 887 1046 preb.
903 979 944 1026 ac
959 959 1171 1048 prepositura
1193 959 1360 1046 Aquensis
1381 960 1532 1044 ecclesie,
1556 961 1719 1048 Leodien.
1732 965 1831 1050 ilion,
1889 1023 1892 1029 .

500 1080 606 1148 neper
615 1064 670 1128 ob.
682 1061 823 1130 Henrici
835 1061 878 1130 de
890 1062 1172 1150 Spanheim,sedis
1180 1071 1291 1150 apost.
1300 1075 1389 1152 cap?
1397 1063 1520 1132 -Fiat
1528 1073 1624 1134 motu
1632 1067 1780 1156 proprio.
1790 1069 1831 1138 R.

526 1163 704 1232 llatAvin.
720 1168 739 1232 8
755 1165 823 1234 kal.
835 1166 908 1254 julii
922 1174 958 1234 a⁰
970 1173 1013 1235 2⁰.
1029 1169 1079 1251 (5,
1097 1165 1167 1252 62).
1545 1197 1548 1202 ·

527 1299 633 1388 396.
1482 1320 1485 1326 ’
1538 1337 1635 1406 1343,
1648 1320 1691 1386 26
1698 1317 1787 1403 juin.

520 1419 598 1508 Sign.
613 1419 819 1502 Ludom'cus,
835 1439 951 1488 comes
975 1417 1200 1502 Flandrensis,
1226 1420 1318 1507 quod
1342 1420 1398 1488 fel.
1412 1441 1479 1489 rec.
1505 1420 1597 1490 dom.
1618 1421 1830 1507 Benedictus,

488 1523 681 1610 mousson
695 1532 816 1606 vester,
831 1522 876 1591 ad
892 1523 995 1618 ipsius
1010 1524 1143 1592 comitis
1157 1523 1277 1612 suppl,
1291 1523 1426 1592 medico
1439 1545 1511 1607 suo,
1522 1545 1611 1612 mag.
1634 1525 1774 1596 Galtero
1787 1529 1831 1598 de

486 1625 627 1712 lioneto,
643 1627 779 1695 decan.
802 1627 1053 1695 Antisiodoren.
1078 1630 1140 1695 sub
1167 1649 1244 1716 exp.
1258 1629 1351 1716 preb.
1368 1635 1402 1694 et
1417 1627 1518 1714 dign,
1532 1649 1619 1716 pers.
1641 1631 1697 1696 vel
1712 1631 1770 1698 off.
1781 1653 1830 1719 gr.

482 1731 546 1798 lecit
560 1752 662 1819 spec,
674 1731 869 1814 decernens,
885 1738 967 1798 ante
982 1731 1237 1800 revocationem
1262 1731 1455 1818 generalem
1476 1731 1604 1825 factam
1617 1753 1680 1820 per
1693 1754 1771 1800 eum
1785 1734 1828 1802 de

477 1835 769 1924 expectationrhus,
795 1834 919 1921 gratias
942 1855 1003 1922 per
1036 1833 1308 1923 predecessorem
1331 1854 1439 1917 suum,
1454 1834 1545 1902 dom.
1560 1833 1762 1920 Johannem,
1787 1837 1830 1905 de
1957 1875 1961 1880 ·

473 1939 722 2008 canonicatibus
748 1941 810 2006 sub
837 1959 913 2026 exp.
928 1940 1022 2026 preb.
1047 1937 1081 2004 in
1102 1937 1242 2006 Trecen.
1265 1947 1301 2006 et
1325 1937 1575 2006 Antisiodoren.
1598 1939 1748 2008 ecclesiis
1757 1961 1832 2029 pre·

469 2042 557 2111 dicto
583 2041 727 2110 Galtero
749 2041 855 2110 factas
873 2041 996 2109 nullius
1020 2061 1093 2109 esse
1115 2041 1245 2110 roboris
1272 2044 1329 2109 vel
1353 2044 1530 2126 momenti,
1555 2043 1711 2132 quodque
1739 2045 1831 2114 idem

467 2145 623 2215 Galterus
638 2167 713 2214 oen.
728 2154 763 2213 et
777 2149 881 2233 preb,
897 2166 982 2232 quos
993 2145 1028 2212 in
1039 2145 1072 2213 S.
1083 2145 1246 2234 Stephani
1257 2145 1398 2213 Trecen.
1410 2154 1446 2213 et
1461 2147 1494 2213 S.
1506 2145 1597 2214 Petri
1606 2147 1651 2214 de
1663 2147 1831 2232 Maceriis,

465 2249 618 2334 nemen,
634 2249 794 2332 ecclesiis,
810 2250 928 2337 capell.
942 2249 987 2316 de
1003 2247 1164 2332 Bolorn‘a,
1181 2247 1342 2331 Melden,
1357 2259 1394 2316 et
1408 2249 1597 2318 custodiam
1612 2249 1651 2317 B.
1668 2249 1718 2318 M.
1732 2251 1831 2338 juxta

464 2355 495 2422 S.
510 2353 653 2422 Petnrm
667 2353 711 2420 de
732 2351 901 2421 (mndavo
915 2363 936 2436 ³,
952 2351 1139 2420 Tomacen.
1162 2351 1346 2437 diocesum,
1360 2360 1443 2422 tunc
1457 2353 1620 2440 temporis
1645 2355 1830 2438 obtinebat,

463 2459 716 2548 quamprimum
729 2457 957 2546 predictorum
974 2477 1060 2540 can,
1083 2459 1177 2545 preb.
1193 2465 1229 2524 et
1250 2457 1352 2544 dign,
1378 2465 1445 2526 etc.
1471 2467 1560 2526 esset
1584 2458 1831 2546 possessionem

463 2563 642 2651 pacificam
670 2569 852 2642 assecutis,
877 2561 1047 2628 dimittere
1072 2569 1266 2644 teneretur;
1293 2561 1409 2648 vigore
1424 2562 1518 2649 cujus
1540 2563 1658 2648 gratie,
1678 2566 1832 2648 quamvis

463 2688 535 2734 can
553 2674 590 2733 et
605 2669 712 2754 preb„
728 2685 770 2732 ac
784 2664 1097 2733 archidiaconatum
1123 2664 1268 2752 Puiseye
1283 2664 1318 2730 in
1340 2664 1433 2732 dicta
1459 2665 1725 2734 Autissiodoren.
1747 2668 1830 2736 eccl.

463 2792 519 2859 pet
533 2771 647 2838 multa
657 2778 813 2858 tempora
828 2768 997 2836 obtineret
1011 2788 1052 2836 ac
1065 2767 1210 2856 pacifice
1224 2767 1438 2856 possedisset,
1449 2755 1578 2836 dictum
1593 2778 1708 2836 tamen
1723 2770 1831 2858 archi·
1950 2827 1954 2834 .

462 2875 696 2956 diaconatrnn,
706 2881 872 2959 tanquam
888 2892 962 2940 vac.
974 2871 1009 2940 in
1025 2871 1116 2939 curia
1124 2891 1187 2960 per
1199 2872 1464 2939 reservationem
1473 2873 1714 2940 beneficiorum
1724 2893 1830 2960 quon·

462 2979 540 3046 lam
557 2998 649 3064 mag.
664 2975 853 3044 Tbeonaldi
869 2975 1104 3042 deSinemuro
1124 2994 1186 3062 per
1192 2969 1385 3063 'predictum
1400 2974 1420 3056 J
1422 2975 1603 3058 ohannem,
1617 2977 1830 3064 predecesso-

462 3103 531 3148 rem
548 3089 711 3160 vostmm,
728 3079 862 3160 iactam,
879 3079 919 3146 R.
937 3078 973 3145 P.
985 3100 1025 3145 ac
1041 3078 1131 3146 dom.
1156 3077 1305 3164 Hugoni,
1321 3080 1374 3145 tit.
1401 3079 1433 3145 S.
1449 3079 1618 3146 Lamentii
1630 3080 1665 3146 in
1680 3080 1831 3150 Damaso

462 3189 573 3273 presb.
598 3185 699 3264 card,
724 3183 756 3248 S.
784 3182 823 3248 l'.
851 3175 994 3249 contulit
1011 3192 1046 3247 et
1071 3183 1219 3268 providit
1246 3183 1289 3248 de
1313 3183 1444 3249 eodem.
1475 3184 1587 3267 Quare
1602 3205 1697 3271 supp.
1721 3185 1831 3251 dictus

462 3310 589 3369 comes,
608 3296 699 3373 quat.
715 3286 808 3352 dicto
824 3285 971 3363 Galtero,
999 3307 1019 3351 a
1044 3307 1105 3351 suo
1120 3294 1212 3351 statu
1237 3308 1305 3351 non
1332 3286 1503 3353 modicum
1528 3288 1700 3370 destituto,
1724 3288 1781 3374 pio
1796 3296 1831 3353 et

462 3394 566 3460 solito
581 3391 829 3477 compatientes
845 3390 979 3469 affectu,
993 3389 1118 3455 fruetus
1134 3411 1176 3454 ex
1188 3390 1281 3455 dicto
1293 3391 1569 3457 archidiaconatu
1580 3391 1746 3457 bonafide
1758 3413 1831 3478 per·

464 3507 594 3582 ceptoS,
623 3494 649 3559 si
674 3492 718 3560 ad
733 3494 978 3559 restitutionem
996 3501 1160 3573 teneatur,
1177 3493 1347 3558 remittere
1363 3494 1544 3579 dignemini
1561 3515 1618 3560 seu
1630 3495 1767 3561 donare.
1786 3495 1830 3560 Et

464 3597 705 3665 nichilominus
720 3596 830 3662 eidem
847 3596 985 3662 Galtero
995 3598 1037 3663 de
1051 3600 1129 3662 ben.
1146 3618 1175 3662 c.
1192 3618 1220 3663 c.
1237 3599 1292 3662 vel
1308 3618 1332 3663 s.
1349 3619 1388 3676 c.,
1405 3599 1509 3663 etiam
1525 3599 1550 3663 si
1564 3598 1597 3663 in
1614 3601 1696 3665 eccl.
1717 3600 1830 3665 cathe-

466 3701 547 3767 drali
571 3702 706 3779 existat,
727 3700 892 3785 usquead
915 3702 1065 3765 valorem
1095 3708 1185 3765 200²
1212 3701 1268 3765 lib.
1294 3700 1474 3782 Turonen,
1501 3722 1567 3767 sec.
1592 3709 1661 3767 tax.
1689 3702 1828 3783 decime,

467 3804 555 3889 quod
570 3805 606 3869 in
622 3804 711 3870 dioc.
727 3803 904 3882 Senoneu,
922 3803 965 3869 ad
981 3804 1218 3889 cujuscumque
1232 3806 1285 3869 vel
1301 3825 1587 3889 quorumcumque
1600 3807 1685 3885 coll,
1696 3826 1829 3890 presen-

467 3909 654 3986 tationem„
671 3915 747 3987 etc,
763 3916 949 3993 spectante,
968 3927 1089 3973 vacare
1105 3907 1293 3992 contigerit,
1309 3907 1399 3992 quod
1414 3908 1544 3973 duxerit
1572 3908 1829 3992 acceptandum,

468 4013 649 4100 dignemini
665 4012 851 4098 prouidere.
869 4010 949 4076 Non
966 4015 1052 4077 obst.
1075 4011 1234 4098 predictis
1259 4012 1439 4089 beneficiis,
1464 4012 1508 4077 ad
1535 4032 1673 4096 quorum
1700 4031 1830 4097 posses-

469 4119 605 4196 sionem,
617 4116 680 4181 nisi
694 4116 765 4200 jam
778 4116 914 4194 habeat,
927 4115 1036 4199 ipsum
1052 4114 1231 4180 decernere
1257 4115 1368 4180 velitis
1392 4115 1648 4193 admittendum,
1665 4134 1723 4180 seu
1738 4117 1828 4199 quod

470 4222 499 4286 in
514 4219 782 4287 Antissiodoren.
807 4222 873 4315 suh⁸
892 4240 967 4305 exp.
992 4220 1091 4304 dign,
1107 4239 1193 4305 pers.
1220 4220 1273 4284 vel
1300 4218 1366 4298 off,
1392 4228 1480 4284 auct.
1497 4219 1576 4284 dicti
1594 4217 1777 4300 Benedicti,
1794 4229 1830 4285 et

471 4325 498 4390 S.
514 4323 689 4391 Laurentii
707 4323 749 4388 de
766 4323 903 4401 Roset0,
920 4322 1117 4388 Laudunen.
1133 4322 1232 4402 dioc,
1258 4344 1332 4387 can.
1349 4331 1384 4387 et
1408 4325 1510 4408 preb,
1527 4331 1561 4387 et
1587 4343 1660 4388 can.
1676 4326 1736 4391 sub
1752 4345 1828 4410 exp.

471 4434 554 4513 preb.
571 4437 663 4494 auct.
680 4436 791 4492 vestra
808 4427 841 4491 in
858 4426 997 4491 Trecen.
1014 4426 1162 4492 ecclesiis
1174 4427 1322 4491 noscitur
1331 4427 1492 4492 obtinere.
1508 4467 1551 4477 —
1568 4426 1595 4490 F
1597 4427 1643 4491 iat
1660 4428 1704 4493 ad
1720 4428 1828 4495 coll...

473 4533 650 4620 archiepisc
653 4583 704 4612 .....
720 4531 840 4597 decani
856 4539 891 4595 et
912 4550 987 4616 cap.
1004 4531 1183 4609 Senonen,
1200 4532 1424 4596 communiter
1440 4532 1646 4609 veldiuisim,
1666 4554 1769 4617 usque
1786 4535 1828 4598 nd

473 4655 630 4702 summam
653 4655 712 4700 100
728 4635 795 4714 lib,
812 4635 915 4700 etiam
932 4635 958 4699 si
975 4634 1008 4698 in
1025 4635 1106 4700 eccl.
1123 4634 1318 4714 cathedrali,
1343 4644 1377 4700 et
1404 4635 1529 4700 fructus
1552 4639 1642 4700 bona
1665 4637 1729 4702 fide
1755 4656 1827 4721 per-

474 4753 580 4826 ceptos
591 4739 805 4805 remittimus.
829 4737 868 4803 R.

510 4844 587 4912 Dat.
603 4845 706 4910 Avin.
725 4848 742 4907 6
758 4842 823 4908 kal.
836 4842 910 4928 julii
926 4851 960 4908 a⁰
977 4850 1017 4909 2⁰.
1034 4845 1084 4927 (5,
1103 4845 1167 4928 60).

501 5035 524 5092 a)
539 5034 595 5084 (hd.
607 5033 656 5082 11:
675 5032 697 5080 ll
709 5032 765 5079 faut
778 5031 825 5079 liro
836 5031 864 5079 Il
877 5032 905 5081 C.

503 5184 520 5232 l.
532 5185 638 5247 liugues
650 5183 743 5242 Rom,
756 5195 837 5230 nereu
848 5181 883 5229 du
896 5196 969 5245 pape.
982 5196 1073 5244 promu
1087 5182 1110 5230 le
1121 5185 1153 5231 20
1164 5187 1229 5244 mpt.
1244 5183 1305 5229 1342
1323 5181 1425 5240 (Eubel.
1439 5181 1459 5234 1.
1474 5183 1569 5244 41).-λ
1589 5183 1611 5228 2.
1633 5182 1730 5234 liimch.
1754 5180 1827 5241 h'oll,

479 5255 529 5310 ὶῖθς
540 5259 644 5314 Riezlcr,
660 5271 686 5305 n.
701 5256 771 5312 llll»,
785 5256 864 5306 1³13:
877 5256 1025 5314 Saucrlnmh
1040 5255 1132 5305 iiheiu.
1150 5255 1218 5312 Ε’νΙιη
1230 5270 1256 5304 n
1268 5257 1339 5304 lusu.
1351 5283 1383 5290 —
1395 5258 1417 5304 3.
1429 5255 1513 5310 l'itlal,
1527 5269 1551 5302 u.
1569 5257 1623 5303 sot.
