4650 6059
973 761 1059 831 1849.
1083 761 1122 824 22
1146 761 1215 825 mai.
1714 765 1776 830 439

462 916 559 979 657.
576 912 667 997 Mag.
684 913 805 997 Egidio
822 912 945 998 Moysi,
961 912 1044 977 alias
1060 911 1152 977 dicto
1168 911 1295 992 Pluma,
1312 911 1495 997 presbitero
1510 909 1709 992 Tomacen.,
1733 912 1776 977 de

462 1037 485 1079 r.
517 1018 600 1082 eccl.
617 1038 645 1082 c.
673 1038 701 1082 c.
729 1024 805 1098 etc,
833 1016 876 1082 ad
906 1017 981 1082 coll.
1005 1024 1081 1096 etc,
1099 1016 1231 1081 abbatis
1262 1023 1296 1081 et
1327 1023 1515 1081 conventus
1530 1015 1724 1080 monasterii
1742 1017 1774 1081 S.

466 1120 569 1184 intini
586 1121 619 1185 in
637 1120 761 1202 Insula,
779 1121 985 1188 Noviomen.
1001 1120 1099 1201 dioc,
1116 1118 1158 1184 Ο.
1174 1120 1206 1183 S.
1224 1118 1262 1183 B.
1278 1143 1286 1200 ;
1315 1140 1383 1185 non
1401 1121 1487 1185 obst.
1503 1118 1594 1203 quod
1619 1119 1651 1182 in
1667 1119 1774 1186 forma

463 1225 586 1288 nmuni
614 1223 656 1290 ad
685 1228 761 1289 ben.
790 1226 871 1290 eccl.
894 1246 922 1291 c.
950 1245 979 1290 c.
1004 1231 1080 1304 etc,
1097 1224 1139 1289 ad
1163 1223 1240 1289 coll.
1267 1231 1343 1303 etc,
1370 1221 1499 1288 abbatis
1525 1230 1561 1288 et
1586 1231 1773 1288 conventus

462 1328 607 1392 masterii
624 1329 655 1393 S.
673 1328 769 1414 Eligii
796 1328 1011 1407 Noviomen.,
1039 1326 1080 1391 O.
1108 1327 1140 1391 S.
1165 1326 1214 1407 B,
1232 1326 1276 1392 ad
1301 1347 1341 1392 ea
1367 1347 1431 1410 que
1447 1326 1550 1391 habet
1574 1326 1722 1391 conferre
1739 1327 1772 1391 in

463 1452 499 1496 c.
515 1430 705 1497 Tomacen.
722 1441 773 1498 est
788 1440 981 1518 expectans.
998 1471 1038 1480 —
1057 1429 1195 1496 Habeat
1210 1430 1434 1496 communiter
1449 1430 1503 1494 vel
1518 1429 1660 1509 divisim,
1678 1437 1715 1493 ut
1739 1430 1771 1494 in

462 1556 529 1598 ma.

470 1680 559 1740 658.
582 1671 674 1756 Mag.
692 1673 793 1740 Petro
808 1674 850 1739 de
869 1673 987 1754 Croco,
1005 1672 1172 1738 Morinen.
1188 1673 1285 1754 dioc,
1301 1673 1344 1739 de
1355 1675 1431 1737 ben.
1448 1673 1529 1737 eccl.
1546 1692 1574 1736 c.
1591 1691 1619 1737 c.
1636 1679 1711 1752 etc,
1729 1672 1772 1737 ad

462 1775 484 1837 l.
504 1782 583 1855 etc,
608 1776 740 1840 abbatis
755 1785 790 1841 et
817 1785 1004 1842 conventus
1019 1776 1213 1841 monasterii
1241 1776 1272 1840 S.
1299 1775 1465 1853 Johannis
1490 1775 1524 1839 in
1548 1776 1772 1859 montejuxta

462 1879 597 1958 trinum,
615 1878 656 1945 Ο.
674 1880 704 1944 S.
719 1879 757 1944 B.
772 1921 816 1930 -
833 1879 972 1947 Habeat
992 1890 1029 1946 ut
1045 1901 1153 1967 supra.

463 2023 556 2085 659.
581 2016 672 2103 Mag.
688 2017 835 2095 Johanni
853 2018 965 2099 Baers,
981 2018 1169 2085 Tomacen.
1182 2018 1280 2098 dioc,
1297 2018 1340 2084 de
1356 2020 1432 2083 ben.
1448 2020 1530 2085 eccl.
1547 2039 1576 2085 c.
1593 2040 1622 2084 c.
1638 2027 1713 2099 etc,
1730 2018 1773 2084 ad

464 2122 486 2184 l.
505 2129 582 2199 etc,
592 2123 722 2188 abbatis
738 2132 772 2187 et
789 2131 975 2189 conventus
991 2122 1184 2188 monasterii
1201 2122 1233 2186 S.
1250 2120 1387 2187 Martini
1402 2121 1601 2204 Tomacen.,
1617 2122 1659 2188 Ο.
1672 2123 1704 2187 S.
1721 2122 1758 2187 B.
1765 2146 1772 2202 ;

462 2246 477 2288 r
496 2228 585 2291 obst.
601 2227 707 2310 gratia
723 2227 858 2312 speciali
875 2227 957 2292 alias
972 2248 1032 2313 per
1047 2227 1078 2291 S.
1095 2226 1135 2290 V.
1151 2227 1212 2293 sibi
1236 2226 1325 2292 facta
1340 2226 1384 2292 ad
1400 2228 1476 2293 coll.
1493 2235 1569 2309 etc,
1586 2228 1716 2294 abbatis
1739 2236 1774 2292 et

462 2338 602 2395 iventus
618 2331 810 2396 monasterii
827 2330 858 2395 S.
875 2330 1045 2415 Sepulchri
1062 2329 1336 2411 Cameracen.,O.
1354 2331 1385 2396 S.
1402 2329 1451 2410 B,
1461 2330 1504 2396 de
1515 2333 1591 2396 ben.
1602 2332 1684 2397 eccl.
1694 2352 1722 2397 c.
1733 2352 1774 2413 c.,

462 2442 535 2496 tute
552 2433 645 2516 cujus
660 2435 809 2500 nondum
825 2442 876 2498 est
892 2434 952 2500 sibi
966 2433 1145 2521 provisum.
1160 2470 1204 2479 —
1217 2433 1355 2499 Habeat
1369 2441 1407 2499 ut
1422 2454 1532 2521 supra.

462 2576 558 2636 660.
584 2568 674 2654 Mag.
690 2570 764 2635 Ade
792 2570 834 2636 de
861 2570 983 2650 Vorde,
1008 2570 1199 2637 Tomacen.
1225 2571 1323 2651 dioc,
1339 2571 1382 2637 de
1408 2592 1483 2637 can.
1505 2575 1565 2637 sub
1591 2595 1666 2660 exp.
1683 2575 1773 2659 preb.

463 2673 492 2735 :l.
509 2672 542 2736 S.
560 2673 650 2738 Petri
666 2674 877 2755 Casletensis,
891 2673 1059 2740 Morinen.
1075 2675 1162 2740 dioc.
1179 2715 1222 2724 —
1239 2673 1375 2739 Habeat
1387 2683 1423 2740 ut
1439 2676 1534 2762 petit.

462 2813 555 2875 1661.
581 2808 672 2894 Mag.
701 2810 822 2896 Egidio
849 2811 980 2892 Clerici,
1004 2812 1188 2897 presbitero
1211 2810 1397 2877 Tomacen.
1424 2812 1521 2893 dioc,
1548 2812 1590 2878 de
1617 2834 1691 2878 can.
1715 2816 1774 2879 sub

462 2934 485 2976 ).
513 2916 607 2998 preb.
635 2915 716 2979 eccl.
745 2915 777 2980 S.
803 2915 942 2979 Servatii
959 2914 1193 3000 Trajectensis,
1218 2914 1377 2980 Leodien.
1403 2913 1489 2981 dioc.
1516 2957 1559 2965 —
1576 2915 1711 2981 Habeat
1738 2924 1775 3009 ut

462 3014 508 3081 it.
525 3017 596 3098 (19,
617 3019 722 3103 206').

462 3160 560 3219 1662.
586 3153 677 3239 Mag.
694 3156 866 3242 Gerulpho
882 3158 1031 3237 Goetals,
1047 3156 1236 3223 Tomacen.
1252 3158 1349 3236 dioc,
1366 3155 1408 3221 de
1435 3158 1545 3222 soluto
1573 3177 1649 3222 cum
1665 3158 1773 3221 soluta

462 3256 537 3336 rito,
555 3258 607 3322 cui
625 3259 707 3323 alias
723 3282 781 3346 per
797 3246 828 3325 S.
845 3261 884 3325 V.
902 3261 1013 3325 extitit
1037 3260 1266 3345 dispensatum
1282 3260 1325 3326 ad
1341 3281 1443 3325 unum
1459 3263 1535 3325 ben.
1553 3260 1772 3326 obtinendum

462 3363 504 3441 :l.,
521 3362 653 3427 etiamsi
671 3384 785 3428 curam
801 3366 941 3430 haberet
965 3365 1159 3443 animarum,
1177 3363 1219 3428 de
1246 3365 1465 3450 ampliatione
1492 3366 1581 3430 dicte
1605 3365 1773 3451 dispensa-

463 3465 514 3530 nis
530 3466 574 3530 ad
591 3468 685 3551 plura
712 3470 875 3533 beneficia
900 3470 997 3534 simul
1024 3467 1208 3533 obtinenda
1234 3469 1259 3532 si
1287 3468 1347 3532 sibi
1375 3469 1522 3552 legitime
1548 3468 1773 3548 conferantur,

462 3578 623 3636 eteorum
642 3573 783 3636 alterum
802 3571 947 3655 dignitas
962 3573 1016 3634 vel
1037 3571 1069 3634 in
1098 3570 1240 3635 ecclesia
1265 3570 1447 3635 cathedrali
1476 3572 1606 3650 existat,
1624 3579 1658 3635 et
1674 3571 1717 3636 ad
1732 3593 1772 3635 ea

462 3673 633 3737 mutanda
650 3677 753 3738 semel
769 3676 823 3738 vel
839 3674 961 3759 pluries
987 3674 1012 3737 si
1041 3682 1256 3758 patronorum
1284 3681 1319 3737 et
1343 3675 1547 3757 prelatorum
1571 3675 1772 3739 interveniat

463 3796 603 3852 rsensus,
621 3778 713 3842 etde
729 3781 804 3842 ben.
823 3779 904 3843 eccl.
921 3799 949 3843 c.
978 3799 1006 3843 c.
1023 3786 1098 3856 etc,
1116 3778 1159 3842 ad
1184 3778 1260 3842 coll.
1288 3786 1363 3857 etc,
1381 3779 1512 3842 abbatis
1538 3787 1572 3843 et
1588 3787 1772 3843 conventus

462 3881 606 3944 inasterii
624 3881 655 3943 S.
672 3881 824 3963 Quintini
842 3882 874 3945 in
892 3881 1015 3959 Insula,
1033 3879 1075 3943 Ο.
1093 3881 1124 3943 S.
1138 3878 1187 3960 B„
1205 3879 1407 3944 Noviomen.
1420 3879 1517 3959 dioc,
1534 3884 1593 3945 sub
1609 3881 1690 3945 data
1706 3880 1771 3945 diei

462 3983 605 4066 luentis3
633 4004 700 4048 non
717 3987 802 4049 obst.
819 3985 907 4067 quod
923 3984 966 4049 ad
980 3987 1057 4049 ben.
1073 3985 1155 4048 eccl.
1173 4005 1201 4049 c.
1218 4004 1246 4049 c.
1263 3984 1317 4047 vel
1342 4004 1367 4048 s.
1384 4003 1422 4063 c.‚
1439 3984 1570 4049 etiamsi
1595 3984 1772 4050 canonica-

462 4113 465 4144 a
479 4087 616 4164 existat,
633 4086 675 4151 ad
691 4088 766 4152 coll.
783 4087 900 4153 decani
926 4096 960 4152 et
977 4088 1113 4172 capituli
1141 4087 1172 4152 S.
1200 4087 1356 4153 Rumoldi
1375 4085 1600 4168 Maelinensis,
1617 4087 1772 4153 Camera-

462 4211 485 4254 ι.
501 4190 601 4268 dioc,
618 4190 661 4254 sit
677 4200 869 4275 expectans.
885 4233 927 4241 —
957 4192 1094 4256 Habeat
1121 4189 1165 4254 ad
1190 4189 1265 4254 coll.
1282 4189 1450 4254 abbatisse
1477 4198 1511 4255 et
1538 4199 1724 4256 conventus
1740 4191 1771 4257 S.
1831 4262 1834 4270 ,

462 4296 630 4358 streberte
644 4294 677 4357 in
696 4294 882 4360 Mosterolo
898 4316 996 4381 supra
1012 4315 1113 4374 mare,
1130 4293 1172 4358 Ο.
1189 4293 1220 4358 S.
1237 4291 1286 4372 B.,
1303 4293 1389 4358 dioc.
1402 4294 1772 4375 Ambianen.,commu-

462 4418 499 4461 er
514 4400 569 4462 vel
586 4398 728 4478 divisim,
746 4398 831 4462 utin
849 4398 963 4463 forma.
981 4399 1051 4481 (19,
1069 4397 1252 4480 206'-207.)

462 4540 559 4600 1663.
586 4532 679 4618 Mag.
704 4533 848 4599 Walloni
876 4534 1013 4615 Cadelli,
1039 4535 1121 4599 alias
1146 4534 1188 4598 de
1205 4533 1336 4598 Frenclr
1365 4541 1385 4614 ¹,
1415 4533 1581 4601 Morinen.
1607 4536 1705 4617 dioc,
1731 4535 1773 4601 de

462 4637 573 4719 gimine
604 4638 769 4703 scolarum
807 4637 973 4704 Morinen.
1005 4638 1154 4722 quandiu
1183 4637 1290 4702 vitam
1321 4638 1452 4703 duxerit
1482 4640 1516 4702 in
1540 4640 1706 4705 humanis.
1731 4680 1774 4689 -

462 4742 555 4804 abeat
572 4741 615 4806 ad
632 4742 707 4805 coll.
725 4740 871 4826 episcopi
889 4742 1113 4821 Aurelianen,
1130 4748 1167 4805 ut
1193 4741 1358 4822 informa,
1384 4741 1425 4806 de
1448 4740 1527 4806 data
1555 4763 1572 4822 9
1599 4740 1666 4808 kal.
1689 4743 1773 4828 junii

481 4843 518 4907 8⁰.

475 4985 565 5048 1664.
591 4982 684 5068 Mag.
702 4984 822 5068 Egidio
848 4984 990 5064 Tibelin,
1006 4984 1194 5050 Tomacen.
1219 4983 1317 5064 dioc,
1342 4983 1385 5049 de
1412 4983 1534 5064 officio,
1551 4984 1775 5068 cujuscunque

462 5111 662 5133 Q*

478 5197 493 5242 l.
503 5199 551 5250 l'oir
562 5220 585 5253 n.
597 5208 634 5264 87,
647 5208 702 5253 5116.
