4650 6059
920 489 1267 576 nnn-niune
1719 503 1777 572 ni

447 636 1089 728 ear.1temadsupp1.Nioout‚deeant
1099 644 1777 734 eecl.Antwerpiensis,JohannideWes·

411 739 506 808 tende
516 757 540 824 ¹,
549 745 666 830 presb.
676 741 925 826 valitudinario,
935 743 1127 836 Trejecten.
1136 746 1267 830 dioc.,u
1280 749 1374 818 curia
1386 748 1485 820 Rom.
1495 755 1699 837 absentibus,
1711 777 1776 826 nec

414 845 585 912 commode
601 845 737 934 possint
751 848 972 934 personaliter
985 849 1113 918 dletam
1127 851 1220 920 edire
1234 853 1364 927 curiam
1378 875 1441 942 pro
1460 859 1618 925 armine
1630 863 1774 928 subeun-

416 947 455 1016 do
466 971 476 1030 ;
489 948 680 1036 difflernini
696 950 806 1018 dictas
820 952 943 1037 gratias
965 953 1037 1019 sine
1054 954 1210 1020 examine
1226 956 1384 1042 expedire
1399 960 1570 1042 mandare,
1588 963 1640 1028 vel
1657 984 1773 1032 eorum

366 1151 369 1155 p
418 1073 550 1122 eramen
565 1055 815 1124 committere...
833 1055 964 1128 decano
980 1058 1062 1128 eccl.
1088 1057 1127 1130 B.
1144 1058 1266 1132 ondin
1290 1060 1515 1131 Bruxellensis
1530 1067 1617 1131 vel...
1643 1066 1775 1135 decano

419 1157 490 1224 eccl
505 1155 545 1224 B.
558 1155 720 1226 Rumoldi
734 1147 997 1246 Machliniensis,
1008 1171 1110 1236 aut...
1122 1162 1253 1234 decano
1269 1167 1351 1232 eccl.
1362 1163 1401 1234 B.
1412 1165 1584 1240 Gummari
1596 1169 1774 1256 Lierensis,

420 1257 625 1330 Cruremoen.
652 1262 741 1330 dioc.
766 1303 809 1314 -
838 1261 1081 1338 Committatur
1103 1285 1193 1352 mag.
1222 1263 1374 1340 Henrico
1404 1267 1521 1354 Coike,
1547 1292 1622 1358 cap.
1646 1281 1773 1356 nostro,

363 1443 364 1450 ,
418 1363 537 1432 denno
552 1367 637 1438 eccl.
653 1365 971 1452 Tenremondensis,
987 1367 1205 1440 Cameracen.
1220 1368 1307 1440 dioc.
1326 1369 1367 1440 R.

456 1467 531 1536 Dat
546 1468 650 1536 Avin.
670 1489 707 1556 15
724 1468 793 1536 kal.
809 1469 886 1538 iebr.
902 1477 937 1540 a⁰
953 1480 994 1546 2⁰.
1010 1471 1113 1578 (affl,
1129 1471 1176 1556 11,
1197 1475 1283 1560 131).

462 1634 576 1724 632.
1417 1671 1512 1738 1344,
1534 1655 1577 1719 18
1584 1652 1731 1736 y'errrvier.

454 1753 556 1842 Supp.
573 1751 724 1821 Falcone
739 1753 924 1841 Lampagli,
937 1753 1020 1822 civis
1035 1754 1247 1822 Pistoriensis
1262 1775 1303 1822 ac
1326 1773 1414 1840 mag.
1428 1765 1567 1824 monete
1581 1757 1677 1824 ducis
1692 1757 1775 1824 Bra·

413 1858 538 1940 bantie,
555 1857 636 1946 [pro
651 1857 720 1924 ind.
737 1858 771 1923 in
787 1866 849 1924 art.
864 1857 994 1952 mort.].
1015 1895 1048 1908 -
1069 1857 1146 1930 Fiat
1162 1857 1203 1924 R.

454 1961 535 2030 Dat.
549 1961 652 2029 Arin.
673 1981 709 2046 15
726 1961 792 2029 kal.
809 1961 889 2030 febr.
904 1971 938 2029 a⁰
955 1969 997 2029 2⁰.
1014 1962 1064 2049 (3,
1088 1961 1125 2029 Ρ.
1142 1961 1189 2045 11,
1209 1965 1312 2047 131¹).

460 2123 580 2214 6³3.
1422 2157 1519 2230 1544,
1537 2141 1579 2206 18
1587 2138 1732 2222 jonoisr.

449 2242 553 2331 Supp.
569 2240 760 2330 Audoynus
774 2241 905 2314 Alberti
921 2249 1014 2330 quat.
1026 2240 1088 2308 sibi
1103 2239 1288 2326 dignemini
1303 2239 1479 2332 providere
1490 2241 1534 2308 de
1545 2262 1619 2309 can.
1632 2253 1668 2308 et
1682 2246 1776 2332 preb.

407 2348 529 2434 colleg.
552 2347 637 2414 eccl.
654 2345 687 2414 S.
714 2343 892 2432 Gaugerici
916 2344 1144 2428 cameracen,
1160 2365 1236 2413 vac.
1258 2365 1319 2438 per
1344 2347 1398 2414 ob.
1424 2366 1514 2432 mag.
1540 2345 1708 2426 Johannis
1733 2347 1777 2414 de

409 2451 565 2518 Fumone
581 2463 603 2534 ²,
618 2448 790 2538 scriptoris
805 2448 893 2518 sedis
908 2458 1028 2538 apost,
1038 2470 1109 2518 non
1119 2451 1207 2519 obst.
1217 2447 1308 2536 quod
1322 2448 1568 2542 preposituram
1578 2460 1614 2517 et
1629 2471 1704 2518 can.
1715 2453 1776 2518 sub

407 2577 485 2644 exp.
502 2555 537 2622 in
552 2554 698 2636 Aniensi,
716 2550 885 2624 Morinen.
899 2553 999 2636 dioc,
1021 2573 1063 2622 ac
1076 2574 1152 2628 oen,
1168 2561 1204 2620 et
1226 2553 1317 2642 preb.
1334 2552 1368 2618 in
1385 2551 1601 2620 Lemovicen.
1618 2555 1777 2636 ecclesiis,

409 2669 445 2726 et
458 2659 672 2728 scolastriam
686 2659 731 2726 de
746 2657 915 2727 Cassanee
929 2660 1055 2752 pulcra,
1071 2659 1311 2728 Convenarum
1326 2655 1424 2741 dioc,
1449 2657 1599 2726 noscitur
1613 2658 1779 2726 obtinere.

416 2800 448 2814 -
464 2761 546 2832 Fiat
562 2761 604 2830 R.
1508 2790 1511 2795 ·

453 2867 533 2936 Dat.
544 2867 648 2936 Avin.
668 2887 705 2954 15
722 2866 789 2934 kal.
804 2865 885 2936 febr.
901 2873 935 2940 a⁰
950 2873 993 2938 2⁰.
1021 2867 1069 2952 (3.
1085 2865 1123 2940 Ρ.
1136 2861 1183 2950 11,
1198 2865 1301 2956 131l).

461 3013 581 3098 634.
1420 3043 1573 3111 134431
1584 3024 1734 3109 jonaier.

363 3215 364 3220 ¹
453 3132 556 3220 Supp.
571 3130 731 3217 magistra
746 3137 780 3194 et
795 3128 940 3214 beghine
954 3127 1145 3214 beghinagii
1172 3127 1264 3196 curie
1290 3127 1322 3194 S.
1348 3128 1490 3213 Agnetis
1514 3150 1620 3216 prope
1637 3130 1777 3215 opidum

415 3235 445 3301 S.
458 3235 637 3316 Trudonis,
653 3234 814 3300 Leodien.
830 3233 927 3314 dioc,
955 3254 1020 3317 que
1035 3233 1078 3300 de
1093 3234 1192 3299 bonis
1207 3232 1275 3298 suis
1287 3240 1325 3297 et
1350 3233 1490 3318 propriis
1505 3255 1667 3298 manuum
1684 3235 1777 3300 labe.-

418 3341 509 3420 nbus,
525 3342 589 3406 sub
605 3339 798 3405 obedientia
814 3338 915 3423 episc.
932 3336 1093 3403 Leodien.
1112 3336 1262 3402 Domino
1277 3336 1490 3417 faniulantur,
1500 3347 1592 3422 quat.
1606 3339 1778 3405 libertates

418 3451 450 3507 et
462 3444 585 3528 gratias
601 3441 663 3508 sibi
680 3462 857 3515 concessas
872 3460 931 3527 per
954 3442 1034 3504 bon.
1050 3461 1151 3505 mem.
1167 3440 1257 3505 dom
1283 3439 1525 3520 Theobaldum‚
1543 3442 1622 3506 olim
1639 3443 1750 3526 episc,
1767 3452 1778 3486 ³

419 3566 453 3611 ac
468 3547 539 3613 dec.
552 3555 588 3611 et
604 3565 678 3630 cap.
688 3543 770 3609 eccl.
787 3542 957 3622 Leodien,
971 3543 1004 3607 in
1015 3543 1134 3628 quibus
1141 3544 1234 3610 dicte
1246 3543 1403 3627 magistra
1419 3551 1454 3608 et
1468 3545 1613 3627 begliine
1626 3546 1777 3611 eximun-

420 3663 466 3713 tur
488 3672 507 3716 a
531 3651 787 3734 quibuscunque
798 3646 1000 3713 secularibus
1010 3648 1253 3728 exactionibus,
1263 3657 1300 3713 et
1313 3648 1363 3714 eis
1384 3648 1580 3713 conceditur
1601 3649 1690 3732 quod
1707 3669 1775 3713 non

420 3756 496 3821 obst.
511 3753 662 3842 generali
678 3751 860 3818 interdicto
875 3752 947 3815 lato
974 3753 1027 3815 vel
1056 3751 1194 3816 serendo
1221 3760 1312 3817 auct.
1338 3750 1514 3832 ordinaria,
1540 3751 1670 3836 possint
1685 3751 1777 3817 licite

422 3856 571 3926 interesse
586 3857 719 3938 divinis
736 3865 770 3922 et
782 3856 829 3922 eis
844 3854 1022 3922 ministrari
1039 3855 1266 3928 ecclesiastica
1289 3863 1507 3937 sacramenta,
1523 3861 1558 3919 et
1579 3873 1719 3946 corpora
1734 3876 1776 3920 ex

423 3959 490 4047 ipsis
516 3961 755 4030 decedentium
781 3960 866 4026 tradi
882 3958 1110 4030 ecclesiastice
1137 3960 1316 4048 sepulture,
1343 3958 1387 4024 ad
1414 3979 1498 4046 opus
1513 3978 1627 4022 earum
1654 3967 1688 4022 et
1713 3959 1775 4026 sibi

371 4149 373 4156 Ι
423 4065 675 4150 secedentium,
700 4063 882 4150 dignemini
908 4062 1132 4144 confinnare;
1157 4061 1382 4150 precipientes
1409 4072 1562 4127 tenorem
1588 4061 1775 4127 litterarum

424 4189 510 4256 super
523 4170 695 4258 premissis
717 4168 947 4236 confectarum
963 4168 1080 4238 vestris
1107 4176 1216 4256 apost.
1232 4165 1351 4238 litteris
1375 4165 1418 4231 de
1441 4168 1544 4230 verbo
1569 4165 1613 4230 ad
1637 4167 1774 4230 verbum

425 4271 521 4356 inseri,
537 4295 616 4341 cum
632 4274 788 4339 omnibus
803 4271 958 4337 clausulis
985 4271 1160 4357 oportunis
1175 4282 1196 4346 ⁴,
1228 4307 1259 4318 —
1281 4267 1489 4340 Exhibeatur
1513 4269 1547 4333 in
1575 4269 1774 4336 cancellaria

424 4375 595 4444 declaratio
611 4377 701 4444 facta
716 4397 814 4463 super
829 4384 918 4448 statu
934 4396 1048 4447 earum
1072 4396 1132 4466 per
1154 4373 1348 4458 Jolrannem
1363 4371 1478 4454 XXII,
1503 4371 1773 4457 predecessorem

372 4479 374 4514 ³
425 4491 572 4562 nostrum,
588 4501 649 4566 per
665 4501 767 4565 quam
790 4480 1003 4546 declarantur
1016 4500 1084 4545 non
1101 4475 1341 4565 comprehendi
1365 4478 1425 4541 sub
1443 4475 1684 4541 constitutione
1699 4474 1776 4540 Cle·

425 4585 532 4652 nentis
548 4583 589 4666 V,
605 4591 642 4650 et
664 4583 756 4669 quod
770 4604 840 4649 non
863 4584 1122 4649 molestarentur
1146 4583 1256 4648 donec
1282 4579 1324 4645 de
1349 4587 1440 4645 statu
1468 4599 1581 4644 earum
1603 4586 1691 4644 esset
1715 4599 1777 4664 per

451 4842 536 4893 LVoir
547 4858 574 4893 n.
586 4845 643 4892 472.
654 4871 687 4879 -
707 4845 731 4893 2.
743 4843 805 4893 Vcir
815 4857 842 4896 n.
853 4844 910 4898 270.
928 4865 961 4882 -·
978 4842 1129 4896 &mimi
1138 4839 1172 4892 de
1183 4840 1241 4900 RB,
1255 4840 1286 4890 13
1297 4853 1367 4890 nm
1379 4841 1476 4898 136Βώ
1487 4841 1517 4892 29
1529 4838 1581 4887 mei
1595 4839 1657 4888 1312
1669 4836 1776 4899 (Euboi,

427 4914 504 4979 llll).
515 4946 547 4953 —
560 4919 584 4966 l.
597 4917 647 4965 Les
658 4916 748 4967 lettres
759 4931 793 4967 ne
803 4923 861 4966 sont
873 4930 919 4980 pas
931 4914 1040 4966 inscide·
1049 4916 1115 4966 deur
1125 4915 1152 4968 lc
1163 4914 1235 4970 bulte
1243 4912 1323 4977 (Rq.
1333 4912 1411 4970 Acir·
1424 4914 1461 4973 ili,
1472 4911 1505 4968 ff.-
1514 4912 1645 4972 wrm)-

368 5001 371 5014 '
465 5009 522 5052 boet
536 5008 589 5052 Vnt.
605 5007 666 5059 ner..

362 5065 374 5362 Ι
