4650 6059
984 812 1073 891 1846,
1098 811 1180 874 17-18
1202 814 1282 877 amr.
1757 818 1813 880 211

522 964 654 1047 1046.
1513 978 1608 1060 1346,
1625 997 1667 1062 ι]
1682 985 1770 1045 arant.

514 1083 597 1169 Supp.
614 1080 781 1167 P[etms],
799 1080 1075 1164 Cesaraugustan.
1092 1077 1287 1163 archiepisc
1305 1088 1323 1157 ¹,
1340 1085 1432 1162 quat.
1452 1078 1620 1164 [servitori
1636 1103 1696 1148 suo
1713 1082 1815 1149 iterio

443 1189 445 1248 l
480 1183 764 1264 dellanbac0,1ic.
785 1184 819 1247 in
842 1183 942 1264 decr,
968 1180 1103 1248 officiali
1132 1179 1439 1266 Cesaraugustan.],
1467 1182 1816 1268 archipresbiteratunr

443 1309 447 1396 p
482 1288 713 1368 Belchitensem,
738 1287 1015 1372 Cesaraugustan.
1030 1284 1127 1361 dioc,
1145 1284 1296 1349 conferre
1312 1285 1494 1369 dignemini
1511 1310 1519 1365 ;
1536 1307 1604 1352 non
1621 1292 1706 1354 obst.
1726 1292 1816 1374 quod

483 1412 536 1457 can.
557 1399 589 1456 et
611 1393 705 1477 preb.
730 1391 764 1454 in
790 1392 872 1455 ecel.
900 1390 931 1454 S.
949 1387 1136 1470 Walburgis
1156 1386 1198 1451 de
1221 1386 1348 1467 Fumis,
1373 1385 1538 1454 Morinen.
1555 1391 1652 1474 dioc,
1668 1394 1816 1459 noscitur

483 1496 616 1560 obtinere.
633 1535 676 1543 -
693 1494 769 1560 Fiat
786 1494 826 1560 R.

514 1598 579 1663 Dat.
594 1598 694 1663 Asin.
712 1604 749 1662 16
766 1597 831 1663 kal.
848 1607 933 1683 sept.
949 1606 983 1661 a⁰
1001 1604 1042 1679 5⁰.
1059 1597 1124 1678 (ll,
1146 1595 1231 1678 140).

521 1734 654 1817 1047.
1516 1749 1610 1831 1346,
1628 1751 1670 1812 ra
1685 1756 1773 1815 nortl.

442 1849 446 1905 ἕ
514 1853 599 1919 Pater
621 1853 688 1918 S¹¹¹''.
713 1851 798 1915 Cum
821 1849 970 1928 Jacobus
985 1848 1027 1913 de
1045 1847 1138 1911 Filiis
1155 1847 1244 1928 Ursi,
1261 1850 1339 1913 cler.
1355 1849 1397 1914 de
1415 1849 1517 1929 Urbe,
1533 1854 1610 1917 ben.
1626 1853 1818 1918 vidandarie

486 1957 544 2021 eccl.
568 1956 797 2023 Paucenritan.
819 1961 842 2032 ³,
870 1964 905 2018 et
931 1951 1106 2030 Jolrannes
1133 1951 1175 2016 de
1201 1951 1292 2017 Filiis
1314 1952 1403 2034 Ursi,
1419 1956 1497 2020 cler.
1513 1955 1556 2019 de
1574 1955 1675 2037 Urbe,
1693 1979 1767 2023 can.
1785 1966 1820 2022 et

487 2063 553 2144 preb.
566 2061 647 2126 eccl.
665 2058 812 2144 Hoyen,
825 2057 985 2123 Leodien.
1001 2056 1099 2135 dioc,
1112 2077 1196 2139 quos
1208 2056 1240 2119 in
1254 2056 1379 2121 eisdem
1396 2059 1544 2123 ecclesiis
1560 2059 1660 2124 iidem
1672 2059 1819 2138 Jacobus

488 2172 511 2226 et
521 2161 684 2239 lohannes
706 2162 916 2240 obtinebant,
933 2181 975 2223 ex
991 2179 1092 2224 cansa
1108 2159 1365 2243 permutationis
1380 2160 1466 2225 inter
1482 2183 1540 2227 eos
1554 2162 1597 2227 de
1612 2166 1687 2228 ben.
1704 2164 1820 2229 ridan-

445 2291 451 2306 =
489 2264 563 2346 darie,
577 2276 611 2331 et
628 2286 704 2332 can.
721 2273 755 2330 et
771 2268 863 2350 preb.
879 2263 1037 2349 predictis
1053 2262 1197 2326 invicem
1220 2262 1380 2343 faciende,
1399 2265 1432 2328 in
1448 2266 1603 2331 manibus
1621 2268 1659 2332 R.
1677 2267 1713 2332 P.
1729 2268 1819 2333 dom.

490 2370 563 2453 episc.
578 2370 609 2435 S.
626 2369 737 2434 Pontii
749 2368 792 2433 de
804 2366 993 2432 Thomen'is
1004 2366 1107 2430 libere
1122 2366 1372 2449 resignaverint,
1390 2366 1545 2452 idemque
1561 2369 1661 2454 episc.
1678 2370 1823 2453 resigna-

491 2471 573 2538 tiones
594 2472 783 2557 hujusmodi
809 2492 849 2535 ex
874 2471 965 2536 dieta
989 2490 1101 2548 causa,
1126 2479 1239 2534 restro
1261 2470 1408 2551 nomine,
1432 2471 1564 2537 duxerit
1584 2472 1820 2549 admittendas,

491 2572 615 2659 dignetur
639 2575 672 2640 S.
689 2574 729 2640 l'.
749 2573 882 2652 Jacobo
905 2573 1057 2659 predicto
1072 2573 1114 2638 de
1130 2593 1205 2638 can.
1222 2582 1256 2637 et
1272 2576 1375 2659 preb,
1391 2583 1426 2638 et
1441 2572 1587 2651 Jolranni
1611 2576 1763 2661 predicto
1778 2577 1821 2642 de

444 2671 450 2786 'p
490 2678 745 2744 benridandarie
760 2676 948 2755 antedictis,
965 2676 1011 2740 sie
1028 2695 1111 2755 vac,
1128 2685 1217 2742 auct.
1234 2685 1341 2761 apost.
1354 2677 1539 2762 providere,
1552 2679 1683 2744 etiamsi
1700 2691 1821 2745 canet

490 2784 555 2863 preb.
576 2791 610 2847 et
634 2784 711 2845 ben.
732 2780 925 2846 ridandarie
950 2779 1100 2865 predicta
1117 2780 1290 2846 collationi
1307 2789 1414 2866 apost.
1432 2781 1552 2846 suerint
1569 2784 1821 2866 quomodolibet

490 2896 642 2951 resen-ata.
656 2926 698 2934 --
716 2884 791 2949 Fiat
807 2906 868 2970 pro
884 2895 1025 2968 utroque
1045 2883 1083 2949 R.

519 2989 584 3055 Dat.
599 2990 702 3054 Avin.
723 3009 758 3071 15
776 2988 843 3053 kal.
860 2998 944 3073 sept.
961 2999 993 3054 a⁰
1011 2998 1051 3073 5⁰.
1070 2990 1135 3069 (ll,
1157 2989 1232 3072 147)

527 3124 1615 3221 10481546,
1634 3142 1675 3203 18
1690 3146 1779 3204 anila

520 3241 597 3320 Sipia
613 3241 787 3319 Jolrannes
803 3238 845 3301 de
864 3237 1052 3303 Malabailis
1068 3250 1087 3318 ²,
1105 3248 1138 3302 et
1154 3238 1383 3303 Glriselbertus
1398 3241 1440 3303 de
1457 3240 1681 3307 Walenborch
1697 3253 1717 3320 ³,
1734 3245 1823 3327 quod

489 3341 636 3417 lohannes
646 3364 706 3429 per
727 3363 821 3407 suurn
835 3354 1093 3427 procuratorem,
1104 3364 1179 3407 (arn.
1191 3352 1225 3407 et
1236 3346 1326 3426 preb.
1336 3342 1536 3428 Trajecten,
1549 3355 1583 3410 et
1596 3346 1824 3412 (ilriselbertus

488 3447 703 3512 thesaurariam
727 3445 1015 3522 Dau'antriensenr,
1041 3445 1230 3529 'l‘rajecten
1258 3446 1354 3528 dioc,
1382 3450 1606 3529 ecclesiarum,
1634 3471 1717 3532 quos
1743 3458 1824 3515 tunc

488 3552 675 3628 obtinebant,
688 3549 916 3613 desiderantes
933 3550 1016 3628 illos,
1033 3549 1131 3612 certis
1144 3571 1185 3612 ex
1202 3551 1308 3613 causis
1324 3551 1582 3633 rationabilibus,
1594 3554 1739 3618 invicem
1751 3575 1824 3639 per-

486 3668 604 3733 mutare,
621 3656 655 3717 in
673 3654 824 3717 manibus
842 3653 880 3717 R.
899 3653 934 3717 P.
951 3654 1040 3718 dom.
1058 3654 1145 3717 card.
1164 3653 1373 3718 boloniensis
1389 3656 1477 3739 apud
1490 3658 1601 3721 sedern
1623 3668 1731 3742 apost.
1748 3660 1826 3724 resi·

484 3770 616 3836 ¹errarunt,
635 3757 789 3839 idemque
806 3756 982 3820 cardinalis
995 3758 1181 3839 lnrjusrnodi
1200 3758 1455 3837 resignationem
1469 3760 1557 3844 aand
1574 3760 1698 3825 dietam
1712 3762 1823 3825 sedern

484 3860 607 3941 admisit,
620 3861 663 3925 de
676 3859 810 3944 speciali
826 3859 986 3923 mandato
1003 3861 1033 3924 S.
1051 3860 1089 3923 l'.
1108 3860 1197 3925 laeto
1213 3862 1272 3925 sibi
1291 3883 1387 3946 super
1405 3864 1468 3926 hoc
1486 3866 1619 3927 oraculo
1636 3867 1710 3928 rire
1725 3867 1825 3930 rucis.

484 3966 574 4044 linare
595 3964 795 4049 supplicant,
812 3974 903 4047 quat.
920 3964 1066 4041 Jolranni
1078 3966 1120 4029 de
1131 3966 1343 4046 thesauraria,
1355 3967 1493 4051 simplex
1505 3968 1652 4032 olliciurn
1665 3971 1695 4032 in
1707 3970 1825 4034 eadem

486 4065 701 4134 ituantriensi
720 4069 861 4132 ecclesia
877 4078 1040 4152 reputata,
1058 4080 1092 4132 et
1117 4068 1329 4134 (ilriselberto
1353 4071 1519 4154 predictis,
1537 4071 1578 4135 de
1595 4093 1667 4136 can.
1685 4083 1719 4136 et
1735 4077 1826 4157 prel.

484 4175 611 4252 prolatis,
634 4192 767 4236 necnon
791 4171 1026 4255 supplemento
1050 4182 1212 4235 consueto
1230 4173 1398 4237 canonicis
1414 4174 1628 4258 prebendatis
1644 4175 1732 4239 dicte
1746 4179 1826 4241 eccl.

485 4272 656 4361 Trajecten.
678 4276 846 4358 assignari,
864 4296 935 4339 rac.
953 4277 1004 4338 rel
1022 4288 1131 4340 ramat.
1149 4276 1180 4338 in
1200 4276 1316 4339 eadem
1334 4279 1415 4340 eccl.
1431 4278 1612 4361 dignemini
1628 4280 1802 4364 providere
1820 4304 1826 4354 ;

486 4397 535 4443 nnn
553 4384 708 4445 obstante
720 4388 847 4444 statuto
860 4400 916 4441 seu
930 4379 1180 4462 consuetudine,
1192 4401 1258 4462 qno
1271 4402 1328 4443 seu
1345 4403 1409 4464 qua
1426 4382 1459 4444 in
1481 4383 1571 4446 dicta
1588 4384 1670 4447 eccl.
1693 4384 1828 4447 Daran-

487 4483 578 4548 triensi
596 4484 706 4548 careri
724 4494 757 4546 et
774 4483 939 4546 obserrari
957 4483 1086 4562 dicitur,
1100 4484 1189 4565 ‹lirod
1201 4486 1309 4547 rnrllus
1321 4485 1545 4550 thesaurarius
1559 4487 1663 4571 ipsam
1678 4489 1827 4551 obtinere

489 4590 580 4667 possit,
594 4589 655 4652 nisi
685 4588 717 4649 in
742 4585 832 4650 dicta
849 4588 930 4649 eccl.
948 4608 1019 4650 can.
1037 4590 1128 4671 preb.
1145 4598 1179 4650 et
1196 4587 1341 4652 residens
1358 4589 1464 4669 luerit,
1482 4611 1539 4653 sen
1556 4591 1670 4673 quavis
1685 4594 1827 4674 generali

490 4691 526 4751 rel
549 4691 680 4776 speciali
709 4690 936 4753 reservatione
964 4711 1030 4754 non
1060 4694 1167 4767 obst.;
1197 4700 1230 4753 et
1258 4691 1347 4773 quod
1378 4690 1551 4767 Jolrannes
1576 4694 1607 4755 in
1635 4694 1827 4766 liboraccn..

492 4787 514 4853 S.
527 4792 700 4859 Donatiani
718 4792 906 4876 Brugensis,
923 4792 1108 4859 'fornacem
1122 4794 1219 4873 dioc,
1232 4816 1305 4859 can.
1322 4806 1356 4858 et
1373 4799 1474 4879 preb,
1486 4809 1518 4859 et
1532 4798 1562 4858 in
1578 4797 1741 4861 Sedunen.
1755 4819 1828 4862 can.

517 4986 538 5030 al
551 4981 673 5029 {lut-ltro
685 4981 773 5028 faui-il
786 4980 832 5028 1110
849 4996 854 5028 :
870 4981 1057 5030 I'annr'rniidni'.

521 5163 538 5210 l.
549 5165 620 5217 l'ierre
631 5168 741 5227 ‘Indicia
755 5169 784 5218 Ο.
798 5171 821 5220 S.
836 5169 870 5228 B,
883 5172 973 5219 aneien
990 5170 1056 5218 abbo
1073 5170 1105 5217 de
1123 5171 1147 5217 la
1165 5173 1261 5226 lnam,
1280 5172 1381 5218 nonnmi
1395 5174 1443 5219 162
1457 5186 1523 5218 inan
1537 5172 1597 5218 1315
1611 5169 1714 5229 (Euboi.
1731 5170 1747 5218 l.
1765 5170 1827 5220 lau).

498 5256 520 5268 ·
530 5239 547 5285 ’1.
559 5239 632 5302 lirun,
647 5258 671 5295 n.
683 5245 731 5291 997
745 5259 751 5302 ;
768 5242 850 5306 Compi.
862 5243 978 5303 emman,
995 5248 1046 5292 1:52.
1059 5272 1089 5280 -
1103 5247 1124 5292 a.
1141 5244 1222 5302 llrorn,
1238 5245 1269 5290 11.
1285 5259 1308 5307 p.
1322 5247 1377 5295 3th
