4650 6059
1012 798 1100 872 1847.
1123 796 1304 879 1o21juu.
1784 802 1842 868 arv

510 946 592 1028 Bnmi,
607 949 697 1035 prior
711 948 878 1036 prioratus
904 947 1062 1014 secularis
1089 945 1232 1012 ecclesie
1247 966 1273 1012 s.
1290 965 1319 1012 o.
1336 945 1368 1012 S.
1385 944 1512 1012 Privati
1529 945 1572 1013 de
1587 946 1732 1030 Touren,
1756 948 1842 1017 Leo

509 1049 572 1116 dien.
585 1061 618 1117 et
633 1052 781 1119 Vabren.
796 1051 980 1131 diocesum,
1005 1050 1106 1133 quod,
1123 1069 1201 1114 cum
1223 1047 1316 1113 dicta
1338 1048 1513 1129 beneficia,
1539 1069 1604 1135 que
1632 1051 1843 1136 obtinebant,
1908 1113 1909 1116 ,

509 1153 573 1219 iden
591 1154 767 1232 Johannes
781 1163 817 1222 et
833 1152 1033 1233 Bernardus,
1049 1174 1091 1218 ex
1114 1172 1216 1218 causa
1231 1152 1491 1237 permutationis
1513 1152 1673 1219 intereos
1689 1153 1731 1220 de
1742 1158 1843 1221 bene

507 1257 567 1323 ficiis
588 1258 748 1346 predictis
773 1260 920 1326 invicem
945 1255 1108 1336 faciende,
1126 1255 1160 1319 in
1191 1253 1345 1319 manibus
1376 1253 1417 1320 R.
1434 1254 1470 1320 P.
1503 1254 1709 1342 St(ephani),
1740 1260 1842 1344 episc.

508 1361 528 1427 S.
549 1365 651 1432 Pontii
678 1365 948 1444 Thomeriarum,
973 1360 1148 1429 camerarii
1175 1361 1287 1441 vestri,
1314 1360 1418 1425 libere
1444 1358 1650 1443 resignarint,
1687 1360 1843 1446 idemque

507 1470 684 1535 camerarius
709 1468 969 1553 resignationem
1002 1463 1192 1550 hujusmodi
1229 1484 1270 1528 ex
1301 1462 1393 1529 dicta
1420 1482 1531 1543 causa,
1559 1470 1671 1528 vestro
1695 1465 1843 1546 nornine,

506 1568 613 1638 duxerit
628 1571 877 1639 admittendam
896 1594 905 1651 ;
921 1571 1076 1656 dignetur
1091 1568 1123 1635 S.
1139 1566 1180 1633 V.
1195 1566 1345 1646 Johauni
1368 1567 1551 1654 prioratum
1566 1566 1598 1633 S.
1622 1567 1747 1634 Privati
1769 1590 1844 1656 pre·

504 1672 672 1758 detumet
702 1675 875 1742 Bemardo
905 1695 980 1741 can.
997 1682 1032 1740 et
1056 1675 1149 1759 preb.
1174 1672 1368 1758 prelibatos,
1393 1691 1470 1738 cum
1495 1671 1649 1737 omnibus
1660 1672 1787 1757 juribus
1809 1682 1844 1739 et

500 1780 692 1861 pertinentiis
706 1780 773 1845 suis
788 1778 948 1860 conferre,
964 1778 1080 1862 eisque
1095 1776 1199 1843 faciat
1213 1777 1256 1843 de
1277 1776 1446 1857 fructibus,
1458 1775 1651 1858 redditibus,
1673 1778 1844 1863 proventi-

498 1882 552 1964 bus,
571 1885 699 1970 juribus
714 1891 749 1949 et
772 1882 1030 1949 obventionibus
1056 1880 1218 1946 universis
1243 1879 1427 1946 eorundem
1452 1881 1690 1948 beneficiorum
1717 1881 1845 1966 integre

493 1988 696 2074 respondem
721 2008 790 2052 non
818 1988 903 2052 obst.
932 1985 1023 2070 quod
1048 1984 1137 2050 idem
1153 1983 1328 2062 Johannes
1343 1983 1513 2068 quandam
1538 1985 1770 2072 capellaniam,
1786 2007 1845 2052 seu

441 2057 447 2160 d
491 2092 640 2158 vicariam
666 2111 736 2157 non
761 2098 912 2157 curatam
937 2090 972 2154 in
999 2088 1153 2175 parroch.
1179 2089 1263 2153 eccl.
1285 2088 1328 2153 de
1352 2087 1569 2170 Villarisicco,
1597 2088 1755 2155 Parisien.
1770 2096 1793 2170 ⁸,
1810 2097 1845 2155 et

487 2196 634 2280 parroch.
650 2195 734 2261 eccl.
760 2194 803 2259 de
829 2192 1004 2274 Vincian0,
1030 2192 1150 2258 Elnen.
1177 2191 1275 2273 dioc,
1301 2191 1451 2258 noscitur
1476 2193 1649 2273 obtinere;
1672 2214 1743 2259 non
1759 2195 1845 2259 obst.

486 2299 617 2385 insuper
654 2319 853 2383 quacunque
893 2298 1122 2363 reservatione
1152 2317 1212 2383 per
1242 2316 1304 2363 vos
1340 2297 1394 2361 vel
1425 2296 1677 2383 predecessores
1717 2308 1847 2365 vestros

484 2402 630 2488 generali
646 2404 701 2467 vel
718 2402 856 2488 speciali
871 2401 961 2467 facta
971 2452 990 2467 ..
1005 2436 1049 2445 -
1066 2399 1142 2466 Fiat
1157 2420 1219 2486 pro
1234 2408 1376 2486 utroque
1393 2399 1433 2466 R.

525 2506 606 2572 Dat.
622 2506 725 2571 Avin.
745 2526 782 2591 13
799 2504 864 2571 kal.
877 2505 950 2591 julii
967 2512 1001 2570 a⁰
1018 2508 1058 2570 6⁰.
1075 2505 1122 2587 (6,
1139 2507 1219 2589 49').

537 2643 671 2724 1217.
1552 2674 1646 2741 1347,
1664 2678 1704 2742 19
1714 2656 1802 2740 y'uin.

524 2762 630 2847 Supp.
647 2758 844 2843 N(icolaus)
860 2759 892 2825 S.
909 2757 959 2826 M.
975 2760 1009 2825 in
1025 2759 1081 2824 via
1103 2761 1174 2825 lata
1199 2758 1287 2825 diac.
1314 2758 1415 2840 card,
1432 2768 1558 2844 quat...
1586 2762 1763 2846 capellano
1786 2781 1846 2827 suo

479 2864 646 2932 continuo
661 2863 881 2930 commensali
905 2884 993 2948 mag.
1013 2862 1177 2950 [Johauni
1190 2862 1219 2949 b]
1238 2861 1400 2943 Guitardi,
1423 2864 1500 2929 cler.
1516 2863 1693 2945 Tutellen,
1714 2867 1787 2930 bac.
1811 2865 1845 2930 in

479 2967 636 3048 decr.,de
646 2965 799 3053 parroch.
810 2966 892 3032 eccl.
903 2964 1121 3032 SMichaelis
1131 2966 1175 3031 de
1187 2965 1300 3051 Burgo
1311 2986 1402 3033 novo
1414 2965 1651 3033 Carcassone...
1663 2966 1846 3052 dignemini

479 3069 661 3158 providere
676 3092 685 3150 ;
701 3090 771 3135 non
787 3072 873 3135 obst.
896 3069 986 3156 quod
1011 3068 1101 3134 idem
1125 3090 1214 3154 mag.
1241 3068 1294 3147 Jo.
1317 3090 1391 3135 can.
1407 3078 1442 3134 et
1456 3072 1548 3155 preb.
1564 3070 1598 3134 in
1620 3070 1651 3136 S.
1675 3069 1847 3136 Gertrudis

482 3174 700 3254 Nivellensis,
717 3172 877 3239 Leodien.
893 3173 990 3255 dioc,
1007 3183 1042 3239 et
1058 3174 1227 3257 quandam
1255 3175 1413 3240 vicariam
1438 3194 1506 3239 non
1532 3183 1680 3240 curatam
1695 3175 1729 3238 in
1746 3174 1846 3240 Villa·

481 3279 616 3358 risicco,
627 3278 783 3344 Parisien.
800 3278 898 3358 dioc,
911 3285 945 3341 et
960 3277 1114 3362 parroch.
1125 3279 1207 3342 eccl.
1220 3277 1262 3343 de
1269 3277 1444 3358 Vinciauo,
1458 3277 1577 3343 Elnen.
1594 3277 1724 3358 dioc.,...
1738 3278 1848 3343 nosci·

480 3394 537 3449 tur
555 3383 748 3450 obtinere...
770 3420 802 3429 -
824 3381 899 3447 Fiat
916 3381 956 3446 R.

528 3488 613 3552 Dat.
628 3487 726 3551 Avin.
747 3506 784 3570 13
808 3484 875 3550 kal.
888 3485 959 3569 julii
977 3493 1010 3549 a⁰
1027 3489 1068 3549 6⁰.
1086 3486 1155 3569 (13,
1173 3486 1241 3568 44).

538 3622 674 3703 1218.
1551 3655 1646 3719 1347,
1664 3657 1703 3699 21
1714 3635 1802 3716 juin.

527 3742 619 3827 Sign.
635 3741 666 3805 S.
683 3739 744 3805 V...
760 3759 818 3803 rex
831 3738 993 3804 Franciae
1010 3738 1100 3822 quod
1115 3746 1253 3823 propter
1268 3738 1427 3803 unionem
1440 3746 1599 3804 terrarum
1617 3739 1795 3803 Brabantie
1812 3746 1846 3802 et

481 3846 631 3924 Ghelrie,
647 3866 712 3927 que
727 3843 894 3928 principes
919 3842 1050 3906 illarum
1078 3850 1112 3906 et
1139 3842 1290 3907 subditos
1306 3842 1339 3905 in
1367 3843 1459 3927 pacis
1485 3843 1595 3907 federe
1624 3844 1718 3906 unius
1734 3862 1849 3927 presu-

480 3952 585 4016 mitur
613 3947 744 4013 efficere
760 3947 954 4026 voluntatis,
971 3967 1011 4010 ex
1028 3966 1168 4030 quarum
1193 3955 1283 4010 statu
1298 3947 1478 4030 tranquillo
1495 3946 1582 4010 inter
1599 3946 1749 4030 parcium
1777 3946 1847 4009 illa-

483 4075 559 4119 rum
590 4054 719 4118 incolas
749 4049 1001 4135 tranquillitatis
1028 4060 1063 4114 et
1089 4050 1181 4134 pacis
1206 4050 1386 4114 commoda
1410 4051 1514 4114 multa
1539 4049 1738 4134 provenient
1754 4058 1788 4114 et
1804 4049 1848 4114 ad

484 4155 693 4223 obviandum
709 4155 833 4240 guerris
849 4163 884 4219 et
899 4154 1167 4232 dissensionibus,
1185 4175 1249 4236 que
1260 4175 1300 4218 ex
1316 4153 1542 4238 predictorum
1559 4153 1741 4232 contrariis
1757 4154 1848 4239 pacis

485 4261 601 4324 emulo
616 4266 825 4344 procurante,
842 4257 1004 4321 hactenus
1020 4256 1180 4320 suscitate
1197 4256 1371 4336 fuerunt...
1383 4278 1423 4319 ex
1436 4257 1555 4339 quibus
1570 4277 1638 4320 non
1652 4256 1722 4320 sine
1735 4256 1848 4321 multis

485 4363 643 4450 periculis
660 4362 847 4427 animarum
871 4369 996 4425 mortes
1012 4368 1046 4424 ct
1071 4367 1197 4442 strages
1225 4359 1399 4423 hominum
1427 4370 1461 4424 et
1478 4361 1645 4445 popularis
1661 4361 1848 4445 perniciosa

486 4466 675 4535 commotio
690 4474 828 4550 possent
838 4466 871 4530 in
888 4474 1059 4550 posterum
1069 4475 1079 4499 ⁰
1090 4464 1327 4543 evenire,inter
1339 4464 1486 4529 nobilem
1499 4466 1607 4529 virum
1621 4464 1847 4550 Raynaldum,

486 4571 649 4638 comitem
666 4568 811 4651 Ghelrie,
827 4591 869 4635 ex
893 4591 958 4634 una
982 4578 1077 4655 parte
1095 4576 1129 4632 et
1146 4567 1302 4649 Mariam,
1330 4577 1446 4633 natam
1472 4569 1565 4634 ducis
1591 4569 1781 4646 Brabantie,
1806 4589 1849 4632 ex

486 4678 604 4755 altera,
621 4695 681 4760 per
697 4674 777 4739 dicti
795 4673 963 4760 Raynaldi
980 4682 1121 4759 patrem,
1138 4673 1218 4737 dum
1244 4673 1355 4738 adhuc
1380 4674 1519 4752 viveret,
1536 4694 1575 4738 ac
1591 4694 1706 4736 eorum
1723 4672 1849 4736 amicos

488 4790 521 4846 et
551 4778 681 4858 affines,
709 4780 779 4863 jam
805 4778 863 4844 diu
893 4788 953 4860 est,
984 4777 1236 4842 matrimonium
1268 4777 1379 4842 extitit
1410 4779 1622 4861 prolocutum
1641 4787 1659 4840 ¹.
1686 4776 1750 4839 Sed
1773 4775 1849 4857 quia

521 4970 549 5029 a)
570 4966 627 5016 cod.
648 4967 746 5014 Pallen.
758 4994 789 5003 -
807 4965 837 5025 b)
859 4963 914 5012 (lid.
933 4964 1015 5010 Petro.
1035 4963 1150 5010 lsscrrour
1166 4966 1205 5009 ost
1222 4963 1333 5024 corrigec
1345 4978 1391 5024 par
1403 4963 1560 5010 l'indication
1573 4963 1605 5010 dc
1618 4978 1681 5022 vuup.
1693 4961 1732 5009 Jn,
1751 4962 1849 5008 ‹louvussc

492 5042 547 5103 plus
558 5042 604 5089 bas
615 5047 642 5088 et
659 5054 705 5102 par
717 5040 742 5087 la
753 5038 824 5102 pibce
836 5036 995 5100 precedente.
1007 5065 1038 5071 —
1050 5037 1077 5097 c)
1094 5036 1149 5085 clvi.
1162 5036 1246 5083 donne
1258 5038 1358 5084 ensuite
1370 5037 1394 5084 lc
1405 5042 1461 5084 mot
1476 5053 1481 5084 :
1494 5038 1628 5094 convenire,
1642 5038 1686 5095 qui
1699 5051 1714 5083 a
1726 5035 1766 5082 616
1780 5034 1849 5082 bille.

527 5246 546 5292 l.
559 5245 607 5292 Sur
619 5245 655 5292 les
666 5242 812 5292 conditione
822 5241 855 5290 de
865 5256 894 5291 co
905 5243 1022 5303 mariage,
1036 5241 1090 5289 voir
1102 5239 1225 5298 Butlrons,
1241 5234 1360 5300 Tripolin
1372 5234 1405 5283 du
1416 5234 1541 5295 Bvubuut,
1555 5235 1574 5293 l,
1588 5236 1702 5282 llo-416.
