4650 6059
993 794 1081 868 1849,
1105 792 1287 874 iiianvier.
1762 795 1824 861 397

462 954 482 1010 :t
499 945 636 1030 majora
651 943 845 1009 discrimina
860 942 1016 1029 subsequi
1043 942 1268 1008 verisimiliter
1293 942 1542 1009 formidantur:
1562 950 1597 1009 et
1621 964 1824 1028 quamquam
1919 1006 1923 1014 .

462 1071 518 1133 rax
529 1058 568 1114 et
585 1047 767 1115 concordia
781 1046 848 1113 sint
863 1047 951 1113 inter
966 1047 1096 1114 dictum
1111 1047 1308 1134 episcopum
1320 1066 1361 1113 ac
1373 1047 1464 1114 cives
1476 1054 1511 1112 et
1520 1047 1605 1114 alios
1616 1047 1825 1133 supradictos

462 1154 649 1234 reformate,
666 1160 805 1218 auctore
825 1153 920 1238 pacis
949 1160 1143 1239 peragente,
1171 1152 1261 1218 idem
1277 1159 1392 1218 tamen
1408 1152 1594 1238 episcopus,
1615 1159 1774 1236 gravatus
1789 1159 1824 1215 et

462 1259 641 1324 exhaustus
653 1257 844 1342 hujusmodi
859 1256 1054 1342 gravissima
1065 1262 1079 1290 ⁸
1104 1255 1296 1322 debitorum
1320 1256 1421 1337 mole,
1436 1255 1554 1339 nequit
1570 1254 1824 1339 quomodolibet

465 1382 565 1427 onera
580 1360 594 1397 Β
611 1360 714 1447 ipsius
728 1360 869 1426 ecclesie
884 1360 947 1425 sibi
962 1358 1193 1425 incumbentia
1214 1358 1338 1424 diutius
1361 1367 1566 1445 supportare,
1582 1379 1646 1425 nec
1660 1366 1824 1424 restaura-

467 1466 588 1531 tionem
603 1465 831 1550 dampnorum
855 1463 919 1528 illis
941 1462 1051 1529 facere
1067 1462 1187 1547 quibus
1212 1471 1347 1528 tenetur
1371 1463 1550 1530 occasione
1573 1462 1735 1549 predicta,
1763 1462 1825 1526 nisi

470 1578 572 1635 vestra
588 1568 828 1653 benignissima
843 1566 1010 1632 Sanctitas
1025 1564 1136 1631 eidem
1151 1566 1314 1651 episcopo
1334 1574 1370 1631 et
1385 1567 1527 1633 ecclesie
1542 1566 1689 1652 presidio
1708 1551 1826 1632 subve-

472 1674 535 1738 niat
549 1681 730 1759 oportuno.
746 1670 857 1755 Quare
873 1671 1040 1756 supplicat
1055 1669 1241 1734 humillime
1266 1669 1356 1735 idem
1383 1670 1561 1757 episcopus
1587 1679 1753 1755 quatenus
1768 1691 1826 1735 sue

475 1776 645 1861 indigentie
660 1783 830 1861 patemo‘
845 1774 1093 1860 compatientes
1108 1772 1243 1853 affectu,
1260 1793 1301 1839 ac
1316 1772 1421 1837 tantis
1436 1773 1592 1859 periculis
1607 1782 1643 1839 et
1665 1773 1826 1839 discrimi-

476 1880 560 1945 nibus
585 1879 775 1960 obviantes,
802 1886 840 1943 ut
863 1876 1051 1963 aliqualiter
1077 1878 1119 1941 ab
1150 1876 1340 1962 hujusmodi
1356 1877 1478 1944 debitis
1503 1878 1610 1964 possit
1633 1878 1774 1958 liberari,
1791 1886 1825 1943 et

478 2002 562 2048 onera
581 2002 647 2067 que
663 1981 725 2047 sibi
752 1982 954 2068 incumbunt
978 1980 1099 2045 melius
1114 1989 1322 2067 supportare,
1347 1989 1385 2047 ut
1410 1984 1452 2047 ab
1469 1983 1625 2048 omnibus
1640 1990 1674 2046 et
1690 1981 1826 2067 singulis

478 2086 698 2154 ecclesiasticis
713 2095 749 2152 et
764 2086 969 2153 secularibus
984 2092 1019 2149 et
1034 2085 1250 2170 regularibus,
1260 2085 1427 2172 exemptis
1439 2093 1474 2150 et
1485 2106 1554 2152 non
1570 2087 1825 2172 exemptis,per·

479 2190 562 2273 sonis,
577 2190 744 2256 beneficia
770 2188 999 2256 ecclesiastica
1022 2188 1057 2252 in
1081 2186 1208 2252 eisdem
1224 2186 1363 2252 civitate
1390 2194 1425 2251 et
1439 2185 1565 2254 diocesi
1587 2187 1826 2268 obtinentibus,

478 2293 555 2376 juxta
571 2295 721 2380 ipsorum
736 2292 977 2359 beneficiorum
1004 2290 1220 2375 exigentiam,
1247 2289 1445 2356 facultatem
1460 2289 1474 2326 ‘¹
1498 2300 1615 2377 petere
1631 2300 1666 2357 et
1680 2292 1828 2378 recipere

481 2398 667 2464 auctoritate
684 2406 793 2484 apost.
809 2399 914 2462 semel
935 2397 1039 2461 libere
1049 2394 1163 2460 valeat
1179 2393 1392 2460 caritativum
1408 2394 1591 2461 subsidium
1606 2395 1827 2475 moderatum,

481 2501 527 2567 sibi
542 2501 729 2568 concedere
750 2500 934 2586 dignemini
951 2500 993 2566 de
1009 2498 1117 2583 gratia
1131 2497 1278 2584 speciali,
1302 2497 1545 2563 constitutione
1568 2498 1622 2563 iel.
1637 2517 1703 2563 rec.
1720 2497 1827 2563 Bene-

480 2604 544 2672 dicti
559 2624 650 2692 pape
664 2601 747 2684 XII,
763 2613 799 2670 et
815 2604 887 2670 aliis
904 2602 1202 2670 constitutionibus
1226 2621 1295 2667 non
1321 2600 1532 2668 obstantibus
1548 2601 1826 2686 quibuscumque,

481 2727 541 2774 cum
554 2708 677 2776 ceteris
692 2708 765 2774 aliis
779 2728 849 2774 non
865 2707 1076 2774 obstantibus
1092 2713 1128 2770 et
1143 2704 1300 2771 clausulis
1315 2704 1501 2790 oportunis
1516 2712 1551 2769 et
1566 2706 1802 2770 executoribus
1817 2729 1825 2785 ;

480 2828 533 2877 uon
547 2815 706 2878 obstante
721 2810 826 2877 etiarn
842 2808 934 2895 quod
948 2808 1030 2875 alias
1056 2808 1164 2874 simile
1189 2807 1372 2874 subsidium
1399 2806 1510 2874 eidem
1534 2809 1693 2894 episcopo
1716 2808 1750 2873 in
1767 2829 1827 2874 suo

477 2912 609 2994 jocundo
624 2914 774 2981 adventu
799 2914 1020 2995 concessistis,
1036 2912 1079 2979 de
1103 2932 1172 2997 quo
1183 2911 1240 2977 vix
1256 2919 1411 2997 quartam
1437 2910 1535 2978 unius
1549 2912 1681 2978 decime
1697 2920 1827 2998 partem

479 3018 851 3107 reincoepit-Fiat
869 3020 910 3086 R.
1770 3032 1772 3036 ·

511 3124 586 3191 Dat.
602 3124 704 3190 Avin.
725 3126 762 3190 18
778 3123 844 3190 kal.
860 3124 942 3190 febr.
958 3131 991 3189 a⁰
1008 3130 1050 3207 7⁰.
1068 3124 1139 3208 (16,
1157 3123 1241 3208 95').

519 3262 657 3345 1481.
1474 3295 1569 3359 1349,
1587 3293 1628 3355 15
1639 3271 1783 3354 janvr'er.

510 3381 562 3446 Sme
577 3390 685 3467 pater.
702 3378 788 3444 Cum
803 3379 917 3444 nuncii
934 3378 974 3444 R.
992 3380 1029 3445 P.
1044 3381 1135 3446 dom.
1153 3379 1358 3465 Engelberti,
1372 3380 1521 3468 episcopi
1534 3378 1705 3457 Leodien,
1717 3377 1826 3441 inten-

478 3484 546 3551 dant
560 3508 582 3551 a
599 3485 718 3550 Vestra
733 3484 918 3550 Sanctitate
934 3485 1085 3549 obtinere
1108 3484 1200 3570 quod
1223 3486 1366 3569 quedam
1389 3488 1563 3565 malatota,
1582 3503 1647 3569 que
1663 3481 1802 3546 firmitas
1820 3491 1826 3515 ¹

478 3589 644 3675 iulgariter
670 3596 890 3674 nuncupatur,
919 3588 1115 3653 incivitate
1144 3587 1305 3655 Leodien.
1332 3610 1436 3674 usque
1462 3589 1507 3655 ad
1533 3596 1659 3654 certam
1686 3586 1827 3672 pecunie

476 3711 630 3757 summam
646 3693 786 3771 levetur,
803 3697 838 3756 et
853 3691 919 3757 hoc
935 3692 1005 3756 fieri
1021 3713 1091 3757 non
1121 3692 1226 3778 possit
1249 3701 1386 3778 propter
1407 3693 1599 3778 juramenta
1622 3690 1762 3776 prestita
1786 3688 1828 3754 de

475 3814 531 3859 uon
546 3794 693 3860 levando
708 3794 902 3859 firmitatem
918 3795 952 3859 in
968 3796 1039 3881 ipsa
1055 3795 1202 3876 civitate,
1210 3796 1460 3882 dispensatione
1472 3806 1581 3882 apost.
1593 3816 1662 3860 non
1679 3796 1828 3869 obtenta,

474 3917 506 3963 ac
519 3898 646 3965 dudum
661 3906 798 3983 propter
820 3901 1033 3984 quamplures
1057 3900 1228 3985 expositas
1249 3900 1467 3966 necessitates
1490 3901 1611 3982 b0(ne)
1633 3896 1828 3979 me(morie)

476 4002 623 4089 fidulphi,
640 4011 721 4067 tunc
737 4002 885 4088 episcopi
909 4001 1079 4083 Leodien,
1107 4003 1161 4068 fel.
1188 4024 1254 4069 rec.
1281 4005 1371 4069 dom.
1398 4002 1573 4081 Johannes
1599 4023 1687 4088 papa
1714 3998 1828 4079 XXII,

476 4107 681 4190 predecessor
696 4113 818 4186 vester,
834 4105 944 4171 eidem
960 4106 1120 4192 episcopo
1136 4107 1355 4173 concedendo
1378 4108 1470 4192 quod
1493 4107 1565 4193 ipsa
1582 4105 1722 4170 firmitas
1738 4106 1830 4170 leva-

476 4220 565 4293 retur,
581 4230 680 4295 super
695 4209 831 4296 prefatis
841 4210 1041 4294 juramentis
1056 4210 1200 4294 gratiose
1216 4210 1468 4296 dispensaverit,
1484 4212 1601 4284 volens
1617 4209 1703 4274 inter
1719 4217 1830 4274 cetera

476 4314 680 4398 quodquam
704 4313 773 4378 cito
798 4312 910 4378 levata
933 4321 1020 4377 esset
1047 4314 1137 4378 dicta
1165 4316 1307 4400 pecunie
1332 4336 1473 4396 summa,
1490 4313 1535 4379 nil
1553 4336 1594 4378 ex
1619 4321 1701 4378 tunc
1727 4312 1829 4377 levari

476 4415 604 4482 deberet
619 4417 707 4481 ultra
729 4416 831 4496 illam,
855 4416 1011 4501 quodque
1027 4417 1053 4481 si
1075 4418 1148 4501 quis
1164 4417 1369 4483 contrarium
1384 4426 1591 4504 presumeret
1616 4426 1829 4504 attemptare,

475 4520 670 4585 sententiam
700 4520 1059 4586 excommunicationis
1088 4521 1271 4586 incurreret
1297 4522 1370 4607 ipso
1398 4521 1516 4602 sacto;
1542 4542 1584 4586 ne
1616 4522 1715 4606 igitur
1740 4523 1830 4587 cives

476 4620 673 4690 Leodienses
688 4624 722 4688 in
739 4623 1018 4689 consuetudinem
1033 4623 1202 4689 deducant
1215 4625 1305 4709 quod
1317 4647 1377 4711 pro
1390 4626 1539 4709 qualibet
1554 4646 1639 4711 pace
1651 4626 1830 4690 reformata

476 4725 566 4792 simili
581 4726 687 4792 modo
701 4727 812 4791 levare
827 4727 935 4792 velint
951 4728 1155 4810 firmitatem,
1173 4738 1232 4794 aut
1248 4729 1355 4815 ipsam
1378 4731 1466 4794 ultra
1481 4729 1646 4815 prefatam
1663 4750 1829 4794 summam

505 4916 530 4974 a)
546 4915 602 4963 Cori.
612 4916 778 4986 Gravissima
790 4943 822 4950 —
839 4916 870 4976 b)
885 4915 1052 4976 Crd.Nc‹1ui‹l
1065 4932 1177 4967 onerare.
1189 4945 1222 4954 -
1239 4919 1266 4980 c)
1282 4918 1338 4967 (lul.
1352 4918 1468 4968 Paterne.
1480 4943 1512 4954 -·
1528 4917 1558 4979 d)
1572 4917 1629 4967 eod.
1642 4918 1783 4965 Facicutes.
1800 4918 1830 4965 (v

483 4993 521 5030 nrt
531 5004 546 5034 a
558 4986 594 5035 be?
605 4990 700 5036 ensuite
713 4988 772 5050 fiiffi
783 4994 806 5037 et
820 4990 944 5053 remplure*
964 5006 1005 5037 rur·
1018 5008 1026 5038 :
1038 4993 1197 5042 facultatem.

511 5155 530 5203 l.
540 5156 576 5203 La
586 5157 689 5213 ser-ruet&
701 5155 765 5205 etait
777 5172 813 5205 uu
825 5158 908 5221 impdt
920 5174 963 5206 sur
975 5159 1010 5207 les
1022 5161 1106 5207 vivres
1118 5176 1124 5217 ;
1137 5161 1192 5208 voir
1204 5159 1227 5207 le
1239 5159 1332 5207 travail
1343 5159 1379 5207 du
1397 5159 1478 5208 buron
1489 5158 1521 5208 de
1534 5157 1651 5208 Chestret
1671 5157 1735 5207 dans
1754 5154 1828 5216 Ball.

486 5220 509 5270 de
519 5224 593 5278 rim.
604 5229 712 5279 archivi.
727 5226 790 5294 lie'p,
804 5236 823 5282 t.
835 5231 939 5290 XXIII,
953 5247 995 5296 pp.
1008 5233 1123 5283 aas-239.
