4650 6059
562 767 623 832 298
1008 764 1095 838 1347,
1118 764 1158 828 30
1177 763 1333 844 jamim-8
1353 764 1468 830 levrier.

607 925 706 983 1143.
725 914 812 981 Item
829 938 935 1002 supp,
952 923 1044 999 quat.
1061 914 1122 980 sibi
1139 914 1173 978 in
1189 934 1274 1000 pers.
1291 914 1393 980 famil.
1406 922 1441 980 et
1453 915 1552 982 amici
1565 916 1614 981 sui
1626 915 1646 994 J
1650 915 1794 982 ohannis
1803 916 1888 982 Loze
1899 928 1916 998 ¹,

559 1024 667 1108 presb.
685 1020 844 1086 Leodien.
861 1020 958 1101 dioc.,
975 1041 1065 1106 spec.
1081 1040 1128 1104 gr.
1145 1019 1307 1085 facientes
1316 1019 1359 1085 de
1370 1022 1448 1086 ben.
1462 1020 1543 1086 eccl.
1560 1040 1590 1087 0.
1603 1042 1632 1087 0.
1655 1023 1710 1086 vel
1725 1042 1751 1087 s.
1762 1042 1804 1102 0.,
1820 1032 1914 1108 spe'ct.

559 1127 601 1191 ad
615 1127 689 1191 coll.
707 1125 808 1210 episc.
823 1123 995 1205 Leodien,
1015 1124 1105 1210 [vac.
1121 1124 1176 1187 vel
1191 1122 1331 1211 vacat.,]
1350 1124 1460 1189 eidem
1476 1123 1623 1201 Johanni
1640 1124 1826 1210 dignemini
1849 1147 1914 1212 pro·
1962 1137 1969 1174 ³

559 1229 673 1293 videre
686 1250 695 1307 ;
709 1249 776 1294 non
788 1231 873 1293 obst.
883 1228 974 1312 quod
987 1228 1076 1294 idem
1089 1227 1108 1305 J
1112 1228 1262 1294 ohannes
1274 1248 1367 1314 perp.
1378 1229 1497 1313 capell.
1512 1228 1546 1293 in
1558 1230 1641 1295 eccl.
1653 1229 1696 1295 de
1708 1228 1914 1310 Buscoducis,

560 1334 649 1399 dicte
662 1333 760 1413 dioc.,
770 1334 920 1398 noscitur
931 1333 1093 1414 obtinere,
1105 1340 1140 1398 et
1152 1353 1251 1418 super
1266 1335 1348 1399 eccl.
1358 1333 1401 1399 de
1412 1333 1497 1414 Wel,
1508 1333 1697 1419 Trajecten.
1721 1334 1820 1415 dioc.,
1836 1342 1914 1400 auct.

560 1436 725 1504 ordinaria
742 1437 774 1499 in
792 1436 881 1501 curia
897 1437 929 1502 S.
946 1436 986 1502 V.
1002 1437 1133 1522 litigare
1149 1445 1317 1502 noscatur.
1329 1474 1361 1485 -
1377 1436 1453 1502 Fiat
1469 1457 1573 1521 usque
1588 1446 1654 1503 etc.
1665 1436 1706 1503 R.

605 1541 685 1606 Dat.
701 1542 800 1605 Acin.
819 1560 836 1625 7
852 1539 920 1605 kal.
938 1540 1018 1605 febr.
1035 1547 1069 1605 a⁰
1086 1547 1128 1624 5⁰.
1145 1544 1216 1621 (10,
1234 1543 1299 1625 53).

614 1686 752 1766 1144.
1571 1718 1666 1783 1347,
1681 1720 1726 1783 3ο
1735 1697 1880 1782 1000101.

605 1805 706 1889 Supp.
717 1803 736 1881 J
740 1803 900 1882 ohannes,
914 1801 981 1867 dux
994 1801 1186 1882 Brabantie,
1203 1810 1293 1886 quat.
1310 1801 1371 1867 sibi
1387 1801 1421 1867 in
1434 1822 1520 1887 pers.
1533 1803 1610 1868 cler.
1626 1810 1661 1867 et
1674 1803 1854 1869 consiliarii
1865 1803 1919 1882 sui,

563 1929 650 1993 mag.
665 1906 799 1973 Nicolai
810 1906 851 1972 de
862 1905 992 1987 Castro,
1005 1905 1078 1971 dec.
1091 1907 1173 1971 eccl.
1184 1905 1458 1992 Antwerpiensis,
1469 1904 1687 1971 Cameracen.
1700 1906 1788 1972 dioc.
1801 1915 1822 1985 ²,
1835 1926 1920 1992 spec.

561 2033 607 2097 gr.
632 2012 804 2090 facientes,
820 2010 862 2074 de
879 2031 952 2076 ean.
969 2017 1004 2074 et
1019 2011 1110 2094 preb.
1123 2010 1206 2074 eccl.
1223 2008 1456 2092 Bruxelleusis,
1472 2009 1563 2076 dicte
1586 2009 1684 2091 dioc.,
1700 2030 1774 2075 vac.
1791 2009 1836 2075 ad
1851 2029 1920 2095 pre·

562 2137 638 2181 sens
654 2136 713 2201 per
728 2123 871 2180 mortem
890 2113 1028 2178 Henrici
1044 2112 1125 2178 dicti
1142 2112 1317 2178 Slabbaert
1325 2123 1346 2194 ³,
1367 2133 1474 2198 nuper
1498 2112 1587 2179 dicte
1608 2113 1691 2179 eccl.
1716 2113 1826 2179 ultimi
1854 2113 1923 2179 dec.

563 2229 597 2283 et
614 2241 686 2284 can.
703 2220 805 2303 preb,
822 2217 877 2299 qui
894 2225 989 2281 extra
1007 2215 1105 2281 Rom.
1122 2238 1190 2282 cur.
1215 2218 1304 2283 diem
1330 2218 1449 2284 clausit
1473 2225 1670 2299 extremum,
1687 2225 1723 2283 et
1748 2238 1809 2304 per
1823 2238 1923 2284 reser-
1967 2249 1969 2256 ·

563 2324 736 2386 rationem
752 2329 859 2406 apost.
876 2320 918 2386 de
934 2320 1014 2406 ipsis
1029 2341 1103 2386 ean.
1120 2329 1154 2385 et
1170 2323 1262 2406 preb.
1279 2329 1360 2387 ante
1377 2321 1478 2407 ipsius
1490 2323 1544 2387 ob.
1560 2321 1697 2401 factam,
1713 2320 1825 2387 eidem
1840 2340 1925 2405 mag.

565 2424 711 2491 Nicolao
726 2424 908 2510 dignemini
925 2424 1099 2511 providere
1112 2448 1120 2506 ;
1148 2446 1218 2492 non
1240 2428 1326 2492 obst.
1354 2425 1444 2511 quod
1469 2425 1559 2491 idem
1589 2446 1677 2511 mag.
1705 2423 1871 2492 Nicolaus
1894 2427 1925 2490 in

564 2529 654 2595 dicta
669 2531 917 2616 Antwerpiensi
933 2531 1147 2613 decanatum,
1175 2531 1266 2596 acin
1283 2551 1323 2595 ea
1347 2538 1382 2595 et
1401 2530 1435 2593 in
1459 2529 1646 2596 Tornacen.
1670 2549 1745 2596 can.
1769 2537 1805 2595 et
1824 2533 1927 2617 preb,

565 2635 648 2700 etin
665 2634 854 2719 Trajecten.
871 2656 944 2701 can.
968 2642 1002 2700 et
1018 2639 1109 2721 preb.
1133 2656 1210 2702 cum
1237 2636 1483 2721 supplemento,
1499 2652 1634 2699 necnon
1657 2632 1691 2697 in
1708 2632 1928 2701 Cameracen.

565 2759 637 2804 can.
653 2741 713 2804 sub
729 2760 805 2824 exp.
820 2741 923 2825 preb,
939 2738 1040 2824 dign,
1055 2760 1141 2826 pers.
1157 2740 1212 2804 vel
1225 2738 1292 2819 off,
1308 2737 1468 2819 ecclesiis,
1484 2737 1609 2803 virtute
1624 2736 1813 2802 litterarum
1829 2737 1863 2804 S.
1879 2737 1928 2817 V,

566 2843 715 2907 noscitur
730 2842 893 2908 obtinere.
905 2884 949 2893 —
966 2842 1042 2908 Fiat
1060 2843 1100 2909 R.

609 2943 696 3011 Item
713 2967 808 3032 supp.
824 2947 915 3030 quod
929 2956 1079 3013 transeat
1103 2950 1229 3030 absque
1252 2944 1417 3026 examine,
1434 2964 1512 3010 cum
1534 2943 1645 3010 dictus
1659 2964 1747 3031 mag.
1764 2943 1800 3011 N
1802 2944 1929 3012 icolaus

565 3050 608 3114 sit
622 3053 740 3116 absens
766 3071 786 3115 a
816 3052 906 3117 curia
933 3059 968 3116 et
991 3051 1072 3117 dicti
1098 3050 1192 3116 ducis
1219 3056 1402 3135 occupatus
1425 3047 1569 3113 servitiis
1595 3048 1757 3114 accedere
1779 3057 1930 3134 nequeat

566 3155 743 3220 commode
758 3155 800 3219 ad
816 3156 970 3221 eandem.
985 3196 1028 3204 -
1052 3153 1130 3219 Fiat
1145 3154 1216 3219 sine
1232 3153 1398 3218 examine.
1416 3150 1456 3217 R.

610 3258 688 3323 Dat.
704 3259 803 3322 Avin.
822 3279 839 3342 3
856 3257 923 3323 kal.
940 3260 1021 3324 febr.
1037 3266 1069 3323 a⁰
1088 3266 1128 3342 5⁰.
1146 3260 1218 3340 (10,
1237 3258 1320 3342 38').

619 3405 752 3486 1145·
1600 3434 1695 3501 1347,
1713 3438 1731 3500 4
1740 3415 1886 3504 sevrier.

609 3523 710 3607 Supp.
739 3519 950 3608 N[icolaus],
967 3521 999 3586 S.
1017 3519 1066 3587 M.
1082 3521 1116 3585 in
1136 3520 1198 3585 Via
1213 3522 1283 3586 lata
1298 3520 1385 3586 diac.
1402 3520 1501 3600 card,
1518 3528 1610 3604 quat.
1626 3521 1881 3604 consanguineo
1898 3529 1933 3585 et

565 3626 728 3691 continuo
743 3645 816 3711 cap.
830 3625 1047 3691 commensali
1070 3645 1141 3705 sub,
1157 3645 1244 3709 mag.
1271 3624 1419 3703 Johanni
1448 3623 1630 3706 Guictardi,
1655 3624 1732 3689 cler.
1759 3623 1933 3689 Tutellen.

564 3729 662 3809 dioc.,
689 3731 762 3794 bac.
779 3730 811 3793 in
837 3729 935 3810 decr,
961 3729 1003 3795 de
1030 3730 1182 3816 parroch.
1199 3730 1281 3795 eccl.
1298 3728 1329 3794 S.
1347 3728 1435 3793 Petri
1452 3729 1494 3794 de
1515 3726 1667 3808 Vician0,
1693 3726 1814 3793 Elnen.
1831 3728 1931 3807 dioc.,

563 3833 746 3918 dignemini
763 3834 938 3918 providere
952 3857 959 3914 ;
976 3856 1045 3900 non
1058 3837 1143 3899 obst.
1154 3832 1244 3918 quod
1257 3834 1291 3897 in
1307 3834 1338 3899 S.
1355 3833 1528 3899 Gertrudis
1541 3831 1755 3913 Nivellensis,
1767 3830 1932 3898 Leodien.

564 3937 662 4017 dioc.,
674 3958 748 4003 can.
768 3946 802 4002 et
818 3942 910 4023 preb.
929 3947 964 4003 et
983 3939 1016 4003 in
1032 3937 1074 4003 de
1091 3937 1207 4002 Villari
1229 3937 1319 4003 sicco
1335 3936 1516 4020 quamdam
1537 3957 1631 4023 perp.
1647 3935 1822 4015 vicariam,
1840 3935 1931 4001 Pari-

564 4042 646 4107 sien.
662 4042 760 4121 dioc.,
774 4042 923 4107 ecclesiis
938 4043 1087 4108 noscitur
1102 4042 1309 4108 obtinere-
1326 4040 1403 4106 Fiat
1421 4040 1460 4107 R.

610 4146 687 4209 Dat.
704 4145 804 4210 rivin.
822 4167 839 4210 2
857 4167 936 4212 non.
952 4146 1033 4213 febr.
1050 4154 1083 4212 a⁰
1100 4154 1142 4231 5⁰.
1159 4147 1232 4230 (10,
1249 4148 1318 4231 43).

618 4288 757 4368 1146.
1600 4318 1696 4385 1347,
1713 4303 1734 4365 8
1740 4301 1884 4389 sevrzcr.

609 4408 663 4470 8⁰¹²
680 4416 784 4491 pater.
801 4405 885 4470 Cum
901 4427 1006 4491 nuper
1019 4408 1049 4470 S.
1061 4406 1100 4471 V.
1111 4406 1213 4472 michi
1226 4418 1236 4450 ⁴
1251 4427 1298 4490 gr.
1311 4406 1426 4471 fecerit
1442 4425 1531 4491 spec.
1548 4405 1589 4469 de
1605 4424 1679 4470 can.
1692 4412 1726 4469 et
1742 4408 1835 4491 preb.
1846 4406 1928 4471 eccl.

567 4509 1085 4591 1100111101013131,0010010000.
1101 4510 1198 4592 dioc.,
1215 4532 1288 4575 vac.
1304 4530 1363 4595 per
1376 4513 1429 4574 ob.
1442 4508 1461 4586 J
1465 4508 1607 4573 ohannis
1624 4505 1813 4589 Michaelis
1824 4517 1859 4572 et
1872 4527 1929 4593 per

565 4615 826 4679 reservationem
843 4631 902 4698 per
915 4614 953 4677 E.
967 4613 998 4678 S.
1015 4613 1149 4693 factam,
1168 4614 1331 4698 fueritque
1359 4614 1542 4679 obmissum
1557 4632 1617 4698 per
1635 4612 1824 4697 simplicem
1841 4632 1927 4677 erro·

567 4740 637 4783 rem
654 4719 686 4782 iu
702 4718 774 4803 ipsa
791 4718 1044 4803 supplicatione,
1073 4718 1163 4801 quod
1187 4718 1296 4783 dictus
1320 4718 1549 4799 canonicatus,
1566 4716 1684 4803 capell.
1709 4735 1768 4781 seu
1794 4719 1872 4782 ben.
1888 4715 1929 4781 de

598 4908 627 4967 a)
643 4905 699 4954 (bd.
713 4905 858 4954 Machiliun.

602 5143 622 5188 l.
637 5141 696 5186 l'oir
708 5157 732 5189 n.
746 5142 815 5199 1030,
830 5143 900 5190 loll.
912 5168 944 5175 —
956 5143 979 5190 2.
991 5140 1053 5188 l'oir
1064 5155 1088 5188 n.
1102 5143 1156 5189 110.
1168 5169 1200 5176 -
1212 5143 1234 5189 3.
1246 5141 1308 5189 Voir
1320 5156 1344 5190 n.
1357 5143 1412 5188 207.
1422 5168 1454 5174 -
1464 5141 1487 5188 4.
1498 5138 1522 5187 ll
1534 5138 1609 5201 s'agit
1620 5138 1652 5187 de
1663 5137 1730 5187 Jeun
1741 5137 1774 5187 de
1787 5140 1850 5187 Cres
1862 5141 1927 5201 (1011

568 5231 592 5264 11.
612 5217 693 5267 11101.
