4650 6059
485 796 523 861 78
1039 793 1127 872 1843,
1151 793 1186 857 12
1209 791 1277 856 mai.

526 950 606 1010 368.
624 941 712 1007 Item
736 964 832 1029 supp.
849 943 936 1008 idem
962 942 1065 1022 miles
1083 950 1174 1026 quat.
1190 941 1284 1028 [cler.
1309 962 1369 1006 suo
1397 941 1517 1027 Egidio
1532 941 1574 1008 de
1590 940 1748 1022 Noelete,
1770 947 1845 1009 sub

482 1047 627 1112 diacono
639 1048 852 1111 Attrebaten.
879 1046 976 1125 dioc,
993 1046 1111 1110 scolari
1140 1046 1173 1109 in
1202 1046 1316 1125 theol,
1332 1045 1374 1110 de
1400 1048 1480 1110 nob.
1506 1066 1629 1131 genere
1654 1055 1843 1138 procreato,

484 1151 590 1237 fratri]
610 1151 781 1236 cujusdam
797 1151 1025 1236 specialissimi
1042 1150 1188 1215 scutiferi
1209 1151 1268 1230 sui,
1284 1150 1326 1215 de
1342 1170 1418 1216 can.
1434 1151 1517 1215 eccl.
1533 1150 1565 1215 S.
1583 1150 1673 1216 Petri
1691 1149 1845 1216 Rothna-

483 1256 600 1334 censis,
618 1254 836 1320 Cameracen.
852 1255 949 1330 dioc..
965 1254 1146 1339 dignemini
1163 1254 1349 1339 providere,
1362 1261 1396 1319 et
1419 1256 1511 1340 preb.
1530 1253 1621 1341 [vac.
1637 1276 1696 1321 seu
1712 1255 1842 1342 vacat]

483 1358 591 1422 eidem
609 1358 856 1438 conferendam,
870 1358 1042 1423 collationi
1060 1366 1169 1442 apost.
1185 1377 1354 1423 reservare
1370 1380 1378 1437 ;
1395 1378 1465 1423 non
1492 1360 1579 1424 obst.
1594 1359 1686 1444 quod
1701 1360 1844 1425 alteram

482 1461 743 1545 capellaniarum
759 1461 878 1526 domus
896 1482 1081 1546 pauperum
1098 1461 1293 1526 clericorum
1311 1461 1343 1526 S.
1360 1460 1394 1526 N
1397 1461 1495 1527 icolai
1520 1462 1737 1543 Ambianen,
1754 1463 1844 1548 cujus

481 1565 606 1629 fructus
703 1586 742 1629 20
760 1565 815 1630 lib.
833 1564 946 1644 Paris,
963 1586 1029 1629 sec.
1046 1572 1115 1629 tax.
1131 1564 1273 1645 decime,
1298 1566 1448 1630 valorem
1476 1585 1626 1630 annuum
1652 1587 1723 1632 non
1749 1587 1843 1632 exce-

481 1669 576 1748 dunt,
594 1669 745 1733 obtinere
761 1676 931 1734 noscatur.
948 1667 1080 1733 -Fiat
1098 1668 1138 1733 R.

524 1811 605 1871 369.
623 1804 709 1870 Item
726 1826 821 1892 supp.
839 1806 927 1871 idem
943 1806 1048 1885 miles,
1065 1813 1157 1890 quat.
1177 1805 1254 1891 [suo
1277 1805 1410 1871 medico
1434 1814 1469 1871 et
1493 1807 1672 1893 capellano
1693 1805 1715 1884 J
1718 1807 1841 1873 ohanui

481 1908 620 1973 Gilberti
639 1918 659 1988 ¹,
676 1909 864 1975 Tomacen.
880 1908 977 1989 dioc,
994 1930 1082 1993 mag.
1096 1910 1129 1973 in
1147 1919 1219 1990 art,
1229 1913 1303 1975 bac.
1317 1910 1350 1974 in
1367 1911 1465 1991 med,
1478 1918 1513 1975 et
1528 1910 1647 1976 scolari
1662 1909 1695 1974 in
1709 1909 1838 1996 theol.‚]

481 2014 522 2078 de
553 2035 628 2078 can.
645 2022 678 2078 et
703 2017 795 2099 preb.
823 2017 905 2080 eccl.
922 2014 960 2079 B.
988 2013 1036 2079 M.
1063 2014 1106 2081 de
1132 2014 1294 2094 Antonio,
1311 2014 1531 2081 Cameraceu.
1555 2015 1643 2081 dioc.
1672 2014 1764 2101 [vac.
1789 2016 1840 2079 vel

482 2119 607 2204 vacat]
626 2119 809 2202 dignemini
825 2120 1000 2204 providere
1015 2143 1022 2198 ;
1039 2140 1108 2185 non
1126 2122 1212 2184 obst.
1225 2120 1315 2203 quod
1327 2120 1469 2184 alteram
1480 2119 1672 2205 portionem
1687 2120 1840 2205 parroch.

480 2224 561 2287 eccl.
577 2223 620 2287 de
635 2222 811 2303 Ghistella,
828 2222 1017 2289 Tomacen.
1038 2224 1135 2303 dioc,
1152 2223 1306 2288 obtineat
1323 2223 1355 2287 iu
1374 2223 1543 2304 Flandria,
1560 2222 1594 2286 in
1621 2243 1689 2307 qua
1706 2234 1840 2310 propter

481 2327 648 2390 interdicti
666 2325 887 2407 formidinem,
905 2328 957 2392 cui
973 2327 1064 2393 dicta
1081 2334 1168 2391 terra
1187 2324 1343 2393 Flandrie
1359 2325 1480 2392 dicitur
1496 2346 1568 2392 esse
1584 2326 1749 2411 subjecta,
1765 2327 1841 2393 resi·

481 2430 558 2494 dere
575 2451 644 2493 non
665 2429 766 2494 audet
780 2454 788 2510 ;
806 2452 863 2495 seu
880 2431 1005 2516 quoda
1022 2431 1053 2496 S.
1066 2430 1106 2497 V.
1118 2432 1160 2496 dc
1186 2451 1259 2496 can.
1272 2431 1354 2496 eccl.
1371 2430 1403 2497 S.
1426 2430 1515 2495 Petri
1531 2429 1728 2510 Insulensis
1753 2430 1841 2496 dicte

481 2533 669 2599 Tornacen.
686 2535 782 2615 dioc,
800 2537 860 2599 sub
876 2556 951 2621 exp.
968 2539 1070 2621 preb,
1086 2555 1133 2619 gr.
1150 2534 1343 2609 obtinuerit,
1360 2534 1422 2599 sibi
1439 2534 1533 2618 quasi
1550 2533 1704 2599 inutilem
1718 2557 1727 2612 ;
1751 2555 1841 2614 narn,

481 2646 579 2722 prout
595 2641 637 2702 ab
654 2660 721 2703 uno
737 2639 859 2704 clerico
876 2638 1013 2719 audivit,
1027 2640 1097 2723 jam
1114 2647 1192 2703 sunt
1206 2659 1246 2702 20
1260 2639 1313 2702 rel
1330 2638 1474 2723 amplius
1484 2644 1717 2723 expectantes
1734 2638 1842 2724 ipsum

479 2741 499 2819 J
503 2742 672 2806 ohannem
690 2742 723 2806 in
739 2743 829 2808 dicta
845 2744 953 2827 gratia
969 2742 1198 2828 precedentes.
1213 2782 1257 2791 —-
1273 2741 1349 2806 Fiat
1367 2741 1407 2807 R.

523 2886 606 2946 370.
623 2880 711 2945 Item
727 2901 821 2967 supp.
838 2881 926 2946 idem
943 2881 1048 2961 miles,
1066 2889 1157 2965 quat.
1177 2878 1357 2966 [Samardo
1372 2879 1414 2944 de
1430 2878 1618 2959 Villaribus,
1636 2879 1714 2944 cler.
1729 2879 1843 2944 Attre·

480 2987 593 3049 bateu.
610 2984 707 3065 dioc,
724 2985 843 3050 scolari
861 2986 893 3049 in
911 2993 972 3050 art.
991 2984 1145 3064 Parisius,
1161 2984 1203 3051 de
1220 2987 1428 3068 nobgenere
1437 2991 1624 3068 procreato,
1641 3003 1682 3048 ac
1698 3003 1842 3049 consan-

479 3087 618 3173 guineo]
638 3088 809 3172 cujusdam
825 3089 940 3153 militis
956 3090 1015 3170 sui,
1043 3088 1085 3152 de
1101 3108 1176 3153 can.
1193 3089 1275 3153 eccl.
1303 3086 1334 3152 S.
1360 3085 1476 3151 Crucis
1492 3084 1713 3152 Cameracen.
1728 3086 1842 3172 digne-

481 3193 561 3255 mini
579 3193 764 3276 providere,
781 3203 814 3256 et
839 3196 941 3278 preb,
961 3193 1052 3279 [vac.
1078 3214 1136 3258 seu
1161 3192 1303 3277 vacat.],
1328 3191 1438 3256 eidem
1464 3190 1715 3272 conserendam,
1741 3193 1843 3257 colla-

481 3296 564 3360 tioni
583 3305 691 3379 apost.
708 3317 887 3361 reservare.
904 3338 946 3345 —
964 3296 1040 3362 Fiat
1059 3296 1098 3361 R.
1480 3281 1483 3289 ¹

526 3440 603 3498 371.
619 3473 662 3481 -
678 3432 766 3498 Item
783 3457 878 3522 supp.
906 3436 993 3501 idem
1021 3438 1126 3517 miles,
1156 3444 1246 3521 quat.
1272 3436 1421 3513 Jobauni
1449 3436 1598 3514 Doubus,
1614 3434 1693 3500 cler.
1716 3432 1844 3498 Toma-

483 3557 556 3600 ceu.
583 3536 679 3615 dioc,
705 3548 786 3603 nato
813 3541 984 3625 cujusdam
1012 3542 1185 3606 familiaris
1209 3541 1354 3606 scutiferi
1381 3540 1440 3621 sui,
1468 3560 1544 3605 cum
1561 3559 1630 3625 quo
1653 3559 1752 3624 super
1776 3538 1843 3603 def.

482 3640 655 3720 natalium,
672 3662 771 3725 quem
787 3645 923 3728 patitur,
941 3654 1059 3731 utpote
1079 3645 1243 3710 desoluto
1258 3645 1390 3728 genitus
1402 3666 1478 3709 cum
1488 3644 1608 3724 soluta,
1624 3664 1645 3708 a
1659 3642 1844 3709 diocesano

483 3766 553 3824 suo,
570 3754 607 3809 ut
623 3753 794 3813 tonsuram
812 3750 1001 3815 clericalem
1029 3758 1063 3814 et
1087 3753 1163 3814 beu.
1181 3750 1348 3815 obtineret
1376 3749 1458 3814 eccl.
1484 3769 1509 3813 s.
1537 3769 1577 3826 c.,
1593 3747 1655 3812 fuit
1678 3747 1764 3813 alias
1778 3747 1844 3812 dis-

482 3858 671 3934 pensatum,
689 3849 728 3915 V.
745 3852 775 3917 S.
792 3874 839 3937 gr.
856 3855 1068 3939 ampliantes,
1081 3863 1128 3933 ut,
1139 3853 1232 3919 dicto
1248 3874 1316 3919 nou
1333 3856 1419 3918 obst.
1435 3851 1699 3936 defectudictus
1714 3849 1844 3928 Joban-

481 3974 542 4019 nes
558 3956 601 4020 ad
614 3976 731 4021 omnes
747 3957 880 4023 ordines
896 3958 1096 4043 promoveri,
1113 3966 1147 4022 et
1162 3959 1240 4022 ben.
1267 3957 1349 4022 eccl.
1366 3979 1395 4023 c.
1418 3978 1447 4021 c.
1459 3957 1572 4021 valeat
1587 3955 1750 4036 obtinere,
1767 3975 1844 4020 cum

482 4060 601 4123 eodem
618 4061 799 4144 dignemini
816 4063 1017 4148 dispensare.
1039 4100 1070 4110 -
1100 4060 1177 4126 Fiat
1194 4061 1234 4127 R.

526 4162 606 4227 Dat.
623 4166 721 4232 Avin.
738 4190 757 4250 4
774 4165 818 4231 id.
835 4167 913 4231 ruaii
932 4177 965 4231 a⁰
986 4175 1024 4232 1⁰.
1042 4168 1093 4244 (2,
1115 4166 1205 4249 178l')

534 4299 640 4384 372.
1552 4335 1647 4399 1345,
1665 4335 1706 4378 12
1723 4336 1801 4379 rum.

527 4416 628 4502 Supp.
641 4418 870 4504 Raynuuidus,
897 4419 1063 4485 Morineu.
1077 4422 1177 4506 episc.
1194 4430 1214 4500 ²,
1236 4429 1327 4505 quat.
1348 4420 1465 4506 [Petro
1478 4418 1669 4503 Raymundi
1695 4418 1844 4502 Saqueti,

482 4520 598 4605 nepoti
615 4542 685 4602 suu,
702 4524 789 4600 cler,
806 4532 840 4587 et
853 4523 989 4609 scolari]
1009 4524 1150 4590 Parisius
1167 4526 1199 4588 in
1213 4525 1285 4609 jure
1295 4544 1378 4602 can,
1391 4524 1434 4589 de
1444 4533 1561 4589 canet
1573 4525 1665 4608 preb.
1678 4529 1713 4587 et
1724 4543 1845 4609 prepo-

482 4624 593 4704 situra,
610 4635 764 4690 mensata
781 4628 960 4711 vulgariter
976 4637 1180 4714 nuncupata,
1203 4649 1276 4693 vac.
1298 4628 1331 4691 in
1348 4629 1430 4693 eccl.
1453 4627 1644 4707 Valentina,
1670 4626 1845 4711 provincie

483 4727 720 4814 Terragonen,
737 4751 796 4816 per
811 4734 864 4796 ob.
882 4731 983 4796 Blasii
1000 4734 1042 4796 de
1059 4732 1165 4813 Luna,
1183 4732 1353 4816 quondam
1379 4752 1453 4797 can.
1470 4739 1504 4795 et
1520 4730 1679 4816 prepositi
1708 4729 1740 4793 in
1763 4730 1845 4795 eccl.

483 4833 673 4917 supradicta
688 4857 695 4911 ;
713 4854 852 4917 quorum
870 4836 1085 4901 collationem
1103 4858 1161 4901 seu
1177 4836 1430 4921 dispositionem
1452 4835 1541 4900 dom.
1562 4833 1738 4911 Jolrannes
1755 4854 1846 4919 papa

484 4934 598 5034 xxii,
614 4936 670 5000 diu
687 4945 767 5002 aute
783 4941 836 5003 ob.
863 4939 942 5004 dicti
972 4940 1084 5022 Blasii,
1102 4942 1275 5006 collationi
1292 4940 1378 5005 sedis
1405 4946 1513 5024 apost.
1529 4938 1714 5003 reservavit
1729 4960 1737 5016 ;
1764 4959 1847 5022 quos

518 5164 540 5209 l.
554 5162 614 5208 l'oir
625 5176 649 5209 n.
662 5163 776 5211 333-334.
789 5192 791 5196 -
805 5193 819 5197 -
832 5166 854 5211 2.
868 5165 1001 5227 llaymoud
1016 5168 1107 5225 sapui
1123 5134 1225 5211 riommd
1238 5164 1259 5211 lc
1272 5165 1303 5210 22
1314 5170 1364 5211 oct.
1379 5164 1447 5218 1334,
1467 5160 1591 5209 transilire
1602 5162 1616 5209 ir
1630 5160 1703 5223 Lyou
1716 5160 1739 5208 lc
1753 5161 1784 5208 10
1796 5159 1846 5209 rev.

486 5236 549 5281 issu
561 5235 665 5297 (uritur,
682 5237 698 5293 1,
712 5239 766 5296 aa»,
784 5238 852 5297 aur.)
