4650 6059
942 625 1030 698 1346,
1052 625 1145 689 25-30
1163 625 1274 706 juillet.
1553 680 1555 685 .
1726 626 1788 690 263

427 774 758 854 etdom.Joha11nis‚
782 776 883 861 episc.
912 774 1079 854 Portuen,
1105 775 1146 839 de
1170 776 1305 840 licentia
1321 775 1354 839 S.
1379 773 1428 853 V,
1453 775 1541 841 idern
1570 775 1787 843 Hermannus

425 890 495 951 per
511 901 548 959 se,
564 888 598 943 et
614 878 781 943 Gerardns
797 898 855 963 per
871 884 1119 963 procuratorem
1142 899 1236 942 suurn
1253 878 1375 944 adhoc
1392 878 1539 964 legitime
1556 880 1785 960 constitutum,

421 982 521 1055 apud
534 982 643 1047 sedem
661 989 770 1067 apost.
787 1003 827 1045 ex
845 1002 943 1046 causa
958 980 1214 1064 permutationis
1225 980 1380 1045 duxerint
1390 982 1615 1066 resignandos,
1631 983 1786 1066 idemque

419 1073 520 1150 dom.
535 1085 718 1165 cardinalis,
735 1084 777 1149 de
793 1085 955 1149 mandato
978 1092 1090 1149 restro
1115 1086 1252 1149 oraculo
1267 1085 1345 1148 rive
1367 1086 1460 1150 vocis
1482 1086 1542 1150 sibi
1561 1086 1658 1165 facto,
1675 1088 1785 1171 hujus-

418 1190 520 1253 modi
534 1189 774 1274 resignationes
790 1188 970 1268 admiserit,
987 1187 1170 1271 dignemini
1188 1187 1337 1253 Gerardo
1347 1188 1389 1253 de
1402 1210 1477 1255 can.
1494 1198 1529 1255 et
1539 1193 1630 1274 preb.
1649 1188 1785 1255 Monos-

416 1292 543 1358 terren.
566 1303 601 1358 et
630 1293 828 1357 Hennanno
852 1292 1010 1377 predictis
1024 1291 1067 1356 de
1083 1312 1155 1356 can.
1173 1301 1207 1355 et
1222 1294 1313 1375 preb.
1330 1291 1365 1356 N
1367 1294 1548 1377 yvellensis
1570 1294 1785 1358 ecclesiarum

414 1397 649 1466 predictarum
665 1397 713 1462 sic
729 1417 801 1461 rac,
817 1405 905 1460 auct.
921 1404 1029 1480 apost.
1053 1394 1228 1479 providere
1249 1418 1257 1473 ;
1279 1416 1348 1459 non
1365 1399 1450 1461 obst.
1467 1395 1556 1479 quod
1571 1396 1679 1461 dictus
1697 1395 1785 1462 Her·

412 1509 566 1565 mannus
582 1500 614 1564 in
632 1500 687 1564 SS.
698 1502 938 1585 Apostolorum
954 1499 1140 1579 Colonien,
1154 1508 1188 1563 et
1205 1498 1371 1564 Reissensi
1382 1500 1530 1567 ecclesiis
1545 1521 1620 1565 can.
1630 1508 1664 1565 et
1680 1503 1782 1585 preb.,

411 1611 556 1668 necnon
578 1604 730 1689 parrocb.
754 1605 835 1668 eccl.
853 1604 884 1666 in
902 1602 1039 1681 Gronlo,
1057 1602 1233 1667 Colonien.
1255 1610 1290 1666 et
1307 1601 1545 1668 Monosterien.
1562 1603 1659 1680 dioc,
1675 1598 1793 1669 nosci-⁴

409 1704 481 1767 tur
494 1706 655 1769 obtinere.
678 1746 722 1753 -
740 1704 813 1770 Fiat
829 1727 889 1791 pro
906 1713 1047 1788 utroque
1065 1704 1104 1769 R.

473 1810 545 1873 Dat.
562 1810 663 1891 Asin.
685 1830 717 1872 11
738 1808 803 1873 kal.
821 1830 894 1892 aug.
911 1819 943 1873 a⁰
961 1818 1000 1891 5⁰.
1018 1809 1084 1888 (ll,
1103 1811 1175 1891 97¹⁰)
1198 1816 1218 1872 ¹¹.

482 1945 620 2027 1028.
1455 1962 1549 2043 154⁶,
1566 1980 1607 2041 25
1617 1959 1739 2040 sarua.

472 2062 570 2147 Supp.
599 2061 760 2144 Rogerius
784 2062 826 2125 de
856 2062 1004 2129 Henrico
1031 2063 1073 2127 de
1099 2062 1276 2141 Panormo,
1301 2062 1508 2127 arnbaxiator
1535 2061 1654 2143 Sicilie,
1692 2072 1783 2147 quat.

413 2156 572 2244 [jacobo
589 2164 759 2249 quondam
776 2165 866 2229 dom.
885 2164 1051 2231 Francisci
1070 2166 1081 2200 *³
1096 2167 1139 2231 de
1153 2165 1245 2231 Filiis
1263 2166 1351 2246 Ursi,
1362 2166 1477 2231 militis
1492 2167 1534 2232 de
1552 2166 1655 2246 Urbe,
1668 2167 1783 2252 nepoti

408 2263 501 2333 bon.
516 2290 619 2334 mem.
635 2270 725 2334 dom.
744 2267 884 2348 Matbei,
901 2270 1002 2354 episc.
1019 2270 1173 2335 Sabinen.
1190 2280 1209 2350 ¹,
1227 2271 1303 2335 cler.
1328 2270 1361 2333 in
1381 2270 1454 2354 jure
1478 2291 1551 2335 can.
1568 2270 1731 2355 studenti]
1752 2270 1784 2334 in

416 2365 522 2438 Rom.
539 2394 619 2453 cur,
635 2376 712 2437 ben.
725 2373 806 2437 eccl.
824 2394 852 2436 c.
869 2394 897 2437 c.
914 2376 967 2437 vel
984 2396 1009 2437 s.
1026 2394 1066 2453 c.,
1083 2383 1238 2458 spectans
1251 2374 1294 2438 ad
1310 2374 1427 2438 colb...
1446 2373 1547 2458 episc.
1564 2381 1599 2437 et
1615 2394 1687 2458 cap.
1705 2372 1784 2437 Bar-

410 2476 602 2541 cbinonen.
619 2478 672 2540 rel
690 2477 892 2559 singulorum
910 2477 1147 2542 canonicorum
1164 2486 1198 2541 et
1222 2497 1436 2562 personarum
1459 2476 1501 2541 de
1520 2476 1611 2541 dicto
1628 2477 1784 2561 capitulo

410 2580 523 2644 etiarn
540 2581 566 2645 si
583 2580 685 2664 dign,
702 2601 786 2665 pers.
803 2582 855 2644 vel
873 2580 929 2645 off.
946 2581 979 2644 in
997 2580 1116 2645 eadem
1132 2582 1214 2645 eccl.
1232 2579 1454 2645 obtinentium
1475 2601 1483 2657 ;
1508 2581 1601 2663 cujus
1617 2580 1741 2644 fructus
1757 2601 1785 2644 c.

414 2702 456 2746 e.
475 2704 542 2763 roo,
553 2684 579 2749 si
597 2704 677 2749 vero
697 2705 722 2747 s,
748 2705 776 2748 c.
802 2684 899 2748 suerit
928 2686 968 2748 8ο
993 2684 1048 2748 lib.
1073 2681 1152 2747 Tur.
1169 2703 1271 2768 parix,
1295 2705 1360 2748 sec.
1386 2691 1453 2747 tax.
1474 2682 1614 2758 decime,
1639 2685 1785 2746 raiorem

414 2806 570 2852 annuum
586 2808 654 2852 non
672 2787 848 2866 excedant,
868 2787 957 2872 [vac.
974 2788 1027 2851 vel
1053 2786 1178 2873 vacat]
1206 2787 1238 2849 in
1266 2787 1357 2865 eccl,
1383 2786 1445 2850 cir.
1461 2788 1514 2849 vel
1540 2786 1626 2850 dioc.
1652 2784 1786 2850 Barchi-

422 2907 557 2969 nonen,
574 2890 812 2956 conserendum
830 2890 938 2955 eidem
959 2890 1089 2968 Jacobo
1105 2891 1286 2975 dignemini
1300 2910 1466 2954 reservare
1482 2913 1490 2968 ;
1508 2909 1575 2954 non
1593 2892 1678 2953 obst.
1695 2890 1786 2972 quod

427 2992 513 3058 idern
535 2993 682 3071 Jacobus
699 2996 730 3057 in
757 2992 993 3058 Panormitana
1018 3003 1052 3058 et
1079 2994 1298 3072 Cennacensi,
1319 2992 1476 3057 Leodien.
1504 2993 1601 3072 dioc,
1626 2994 1784 3073 ecclesiis

430 3118 498 3162 can.
509 3108 543 3162 et
555 3101 658 3183 preb.,
676 3098 708 3160 in
727 3098 965 3162 Panormitano
989 3108 1023 3162 et
1047 3099 1239 3163 Siracusana
1256 3098 1341 3162 dioc.
1357 3097 1425 3161 dno
1439 3100 1516 3162 ben.
1533 3097 1694 3182 simplicia
1711 3119 1737 3162 s.
1754 3119 1782 3162 e.

435 3203 569 3265 noscitur
586 3202 748 3280 obtinere,
764 3203 806 3267 de
823 3203 939 3282 quibus
955 3206 1031 3266 ben.
1061 3223 1119 3266 roo
1144 3203 1213 3266 flor.
1231 3223 1297 3266 non
1322 3201 1463 3286 percipit
1489 3202 1673 3267 annuatim.
1698 3201 1784 3267 Cum

436 3304 539 3367 :odem
556 3304 696 3381 Jacobo,
713 3306 767 3387 qui
786 3306 818 3368 in
837 3327 853 3369 2
858 3316 889 3388 3¹¹
906 3307 1005 3369 etatis
1020 3328 1077 3369 sue
1094 3327 1184 3369 anno
1201 3307 1253 3369 rel
1277 3307 1408 3371 circiter
1432 3306 1635 3370 constitutus
1658 3305 1781 3384 existit,

436 3409 512 3487 quod
538 3408 727 3492 hujusmodi
754 3410 927 3474 ecclesiam
954 3411 1055 3473 libere
1071 3409 1218 3492 recipere
1244 3419 1277 3472 et
1305 3409 1394 3473 licite
1422 3411 1532 3473 valeat
1548 3409 1700 3488 retinere,
1718 3409 1782 3473 des.

436 3511 520 3574 etatis
543 3511 743 3596 hujusmodi,
768 3533 807 3575 ac
830 3512 992 3594 generalis
1016 3512 1146 3576 concilii
1173 3523 1206 3575 et
1231 3533 1429 3595 ‹pracunqne
1456 3513 1519 3577 alia
1543 3513 1782 3577 constitutione

436 3616 585 3678 contraria
609 3635 675 3677 non
705 3618 800 3694 obst,
824 3616 1064 3699 dispensantes.
1082 3657 1124 3664 -
1141 3615 1216 3679 Fiat
1233 3637 1335 3697 usqne
1353 3616 1395 3679 ad
1414 3636 1453 3698 70
1470 3639 1498 3680 c.
1516 3639 1554 3696 c,
1581 3637 1618 3699 50
1643 3639 1667 3679 s.
1686 3638 1723 3695 e,
1748 3627 1781 3680 et

436 3712 650 3801 dispensamus
666 3739 764 3802 snper
779 3728 881 3782 etate.
900 3719 938 3783 R.

469 3820 543 3884 Dat.
561 3821 660 3883 Asin.
680 3824 697 3883 8
715 3820 780 3884 kal.
798 3842 872 3902 aug.
891 3833 923 3884 a''
943 3832 984 3904 ς’.
1003 3829 1068 3904 (11,
1092 3836 1176 3905 1151.

478 3957 612 4038 1029.
1445 3973 1539 4052 1346,
1553 3989 1597 4051 30
1612 3967 1736 4049 ja'llet.

466 4074 552 4158 Sign.
567 4073 753 4151 Jobannes,
781 4073 848 4135 dux
874 4071 1065 4148 Brabantie,
1093 4070 1183 4154 qnod
1211 4071 1291 4136 olim
1309 4071 1361 4136 sel.
1379 4093 1443 4136 rec.
1458 4072 1549 4137 dom.
1577 4070 1779 4136 Benedictus

434 4193 505 4261 papa
521 4177 602 4255 XII,
620 4198 696 4240 cum
714 4196 786 4260 cap.
803 4197 863 4240 sno
878 4175 1029 4238 Arnoldo
1044 4175 1135 4239 dicto
1154 4174 1265 4238 Rorer
1281 4175 1323 4238 de
1346 4174 1560 4256 BuscoduciS,
1573 4179 1680 4261 presb.
1694 4174 1779 4239 Leo-

433 4276 507 4345 dien.
522 4282 620 4357 dioc,
637 4279 678 4342 de
694 4282 801 4363 presb.
818 4279 948 4361 genitus
965 4287 998 4341 et
1015 4279 1132 4353 soluta,
1149 4289 1185 4341 ut
1203 4278 1244 4342 ad
1261 4299 1377 4342 ornnes
1393 4279 1525 4343 ordines
1539 4278 1728 4363 promoveri
1746 4287 1780 4342 et

434 4381 496 4447 ben.
512 4384 605 4460 eccl,
622 4382 752 4445 etiarnsi
769 4403 882 4445 curam
898 4383 1036 4445 haberet
1053 4382 1249 4458 animarum,
1267 4382 1418 4445 obtinere
1435 4383 1572 4461 valeret,
1591 4380 1778 4464 hujusmodi

435 4502 490 4549 non
515 4490 601 4550 obst.
629 4484 694 4548 det'.
725 4485 929 4568 dispensarit
945 4508 952 4563 ;
970 4485 1092 4548 rirtnte
1119 4485 1210 4567 cnjus
1235 4485 1492 4568 dispensationis
1508 4487 1612 4550 altare
1629 4485 1659 4549 S.
1678 4482 1714 4547 M
1720 4535 1727 4548 .
1744 4484 1778 4547 in

435 4591 504 4654 eccl.
526 4593 567 4654 de
586 4587 710 4668 Hedel,
727 4588 913 4671 trajecten.
930 4588 1026 4666 dioc,
1042 4609 1067 4651 s.
1085 4608 1123 4667 c,
1141 4588 1233 4671 cnjus
1242 4595 1355 4652 tamen
1373 4586 1495 4652 fructus
1512 4609 1683 4671 nunquam
1705 4606 1778 4671 per·

460 4776 484 4835 a)
493 4777 565 4824 cure
578 4777 716 4838 snpplique
729 4786 762 4823 cst
779 4777 847 4823 aus-i
860 4775 1011 4832 europi-trec
1023 4791 1055 4822 au
1069 4776 1112 4823 fol.
1124 4778 1169 4822 rub
1180 4791 1236 4824 suus
1249 4776 1273 4824 la
1285 4776 1344 4826 date
1356 4777 1391 4826 du
1405 4774 1470 4824 aaut.
1483 4792 1541 4840 unp.
1553 4785 1580 4824 u⁰
1592 4778 1662 4823 5⁰.-
1676 4775 1704 4834 b)
1721 4773 1779 4822 (bd.

438 4844 546 4897 francici.
1257 4852 1261 4860 '

438 4970 677 4985 x...-

466 5049 483 5095 1.
495 5050 606 5100 Matinou
619 5052 702 5099 urum
717 5051 741 5100 ’1-
755 5055 815 5098 lato
838 5052 942 5112 (Euboi.
959 5052 976 5105 1,
990 5052 1040 5107 35).
