4650 6059
1006 761 1094 836 1346,
1117 763 1154 825 1er
1174 764 1253 827 aodt.
1749 768 1811 833 265

502 918 591 977 10³1.
616 907 704 975 Item
721 908 872 987 Johanni
888 911 930 976 de
947 909 1060 976 Ratbe
1077 922 1095 992 ¹,
1112 932 1201 997 mag.
1218 913 1250 976 in
1268 921 1329 978 art.
1346 921 1381 978 et
1396 917 1469 980 bac.
1486 924 1564 981 actu
1579 917 1632 983 lic.
1650 918 1681 982 in
1695 918 1810 999 theol,

462 1018 497 1077 le
511 1035 576 1079 can.
590 1021 625 1078 et
641 1016 734 1099 preb.
757 1034 797 1078 ac
813 1014 902 1098 dign.
925 1015 980 1078 vel
993 1036 1077 1099 pers.
1094 1036 1153 1080 seu
1177 1015 1243 1095 oss,
1261 1037 1290 1081 c.
1307 1037 1335 1081 c.
1352 1018 1405 1082 vel
1423 1039 1446 1082 s.
1463 1039 1503 1098 e.,
1515 1021 1596 1085 eccl.
1621 1020 1805 1105 Glasguen-

461 1120 510 1189 sis,
526 1118 607 1204 [rac.
623 1119 680 1182 vel
695 1117 837 1203 vacat.],
854 1118 1037 1201 dignemini
1065 1118 1263 1203 providere3
1292 1140 1360 1184 non
1377 1123 1463 1185 obst.
1480 1122 1570 1205 quod
1586 1123 1619 1187 in
1648 1124 1809 1189 Alberdo

462 1243 530 1286 nen.
540 1231 653 1288 canet
666 1226 758 1308 preb.
771 1243 811 1287 ac
823 1222 1140 1296 archidiaconatum,
1151 1231 1186 1286 et
1198 1223 1230 1286 in
1243 1222 1275 1287 S.
1287 1222 1470 1288 Donatiani
1481 1224 1669 1309 Brugensis,
1682 1226 1809 1293 Toma-

469 1346 528 1390 cen.
541 1326 633 1405 dioc.,
651 1326 800 1392 ecclesiis
816 1346 890 1391 can.
907 1329 966 1390 sub
983 1347 1058 1411 exp.
1074 1328 1167 1410 preb.
1191 1327 1340 1391 noscitur
1350 1327 1635 1395 obtinere-Fiat
1647 1331 1752 1396 etiam
1767 1332 1809 1397 de

473 1430 552 1512 dign,
567 1440 630 1496 etc.
645 1430 687 1495 R.

510 1574 595 1634 1032.
622 1567 709 1632 Item
736 1567 886 1631 Henrico
911 1567 953 1630 de
980 1565 1091 1630 Leuis
1106 1576 1126 1645 ²,
1155 1564 1316 1632 Leodien.
1342 1567 1438 1648 dioc.,
1466 1570 1539 1634 bac.
1564 1570 1597 1633 in
1625 1569 1739 1649 theol,
1767 1570 1809 1635 de

477 1672 531 1733 ben.
545 1672 620 1736 eccl.
637 1693 665 1736 c.
682 1693 711 1736 c.
722 1672 775 1735 rel
792 1692 817 1736 s.
831 1692 870 1746 c.,
887 1671 988 1734 etiam
1005 1671 1030 1734 si
1048 1670 1145 1734 suerit
1172 1691 1257 1754 pers.
1273 1671 1326 1734 rel
1344 1671 1410 1750 oss,
1429 1682 1604 1756 spectante
1631 1674 1673 1739 ad
1700 1675 1806 1739 coll...

477 1776 561 1857 episc„
575 1776 746 1862 prepositi,
770 1776 901 1853 decani,
925 1796 998 1859 cap.
1024 1784 1058 1839 et
1085 1775 1289 1858 singulorum
1317 1776 1565 1856 canonicorum,
1591 1777 1692 1841 etiam
1719 1778 1808 1861 dign.

478 1879 516 1940 rel
527 1900 601 1963 pers.
617 1888 675 1944 aut
692 1880 747 1946 off.
765 1882 798 1944 in
809 1881 890 1945 eccl.
907 1879 1067 1945 Leodien.
1084 1879 1290 1959 habentium,
1315 1889 1349 1945 et
1365 1880 1494 1945 etiamsi
1511 1881 1543 1944 in
1561 1882 1642 1947 eccl.
1659 1882 1809 1947 cathedr.

478 1983 515 2043 rel
528 1984 634 2068 colleg.
660 1984 794 2062 existat,
822 1984 1005 2068 dignemini
1022 1982 1219 2068 providere3
1245 2004 1312 2049 non
1338 1987 1425 2050 obst.
1447 1983 1537 2068 quod
1552 1985 1704 2069 parrocb.
1727 1987 1808 2053 eccl.

478 2084 508 2147 de
533 2085 718 2173 Nederpelt,
749 2087 839 2153 dicte
869 2088 966 2166 dioc.,
998 2087 1147 2151 noscitur
1178 2087 1352 2166 obtinere3
1383 2108 1441 2151 seu
1467 2086 1558 2170 quod
1584 2096 1673 2153 auct.
1699 2097 1810 2153 vestra

478 2190 534 2255 ben.
547 2192 621 2257 eccl.
638 2214 667 2257 c.
681 2213 710 2258 c.
727 2192 782 2256 vel
794 2214 819 2256 s.
836 2214 865 2257 c.
882 2197 1038 2275 spectans
1054 2189 1097 2255 ad
1113 2191 1189 2256 coll.
1204 2190 1286 2255 dicti
1314 2190 1464 2275 episcopi
1481 2199 1649 2275 expectet.
1666 2231 1710 2240 —
1734 2190 1810 2256 Fiat

480 2295 609 2375 usquead
625 2316 793 2360 summam
810 2298 850 2359 80
874 2295 929 2360 lib.
947 2316 975 2358 c.
992 2315 1031 2373 c,
1050 2315 1089 2376 50
1106 2314 1130 2357 s,
1148 2314 1176 2357 c.
1195 2292 1235 2357 R.

514 2438 594 2499 1033.
614 2432 702 2497 ltem
713 2432 873 2497 Oudardo
888 2432 931 2495 de
947 2430 1083 2509 Gaunis,
1099 2430 1180 2494 alias
1205 2429 1246 2495 de
1261 2431 1478 2496 Assonvillari
1488 2440 1508 2510 ³,
1525 2451 1612 2514 mag.
1629 2430 1662 2493 in
1679 2438 1751 2509 art,
1776 2437 1810 2494 et

480 2530 532 2594 bae.
545 2534 571 2597 in
583 2535 698 2614 theol,
714 2534 756 2598 de
772 2537 847 2599 ben.
865 2536 946 2599 eccl.
964 2556 992 2599 c.
1009 2556 1038 2599 c.
1054 2535 1108 2597 vel
1124 2555 1149 2598 s.
1167 2554 1206 2612 c.‚
1220 2534 1351 2599 etiamsi
1365 2534 1397 2598 in
1415 2536 1496 2600 eccl.
1514 2534 1661 2600 cathedr.
1677 2535 1809 2613 existat,

479 2645 624 2715 spectante
641 2638 686 2703 ad
698 2640 784 2714 coll,
802 2646 877 2715 etc,
894 2640 968 2701 abb.
985 2647 1020 2701 et
1036 2658 1133 2702 conr.
1146 2637 1339 2702 monasterii
1357 2637 1388 2701 S.
1407 2636 1515 2702 Mauri
1529 2636 1571 2701 de
1589 2636 1747 2717 Fossatis,
1767 2637 1808 2701 Ο.

478 2734 500 2798 S.
513 2736 550 2816 B,
565 2739 722 2806 l‘arisien.
745 2740 843 2819 dioc.,
871 2741 963 2824 cujus
984 2739 1162 2820 fructus...,
1179 2740 1205 2804 si
1218 2760 1247 2805 e.
1269 2761 1297 2805 c.
1319 2760 1388 2820 100,
1405 2740 1433 2805 si
1457 2762 1538 2806 vero
1559 2761 1584 2805 s,
1609 2740 1751 2805 eluerit
1769 2761 1808 2824 50

477 2837 583 2908 liblur.
594 2866 698 2930 parv,
711 2866 777 2908 sec.
789 2852 856 2908 tax.
867 2843 1007 2923 decime,
1024 2845 1173 2908 valorem
1188 2864 1335 2908 annuum
1353 2864 1421 2908 non
1438 2844 1615 2924 excedant,
1625 2844 1808 2928 dignemini

477 2947 643 3026 providere;
669 2969 737 3014 non
764 2951 849 3013 obst.
866 2947 955 3031 quod
972 2946 1140 3032 quandam
1161 2948 1280 3033 capell.
1298 2969 1356 3012 seu
1372 2947 1608 3012 commendam
1626 2948 1659 3011 in
1681 2946 1810 3033 capella

478 3042 577 3115 Domus
592 3052 770 3117 scolarium
785 3054 863 3115 bon.
881 3072 981 3115 mem.
997 3051 1086 3115 dom.
1114 3048 1281 3127 Jobannis
1307 3052 1395 3116 card.
1413 3050 1547 3116 Choleti
1574 3050 1715 3116 Pan'sius
1737 3050 1808 3114 fun-

476 3146 542 3229 date,
556 3156 716 3234 obtineat,
733 3177 798 3238 que
826 3155 950 3218 nemini
979 3155 1040 3218 nisi
1068 3154 1186 3218 scolari
1216 3165 1250 3217 et
1266 3157 1379 3218 bursas
1407 3154 1439 3218 in
1458 3155 1528 3239 ipsa
1552 3154 1655 3220 domo
1671 3154 1808 3219 babenti

475 3256 615 3323 confertur
633 3283 639 3334 ;
657 3268 691 3323 et
708 3259 826 3343 capell.
844 3257 882 3321 B.
901 3254 1092 3340 Margarete
1108 3256 1283 3321 fundatam
1300 3257 1333 3320 in
1351 3258 1432 3321 eccl.
1449 3255 1487 3321 B.
1506 3254 1554 3320 bl.
1571 3256 1613 3320 de
1631 3255 1807 3321 Moncbia-

475 3373 608 3441 tocastro,
627 3362 808 3426 Belsucen.
824 3362 921 3438 dioc.,
939 3383 1003 3444 que
1013 3370 1150 3446 propter
1166 3361 1367 3425 tenuitatem
1379 3359 1568 3425 reddituum
1584 3359 1627 3425 ad
1642 3361 1806 3426 decimam

474 3475 522 3524 non
532 3477 677 3541 taxatum
691 3486 748 3529 seu
765 3466 856 3548 quod
868 3466 900 3527 in
913 3463 1090 3541 lloriuen,
1102 3473 1189 3528 auct.
1199 3463 1251 3528 fel.
1262 3485 1326 3528 ree.
1339 3464 1429 3529 dom.
1443 3463 1617 3529 Benedicti
1628 3485 1716 3549 pape
1726 3462 1806 3538 XII,

473 3578 525 3628 tan.
534 3573 588 3634 sub
602 3590 677 3653 exp.
690 3572 791 3653 preb,
803 3591 841 3632 ac
852 3578 939 3634 auct.
952 3577 1060 3633 restra
1077 3568 1110 3631 in
1121 3566 1485 3633 N0vi0111e11.ecuesiis
1496 3590 1569 3632 cun.
1587 3568 1737 3633 obtineat
1747 3573 1806 3633 sub

473 3682 527 3751 exp.
540 3677 628 3756 preb.
642 3693 682 3736 ac
698 3673 788 3754 dign.
800 3672 853 3735 rel
867 3692 951 3756 pers
964 3694 1022 3735 seu
1035 3671 1091 3736 ost'.
1104 3693 1132 3736 c.
1146 3693 1175 3736 c.
1186 3673 1239 3734 rel
1256 3693 1281 3736 s.
1299 3692 1326 3735 c.
1341 3712 1382 3718 —
1396 3669 1472 3735 Fiat
1484 3680 1520 3735 ut
1536 3671 1570 3735 in
1587 3673 1749 3757 proxima.
1767 3671 1806 3736 R.

505 3814 595 3875 1034.
625 3808 711 3874 Item
741 3808 890 3874 Roberto
913 3810 955 3874 de
972 3810 1127 3894 Corbeya
1143 3821 1163 3888 ⁴,
1181 3829 1267 3892 mag.
1284 3809 1317 3872 in
1334 3819 1396 3873 art.
1412 3816 1447 3873 et
1462 3811 1536 3872 bac.
1554 3810 1586 3872 in
1603 3810 1717 3888 theol,
1735 3829 1807 3872 can.

471 3913 539 3985 preb.
555 3914 585 3976 in
604 3914 685 3978 eccl.
704 3912 741 3976 B.
760 3911 890 3976 Mathei
909 3912 936 3976 F
938 3914 1147 3991 oilliucensiS,
1161 3913 1359 3976 Ambianen.
1375 3912 1473 3990 dioe,
1486 3911 1528 3975 de
1543 3911 1633 3995 dign.
1647 3913 1710 3975 vel.
1723 3932 1807 3995 pers,

471 4027 512 4075 seu
532 4017 584 4081 off.
612 4037 640 4081 c.
659 4038 686 4080 c.
712 4017 765 4079 rel
783 4038 807 4080 s.
826 4038 864 4094 c.,
881 4017 981 4081 etium
1008 4018 1032 4080 si
1058 4015 1100 4080 ad
1127 4015 1314 4100 hujusmodi
1331 4016 1419 4098 dign.
1433 4036 1491 4100 per
1506 4015 1706 4080 electionem
1730 4035 1808 4079 con-

471 4122 590 4184 sueverit
606 4120 680 4203 quis
696 4120 817 4184 assumi
832 4142 840 4198 ;
858 4121 950 4204 cujus
967 4121 1131 4184 fructus...
1154 4141 1190 4203 15
1209 4120 1263 4184 lib.
1280 4119 1357 4184 Tur.
1382 4139 1485 4203 parv,
1502 4138 1568 4184 sec.
1584 4126 1651 4183 tax.
1668 4118 1807 4194 decime,

470 4219 592 4286 valorem
618 4243 767 4286 annuum
789 4244 857 4286 non
874 4223 1049 4301 excedant,
1067 4233 1101 4287 et
1117 4222 1247 4287 etiamsi
1264 4222 1353 4305 dign.
1370 4233 1428 4287 aut
1442 4243 1532 4307 pers.
1554 4222 1608 4284 vel
1625 4221 1681 4287 off.
1698 4222 1809 4304 hujus·

470 4323 542 4388 modi
554 4326 702 4404 collatio,
719 4327 902 4390 secundum
914 4337 1039 4391 statuta
1057 4326 1292 4391 Lateranensis
1303 4327 1444 4406 concilii,
1460 4335 1517 4390 aut
1529 4326 1619 4404 aliaS,
1637 4325 1807 4390 adsedem

468 4439 553 4507 apost.
563 4430 605 4494 sit
622 4430 771 4513 legitime
788 4429 956 4506 devoluta,
974 4432 1000 4494 si
1017 4451 1091 4513 qua,
1109 4431 1162 4493 vel
1179 4430 1206 4493 si
1223 4428 1304 4512 quiS,
1322 4437 1379 4492 aut
1396 4429 1422 4493 si
1438 4428 1529 4512 quod
1546 4429 1578 4492 in
1594 4429 1713 4493 eadem
1726 4428 1807 4492 eccl.

469 4532 597 4596 racatad
614 4553 750 4618 presens
762 4534 815 4596 rel
827 4555 902 4598 curn
921 4534 1101 4613 vacaverit,
1118 4533 1299 4615 dignemini
1317 4532 1491 4617 prouidere
1507 4555 1514 4611 ;
1533 4553 1599 4596 non
1617 4534 1701 4597 obst.
1718 4530 1809 4613 quod

470 4646 524 4697 can.
545 4638 625 4702 eccl.
654 4637 684 4699 S.
711 4636 894 4701 Donatiaui
920 4636 1105 4720 Brugensis‚
1133 4635 1320 4701 Tornucen.
1344 4635 1441 4712 dioc,
1463 4636 1625 4714 obtineat,
1650 4637 1709 4699 sub
1733 4655 1807 4718 exp.

468 4737 549 4817 preb,
561 4749 594 4802 et
605 4738 696 4822 quod
711 4739 775 4804 aS.
793 4738 831 4804 l'.
848 4740 986 4823 gratiam
1004 4739 1159 4816 obtinuit,
1177 4747 1274 4823 prout
1291 4741 1332 4802 ab
1344 4738 1509 4821 aliquibus
1525 4739 1689 4816 asseritur,
1706 4757 1807 4819 quum

468 4829 595 4919 ignorat3
624 4862 792 4925 quamque
826 4864 872 4927 gr.
905 4843 1089 4928 exprimere
1116 4843 1226 4906 valeat
1264 4842 1297 4904 in
1333 4849 1444 4906 restra
1468 4842 1676 4920 cancellaria,
1705 4851 1740 4904 ut
1773 4839 1806 4902 in

468 4931 563 5008 litteris
578 4945 795 5010 conficiendis
810 4968 908 5033 super
924 4946 1068 5032 presenti
1086 4946 1191 5029 gratia
1208 4946 1381 5010 inseratur.
1401 4982 1434 4992 -
1457 4943 1531 5009 Fiat
1550 4943 1590 5009 R.

470 5054 705 5077 *—

494 5113 509 5159 l·
524 5114 579 5164 loir
590 5134 614 5166 n.
629 5120 666 5165 ll.
679 5145 709 5155 —
730 5122 753 5167 2.
777 5120 878 5169 llenille.
903 5121 937 5169 ll.
959 5122 1013 5177 595»,
1027 5121 1074 5165 597
1087 5135 1092 5168 :
1106 5121 1160 5165 roir
1172 5119 1229 5180 plus
1242 5119 1304 5166 baut
1317 5132 1341 5164 n.
1354 5119 1407 5166 517.
1422 5119 1476 5165 826.
1489 5144 1520 5154 -
1541 5117 1563 5163 3.
1577 5113 1682 5171 Debitio,
1704 5113 1737 5164 ΙΙ,
1751 5114 1808 5169 595..

470 5182 517 5243 ⁵⁹³3
528 5189 603 5251 nur,
615 5208 640 5241 n.
653 5195 708 5241 sn.
721 5221 752 5229 -
765 5196 787 5241 r.
802 5194 904 5244 unuin.
920 5193 952 5245 u.
967 5194 1020 5251 mr,
1033 5196 1086 5250 riu,
1100 5196 1156 5241 rur.
