4650 6059
488 766 544 830 178
995 766 1081 835 1344,
1104 764 1192 826 16-17
1215 764 1342 828 octobre.

488 918 661 983 affinitatis
676 919 863 1003 hujusmodi
879 939 948 983 non
965 920 1061 996 obst„
1077 915 1169 981 licite
1183 915 1312 1001 possint
1328 916 1360 980 in
1378 916 1425 980 sic
1442 924 1617 981 contracto
1632 919 1852 984 matrimonio

486 1044 669 1102 remanere,
680 1023 883 1109 dispensare,
892 1024 1022 1109 prolem
1032 1028 1221 1106 susceptam
1232 1040 1273 1084 ex
1283 1018 1376 1085 dicto
1386 1019 1600 1085 matrimonio
1611 1014 1851 1106 legitimantes.

487 1169 531 1176 —
558 1127 636 1192 Fiat
659 1146 718 1212 per
743 1126 969 1207 diocesanum‚
997 1125 1075 1211 ipsis
1101 1124 1145 1190 ad
1170 1131 1304 1209 tempus
1329 1124 1502 1209 separatis,
1532 1131 1568 1188 et
1591 1124 1741 1208 injuncta
1762 1128 1851 1191 bona

487 1231 683 1316 penitentia,
710 1239 745 1295 et
769 1230 860 1315 quod
885 1238 1065 1295 teneantur
1084 1248 1187 1292 unam
1203 1227 1322 1312 capell.
1337 1227 1456 1292 dotare
1472 1234 1506 1292 et
1522 1227 1660 1292 fundare
1676 1228 1719 1293 de
1737 1250 1778 1294 20
1794 1232 1850 1295 lib.

488 1335 589 1398 annui
607 1334 755 1399 redditus
771 1334 854 1398 infra
869 1334 1051 1399 biennium.
1069 1332 1109 1398 R.

533 1438 611 1502 Dat.
627 1438 727 1502 Avin.
746 1456 763 1520 7
781 1438 824 1503 id.
840 1444 907 1503 oct.
923 1445 956 1502 a⁰
973 1445 1014 1521 3⁰.
1032 1437 1080 1519 (7,
1102 1436 1167 1520 14).

538 1602 645 1682 741.
1497 1633 1591 1696 1344,
1609 1614 1651 1677 16
1667 1615 1806 1679 octobre.

530 1720 694 1804 Diguetur
721 1720 752 1785 S.
769 1719 808 1784 V.
825 1716 1012 1784 concedere
1036 1716 1287 1801 Thyllemanno
1313 1716 1355 1781 de
1379 1715 1541 1780 Rosseme
1557 1725 1576 1795 ¹,
1593 1716 1670 1780 cler.
1689 1715 1850 1781 Leodien.

485 1824 582 1903 dioc.,
595 1824 759 1909 receptori
772 1823 857 1907 regis
874 1820 1013 1886 Boemie
1029 1820 1062 1884 in
1078 1819 1242 1885 comitatu
1259 1819 1540 1902 Lucemburgensi
1554 1826 1589 1883 et
1602 1817 1850 1905 Mathildi,ejus

484 1928 588 2007 uxori,
609 1927 692 2013 [ind.
711 1927 755 1991 in.
772 1934 832 1991 art.
848 1923 964 2009 mort]
985 1964 1023 1973 -
1043 1922 1119 1988 Fiat
1136 1923 1177 1989 R.

529 2032 608 2096 Dat.
625 2032 724 2096 Aiin.
745 2050 782 2114 17
798 2029 866 2094 kal.
882 2049 960 2094 nov.
976 2036 1010 2093 a⁰
1027 2036 1068 2112 3⁰.
1086 2032 1132 2107 (7,
1158 2034 1238 2109 22').

537 2192 650 2273 742.
1494 2224 1589 2288 1344,
1607 2205 1649 2303 τό
1664 2209 1802 2272 octobre.

530 2311 631 2395 Supp.
644 2308 852 2372 Willenneta
876 2306 918 2372 de
943 2305 1152 2387 Molendino,
1168 2328 1295 2394 pauper
1318 2308 1429 2392 puella
1457 2306 1624 2373 Morineu.
1640 2310 1738 2392 dioc.,
1755 2324 1847 2396 quat.

485 2414 591 2499 ipsam
613 2413 647 2477 in
670 2412 828 2497 hospitali
844 2433 1029 2497 pauperum
1046 2411 1084 2477 B.
1102 2409 1151 2476 M.
1168 2412 1211 2477 de
1226 2411 1392 2491 Tomac0,
1409 2411 1501 2478 dicto
1518 2412 1713 2479 Hostelaria
1730 2412 1769 2479 B.
1787 2413 1847 2496 M„

470 2525 575 2601 auct.
604 2525 712 2601 apost.
736 2515 837 2600 recipi
855 2515 984 2580 faciatis
1000 2515 1033 2579 in
1050 2535 1209 2595 sororem,
1225 2516 1352 2600 sibique
1375 2514 1526 2580 habitum
1543 2518 1738 2601 regularem,
1752 2519 1848 2603 juxta

485 2620 588 2704 ipsius
618 2619 794 2705 hospitalis
824 2619 1113 2699 consuetudinem,
1159 2618 1306 2684 exhiberi
1338 2627 1372 2683 et
1402 2618 1445 2684 de
1475 2620 1708 2685 communibus
1746 2622 1847 2707 ipsius

485 2724 659 2810 hospitalis
676 2723 903 2810 proventibus,
919 2722 1004 2787 sicut
1021 2722 1077 2786 uni
1093 2744 1135 2786 ex
1151 2723 1223 2787 aliis
1237 2721 1318 2787 dicti
1335 2721 1511 2808 hospitalis
1526 2723 1700 2804 sororibus
1717 2723 1846 2809 integre

484 2828 662 2912 provideri,
679 2847 821 2910 eamque
843 2826 967 2892 ibidem
984 2827 1112 2892 sincera
1128 2826 1162 2891 in
1179 2826 1326 2891 Domino
1342 2827 1480 2892 caritate
1496 2828 1632 2893 tractari
1648 2851 1656 2907 ;
1673 2849 1744 2893 non
1761 2831 1845 2894 obst.

484 2932 747 3015 quibuscumque
757 2931 932 3011 statutis...
943 2951 1078 2996 omnem
1090 2929 1260 2995 defectum
1275 2930 1438 3015 presentis
1453 2931 1717 3015 supplicationis
1729 2932 1756 2996 si
1774 2934 1846 3015 quis

483 3035 615 3114 existat,
631 3055 690 3119 per
713 3035 949 3099 cancellariam
966 3034 996 3098 S.
1013 3032 1053 3098 V.
1069 3032 1271 3099 mandantes
1285 3054 1345 3119 per
1359 3034 1473 3099 omnia
1489 3035 1606 3119 corrigi
1630 3044 1665 3099 et
1676 3038 1822 3121 suppleri
1836 3060 1844 3116 ;

484 3159 559 3202 cum
571 3138 782 3222 appositioet
791 3137 1000 3221 depositio,si
1011 3135 1081 3201 fore
1090 3136 1248 3217 facerent,
1259 3157 1407 3201 sororum
1419 3136 1499 3202 dicti
1510 3138 1685 3224 hospitalis
1694 3140 1846 3205 totaliter

483 3242 650 3325 pertineat
663 3241 706 3306 ad
718 3241 790 3305 dec.
803 3250 837 3305 et
848 3241 1033 3325 capitulum
1056 3241 1137 3305 eccl.
1160 3240 1359 3320 Tomacen.,
1373 3241 1445 3325 jure
1461 3239 1548 3305 sedis
1564 3250 1672 3325 apost.
1688 3241 1722 3305 in
1739 3243 1846 3307 omni-

482 3347 544 3407 bus
559 3346 661 3423 salvo,
676 3343 719 3409 ad
729 3345 899 3409 servitium
912 3364 1095 3428 pauperum
1112 3343 1260 3427 ejusdem
1275 3344 1450 3430 hospitalis
1465 3343 1700 3429 deputatarum
1717 3368 1725 3424 ;
1748 3354 1783 3410 et
1803 3348 1845 3410 sit

483 3448 605 3511 ibidem
622 3448 724 3511 etiam
740 3449 898 3531 magister
914 3447 1109 3512 hostelarius
1124 3448 1214 3513 dicte
1229 3448 1407 3513 bostelarie
1423 3455 1457 3512 et
1473 3448 1636 3532 priorissa.
1658 3485 1690 3495 -
1717 3446 1795 3513 Fiat
1812 3449 1844 3514 in

482 3551 599 3616 forma.
618 3551 657 3616 R.
674 3551 787 3616 Gratis
802 3572 862 3636 pro
879 3551 963 3617 Deo.
985 3589 1017 3598 -
1035 3550 1113 3617 Fiat
1129 3551 1169 3618 R.

527 3654 605 3720 Dat.
622 3656 722 3720 Avin.
743 3674 780 3738 17
796 3655 863 3719 kal.
880 3676 957 3720 nov.
974 3663 1007 3720 a⁰
1025 3664 1066 3739 3⁰.
1084 3657 1132 3738 (7,
1150 3657 1217 3737 26).

535 3810 649 3894 743.
1491 3842 1585 3905 1344,
1603 3842 1643 3905 17
1659 3824 1798 3887 octobre.

528 3928 617 4012 Sign.
646 3926 806 3992 Beraldus
834 3926 1005 4010 Dalphini‚
1041 3924 1131 3990 dom.
1163 3923 1331 4005 Mercurii,
1361 3925 1451 4008 quod
1481 3946 1569 4009 mag.
1600 3925 1774 4011 Philippus
1800 3925 1843 3991 de

484 4030 664 4109 Volandre,
681 4031 760 4095 olim
777 4049 850 4114 cap.
867 4029 985 4113 capell.
1001 4029 1044 4094 de
1062 4027 1205 4107 Hames,
1221 4029 1308 4094 dioc.
1324 4031 1546 4108 Attrebaten„
1563 4028 1707 4094 eandem
1724 4030 1843 4115 capell.

484 4155 560 4198 cum
577 4154 643 4196 una
659 4134 812 4217 portione
835 4132 986 4217 parroch.
1000 4134 1081 4199 eccl.
1104 4132 1281 4217 Eynensis,
1304 4133 1492 4198 Tomacen.
1515 4133 1612 4212 dioc.,
1637 4153 1739 4216 quam
1761 4143 1843 4199 tunc

483 4239 621 4299 tenebat
648 4234 820 4311 Johannes
835 4235 878 4300 de
894 4235 1087 4321 Vironvayo
1103 4246 1122 4317 ²,
1139 4236 1424 4301 consentientibus
1451 4237 1601 4322 patronis
1627 4257 1666 4301 ac
1690 4237 1841 4302 locorum

483 4337 666 4416 ordinariis,
682 4339 794 4417 libere,
807 4339 919 4403 debite
932 4348 966 4403 et
978 4340 1140 4405 canonice
1152 4340 1365 4425 permutavit,
1378 4349 1412 4403 et
1422 4341 1637 4425 postmodum
1650 4341 1840 4425 portionem

484 4441 585 4526 ipsius
602 4443 683 4506 eccl.
699 4442 761 4506 fuit
777 4449 949 4506 assecutus
959 4452 993 4507 et
1004 4464 1078 4509 can.
1089 4465 1109 4508 a
1120 4453 1250 4530 septem
1261 4443 1512 4508 annisobtinuit
1524 4442 1664 4528 pacifice
1679 4452 1715 4507 et
1731 4442 1841 4509 adhuc

482 4544 632 4608 noscitur
657 4546 816 4609 obtinere.
845 4544 932 4626 Quia
959 4554 1071 4611 tamen
1103 4548 1245 4628 dubitat,
1276 4548 1356 4612 licet
1385 4567 1454 4610 non
1484 4545 1609 4625 credat,
1637 4545 1728 4630 quod
1750 4545 1841 4612 dicta

482 4648 679 4713 beneficia...
699 4648 836 4733 [fuerint
852 4649 1083 4734 reservata]...,
1101 4672 1196 4737 supp.
1213 4659 1304 4735 quat.
1320 4650 1603 4735 permutationem
1621 4648 1842 4735 predictam...

480 4752 663 4835 dignemini
681 4754 874 4836 approbare.
896 4789 928 4799 —
950 4750 1028 4815 Fiat
1043 4753 1068 4815 si
1087 4754 1168 4818 alias
1183 4756 1245 4820 rite
1262 4755 1350 4819 sacta
1368 4754 1410 4819 sit
1428 4753 1468 4818 R.

526 4855 605 4920 Dat.
622 4857 719 4921 Aviu.
737 4862 772 4920 16
790 4855 857 4921 kal.
873 4878 951 4921 nov.
968 4865 1001 4920 a⁰
1019 4864 1060 4939 3⁰.
1078 4860 1125 4940 (7,
1144 4861 1209 4941 24).

514 5095 535 5141 l.
549 5094 584 5140 Oe
595 5091 650 5140 doit
662 5092 715 5140 atre
727 5108 755 5140 ce
768 5093 884 5141 Thilman
905 5094 937 5141 de
959 5094 1060 5142 Rosmel
1080 5094 1242 5158 (illamam),
1260 5099 1303 5156 qui
1323 5099 1401 5157 ligure
1413 5100 1433 5144 si
1446 5101 1554 5146 souveut
1566 5110 1665 5144 comme
1677 5110 1800 5144 receveur
1811 5098 1843 5146 dc

479 5173 591 5222 l'evdche
603 5174 634 5220 de
649 5172 723 5233 Liege
736 5175 875 5235 (Ponceleh
892 5175 916 5221 F
916 5176 969 5235 ieje,
984 5178 1088 5238 passim)
1100 5193 1105 5232 ;
1117 5178 1150 5226 ci.
1167 5179 1231 5227 Mon.
1248 5179 1301 5226 Vol.
1315 5179 1384 5237 aaa,
1399 5180 1417 5233 1,
1432 5194 1456 5230 n.
1468 5182 1522 5228 256.
1534 5208 1565 5214 -
1577 5182 1599 5228 2.
1612 5178 1676 5226 Voir
1687 5191 1712 5227 n.
1727 5180 1782 5226 122.
