4650 6059
482 785 520 849 62
1003 782 1090 855 1348,
1114 783 1181 847 6-10
1203 780 1319 847 ferrier.

530 935 651 1019 300.
1525 964 1620 1029 1345,
1631 944 1801 1033 dfeurier.

525 1053 579 1116 8¹¹¹e
587 1051 694 1115 Pater.
706 1050 790 1115 Cum
804 1052 835 1116 S.
850 1051 889 1116 V.
902 1058 998 1115 motu
1008 1049 1143 1135 proprio
1156 1048 1336 1114 contulerit
1345 1048 1448 1114 michi
1460 1047 1480 1126 J
1483 1048 1607 1114 ohanni
1617 1049 1660 1113 de
1671 1048 1815 1114 Pistorio
1824 1059 1841 1124 ¹,

481 1156 558 1219 farn.
575 1163 697 1234 vestro,
714 1156 865 1238 parroch.
881 1155 961 1220 eccl.
977 1152 1019 1217 de
1037 1152 1182 1217 Markou
1194 1166 1215 1232 ²,
1233 1150 1389 1217 Leodien.
1406 1151 1500 1232 dioc,
1516 1160 1597 1217 tunc
1613 1151 1647 1216 in
1664 1150 1762 1218 Rom.
1779 1172 1842 1219 cur.

481 1280 564 1339 vac,
580 1280 680 1342 quam
698 1258 735 1322 R.
752 1258 789 1324 P.
805 1259 895 1325 dom.
911 1257 1129 1345 A[nibaldus]
1137 1274 1157 1339 ³,
1175 1257 1275 1343 episc.
1292 1256 1509 1336 Tusculanus,
1525 1256 1560 1321 in
1575 1276 1680 1341 regno
1704 1254 1843 1323 Francie

480 1373 515 1429 et
529 1363 650 1447 Anglie
665 1371 770 1448 apost.
787 1362 873 1428 sedis
888 1362 1033 1441 nuntius,
1050 1369 1150 1426 antea
1177 1361 1366 1425 contulerat
1381 1358 1514 1424 Thome
1529 1358 1571 1424 de
1586 1357 1686 1425 Tullo
1702 1360 1790 1439 cler,
1809 1369 1843 1424 et

480 1488 557 1534 cum
572 1468 661 1532 dicta
677 1467 757 1532 eccl.
773 1467 815 1531 sit
831 1466 894 1531 sita
918 1474 1012 1531 extra
1028 1485 1128 1550 regna
1152 1464 1312 1550 predicta,
1329 1471 1363 1529 et
1388 1462 1529 1529 excedat
1557 1462 1590 1528 in
1614 1464 1731 1528 valore
1756 1483 1843 1528 sum·

480 1593 570 1637 mam
590 1590 626 1655 15
643 1571 699 1636 lib.
715 1570 804 1649 Tur,
821 1577 1016 1636 contentam
1033 1569 1066 1632 in
1083 1568 1202 1632 litteris
1218 1576 1323 1652 apost.
1339 1587 1439 1653 super
1453 1567 1624 1632 beneficiis
1634 1565 1845 1633 conferendis

479 1679 565 1742 intra
590 1676 673 1741 fines
696 1674 872 1759 legationis
896 1672 998 1758 ipsius
1024 1672 1114 1737 dom.
1145 1671 1347 1751 cardinalis;
1373 1671 1528 1756 dignetur
1558 1670 1587 1735 S.
1613 1670 1650 1735 V.
1675 1670 1846 1743 declarare

480 1781 701 1846 intentionem
717 1785 863 1842 vestram
879 1777 913 1840 in
929 1775 1106 1861 premissis,
1123 1783 1158 1840 et
1178 1783 1290 1840 utrum
1315 1776 1409 1840 valor
1432 1774 1622 1840 reddituum
1647 1772 1738 1840 dicte
1762 1774 1844 1839 eccl.

480 1883 610 1961 debeat,
628 1891 686 1947 aut
701 1902 764 1947 sec.
780 1888 845 1945 tax.
862 1878 1002 1958 decime,
1018 1898 1077 1943 seu
1092 1898 1154 1943 sec.
1172 1878 1262 1963 quod
1277 1878 1357 1944 alias
1379 1900 1441 1964 pro
1456 1879 1536 1965 ipsis
1559 1886 1611 1943 est
1625 1898 1686 1963 pro
1713 1876 1844 1943 decima

481 1985 695 2071 persolutum,
713 1985 767 2048 vel
782 2005 848 2049 sec.
864 2004 980 2047 verum
1005 1983 1152 2047 valorem
1178 1982 1386 2068 computari3
1412 2003 1489 2048 cum
1514 1982 1596 2048 dicti
1619 1981 1795 2059 Johannes
1809 1990 1845 2046 et

479 2090 627 2155 Thomas
642 2088 676 2152 in
693 2095 805 2153 vestro
820 2108 914 2152 sacro
930 2087 1055 2173 palatio
1071 2107 1185 2152 coram
1200 2086 1290 2152 dom.
1307 2086 1408 2153 Petro
1424 2085 1614 2165 Alemanni,
1631 2104 1702 2170 cap.
1718 2091 1842 2162 vestro,

479 2201 514 2257 et
530 2193 631 2278 ipsius
646 2189 883 2276 sacri[palatii]
902 2211 1075 2256 causarum
1084 2190 1245 2269 auditore,
1258 2190 1390 2275 litigent
1399 2191 1441 2256 de
1457 2191 1536 2256 eccl.
1547 2187 1746 2275 supradicta,
1763 2187 1843 2253 etin

481 2297 551 2382 ipsa
567 2316 665 2361 causa
681 2315 784 2378 usque
800 2294 843 2358 ad
858 2294 1032 2359 dationem
1047 2294 1149 2359 libelli
1167 2294 1328 2359 inclusive
1343 2294 1493 2359 extiterit
1504 2294 1575 2379 jam
1585 2312 1790 2379 processum,
1806 2300 1844 2356 ut

481 2399 589 2463 eidem
614 2398 664 2462 liti
689 2398 764 2463 finis
790 2399 888 2464 citius
914 2406 1109 2484 apponatur.
1137 2440 1180 2447 —
1206 2399 1422 2464 Declaramus
1444 2407 1593 2464 nostram
1618 2395 1845 2462 intentionem

481 2501 578 2566 fuisse
595 2509 629 2565 et
645 2522 716 2565 esse
731 2501 773 2566 de
788 2501 959 2567 beneficiis
974 2502 1096 2566 taxatis
1111 2522 1215 2585 usque
1231 2501 1275 2567 ad
1290 2522 1455 2566 summam
1478 2521 1514 2586 15
1537 2501 1591 2566 lib.
1607 2499 1682 2565 Tur.
1700 2518 1765 2565 sec.
1776 2506 1846 2563 tax.

480 2605 610 2670 decime
624 2628 632 2684 ;
648 2605 691 2670 de
706 2626 774 2671 non
791 2605 914 2669 taxatis
928 2613 1042 2669 autem
1057 2604 1101 2669 ad
1115 2605 1291 2686 decimam,
1304 2604 1347 2669 de
1361 2605 1425 2670 hiis
1440 2625 1505 2690 que
1520 2625 1589 2670 non
1599 2603 1768 2669 excedunt
1777 2621 1845 2667 sec.

481 2729 695 2773 communem
711 2709 860 2773 valorem
877 2728 1043 2772 summam
1064 2727 1099 2792 15
1117 2709 1182 2789 lib,
1198 2709 1240 2774 de
1257 2708 1320 2773 hiis
1335 2717 1448 2774 autem
1464 2729 1530 2794 que
1545 2708 1619 2793 plus
1631 2706 1747 2771 valent
1758 2725 1844 2770 nun-

481 2832 582 2895 quam
597 2820 711 2878 nostra
726 2812 870 2877 intentio
886 2812 968 2892 fuit3
988 2821 1023 2877 et
1038 2813 1103 2878 hoc
1129 2814 1329 2897 generaliter
1354 2813 1465 2897 quoad
1489 2832 1606 2877 omnes
1631 2811 1762 2895 legatos
1788 2809 1844 2874 vel

482 2915 616 2981 nuntios
631 2916 717 2981 sedis
732 2927 847 3002 apost,
864 2916 982 3001 quibus
997 2917 1100 2982 talem
1115 2917 1257 3000 gratiam
1274 2916 1422 2997 fecimus,
1438 2913 1789 2982 declaramus—Fiat
1805 2910 1846 2978 R

525 3019 600 3084 Dat.
617 3020 715 3085 Avin.
733 3022 751 3084 8
768 3019 809 3086 id.
825 3020 903 3086 febr.
920 3028 954 3085 a⁰
974 3028 1011 3086 1⁰.
1029 3022 1080 3105 (2,
1098 3022 1179 3104 21').

532 3167 643 3250 301.
1520 3198 1614 3263 1345,
1630 3180 1652 3243 8
1657 3179 1802 3267 ferrier.

525 3284 624 3368 Supp.
641 3282 842 3348 Gaucelmus
857 3295 877 3364 ⁴,
894 3284 992 3369 episc.
1008 3285 1217 3365 Albanensis,
1248 3292 1335 3369 quat.
1360 3282 1519 3368 [Johanni
1551 3281 1698 3364 Gerardi,
1722 3285 1846 3369 presb]

485 3385 659 3451 Mimaten.
675 3385 770 3467 dioc,
786 3388 935 3472 parroch.
958 3389 1038 3453 eccl.
1055 3388 1083 3452 S.
1100 3388 1234 3453 Andree
1259 3388 1301 3453 dc
1327 3387 1570 3475 Rupepertusii,
1590 3386 1724 3453 Uticen.
1748 3388 1845 3468 dioc,

483 3490 633 3556 conferre
648 3489 840 3575 dignemini,
856 3513 924 3558 non
941 3496 1023 3558 obst.
1041 3493 1131 3578 quod
1146 3514 1216 3558 can.
1233 3503 1268 3558 et
1282 3496 1372 3579 preb.
1383 3494 1417 3557 in
1429 3494 1509 3558 eccl.
1522 3491 1557 3556 Β.
1570 3489 1665 3556 Mne
1678 3488 1845 3567 Messinm,

485 3592 649 3658 Morinen.
666 3592 761 3674 dioc,
777 3596 925 3662 noscitur
940 3598 1099 3662 obtinere.
1115 3638 1158 3647 —
1175 3596 1252 3662 Fiat
1269 3596 1306 3662 R.

436 3724 445 3747 x
527 3697 606 3762 Dat.
620 3696 718 3762 Avin.
736 3702 754 3761 6
770 3699 813 3765 id.
830 3699 907 3765 febr.
923 3709 956 3765 a⁰
976 3707 1033 3766 1⁰⁸.
1051 3702 1101 3785 (2,
1118 3701 1192 3785 η).

535 3845 785 3930 302-306.
1499 3861 1802 3947 annosam.

527 3964 625 4049 Supp.
644 3962 1062 4050 [Guillelmus],Hanonie,
1075 3964 1268 4046 Hollandie,
1278 3966 1435 4032 Zelandie
1446 3962 1720 4046 comesacdom.
1731 3962 1846 4044 Frisie,

483 4075 573 4150 quat.
585 4069 669 4153 [cap.
680 4088 739 4133 suo
749 4067 940 4152 Wigghero,
952 4069 1021 4133 filio
1037 4067 1209 4148 Gherardi,
1225 4072 1346 4155 presb]
1355 4070 1540 4154 Trajecten.
1551 4068 1658 4149 dioc.⁵,
1671 4088 1715 4152 gr.
1731 4066 1847 4152 digne-

483 4170 564 4233 mini
582 4171 689 4235 facere
704 4171 746 4235 de
762 4192 833 4236 can.
851 4179 885 4236 et
895 4175 985 4257 preb.
996 4173 1075 4238 eccl.
1086 4173 1116 4237 S.
1128 4172 1514 4257 Salvatorisl'rajecten,
1529 4171 1615 4258 [vac.
1632 4171 1694 4236 vel.
1705 4169 1843 4256 vacat.,]

439 4317 444 4327 .
484 4292 583 4354 quam
600 4274 688 4337 idem
705 4274 835 4339 duxerit
849 4276 1091 4360 acceptandam
1101 4299 1109 4355 ;
1120 4297 1189 4341 non
1201 4278 1284 4340 obst.
1295 4275 1385 4359 quod
1400 4276 1546 4341 mediam
1556 4283 1686 4360 partem
1696 4274 1845 4360 parroch.

483 4377 562 4441 eccl.
579 4376 620 4440 de
644 4376 829 4457 Boccbout,
853 4399 988 4444 necnon
1010 4382 1127 4465 capell.
1152 4380 1181 4444 S.
1208 4380 1322 4445 Crucis
1347 4381 1379 4444 in
1405 4382 1483 4445 eccl.
1506 4379 1738 4459 Dordracensi,
1755 4378 1846 4444 dicte

483 4479 669 4565 Trajecten.
686 4482 780 4562 dioc,
797 4503 879 4566 quas
894 4491 971 4567 post
989 4484 1146 4569 adeptam
1168 4486 1331 4568 integram
1352 4492 1386 4549 et
1404 4484 1580 4571 pacificam
1598 4482 1844 4568 possessionem

482 4584 648 4649 dictorum
685 4606 756 4650 can.
783 4595 819 4651 et
844 4590 935 4672 preb.
964 4587 1129 4672 resignare
1157 4599 1291 4673 paratus
1317 4597 1377 4669 est,
1410 4589 1594 4655 dinoscitur
1617 4588 1777 4653 obtinere.
1802 4612 1862 4635 -·

485 4686 561 4752 Fiat
581 4687 619 4752 R.

515 4876 544 4936 u)
556 4876 596 4922 Eu
608 4892 695 4934 margo
706 4892 739 4922 ou
752 4878 782 4924 lit
798 4877 956 4926 :concellata
968 4880 1030 4941 quia
1043 4882 1176 4943 replebam
1189 4884 1224 4926 eal
1240 4878 1304 4926 ‘tlibi
1319 4880 1344 4926 in
1357 4878 1452 4927 meliori
1458 4880 1554 4940 surum

520 5064 540 5109 l.
554 5061 615 5107 Vor'r
626 5076 650 5107 n.
665 5063 718 5107 171.
732 5090 762 5096 —
774 5065 796 5110 2.
812 5063 910 5124 Knseh,
923 5064 990 5121 Ir'vll,
1003 5067 1056 5124 270,
1070 5066 1124 5114 278.
1136 5092 1150 5098 —
1163 5094 1169 5098 -
1187 5066 1208 5111 3.
1222 5065 1333 5112 Anibuld
1344 5065 1376 5112 de
1389 5064 1510 5112 Ccucano,
1522 5093 1553 5098 --
1566 5064 1587 5111 4.
1600 5062 1724 5112 Gaucelin
1736 5063 1769 5112 de
1780 5062 1844 5112 «leon

486 5134 660 5195 (EubeLl,34)
677 5134 742 5181 dout
755 5150 787 5181 on
803 5151 818 5183 a
834 5136 880 5183 fail
900 5140 915 5183 ri
931 5143 983 5185 tort
1000 5153 1034 5185 uu
1051 5154 1132 5187 neveu
1144 5138 1176 5186 de
1192 5139 1256 5186 Joau
1275 5138 1375 5197 xxss3
1391 5138 1424 5186 cf.
1434 5138 1498 5185 Albe
1508 5137 1616 5199 (Annal.
1628 5137 1659 5185 de
1674 5137 1701 5186 S.
1713 5136 1793 5186 Leuis
1803 5135 1845 5184 des

486 5208 619 5269 Franfau,
633 5216 650 5255 t,
664 5209 824 5270 v11(1903),
839 5211 964 5272 loo-162).
992 5240 1007 5245 -
1019 5216 1041 5260 ι’).
1055 5212 1137 5270 Brorn,
1150 5228 1176 5262 n.
1190 5214 1259 5260 1058.
