4650 6059
930 787 1129 862 1343,.18-20
1148 787 1259 868 juna
1392 846 1394 851 .
1739 792 1780 857 aa

386 960 497 1019 men„
516 961 563 1006 ac
580 940 627 1005 de
645 938 823 1007 Melbodio
838 949 872 1005 et
887 939 930 1005 de
946 938 1112 1019 Condeto,
1129 938 1348 1005 Cameracen.
1373 940 1471 1020 dioc,
1489 942 1572 1005 etin
1589 941 1620 1006 S.
1639 941 1779 1008 Bartho-

390 1045 501 1110 lomei
520 1043 692 1111 Leodien.
719 1066 796 1111 can.
823 1053 857 1110 et
871 1048 964 1131 preb.
981 1065 1022 1110 ac
1038 1045 1072 1109 in
1085 1043 1303 1110 Cameracen.
1319 1045 1402 1110 eccl.
1419 1065 1491 1110 can.
1508 1048 1569 1110 sub
1595 1066 1671 1131 exp.
1687 1051 1779 1132 preb.

391 1149 557 1214 noscitur
572 1149 737 1214 obtinere.
759 1186 792 1197 -
814 1147 890 1214 Fiat
906 1148 949 1214 ad
969 1150 1078 1214 coll...
1099 1149 1202 1234 episc.
1226 1148 1443 1213 Cameracen.
1470 1169 1574 1232 usque
1601 1148 1643 1214 ad
1667 1151 1780 1232 701ib.

395 1253 692 1337 emwscR

442 1399 533 1458 417.
552 1391 644 1457 Item
659 1413 755 1478 supp.
772 1412 833 1478 pro
849 1392 950 1457 Petro
965 1391 1007 1457 de
1024 1390 1239 1457 Ruremunde
1256 1402 1275 1470 ¹,
1292 1396 1400 1477 presb.
1414 1391 1573 1459 Leodien.
1590 1395 1687 1476 dioc,
1701 1405 1739 1462 ut
1751 1396 1780 1460 ei

397 1496 443 1560 de
458 1499 545 1561 ben.
562 1497 647 1561 eccl.
664 1496 709 1561 ad
724 1497 800 1562 coll.
817 1498 891 1561 abb.
908 1505 943 1560 et
958 1505 1103 1561 monast.
1123 1494 1382 1581 Eptemacensis
1397 1497 1578 1581 dignemini
1596 1500 1780 1585 providere,

399 1621 473 1665 non
500 1603 594 1666 obst.
619 1600 710 1685 quod
740 1601 893 1686 parroch.
924 1601 1007 1665 eccl.
1034 1601 1077 1665 de
1103 1600 1208 1664 veteri
1227 1599 1416 1684 Bettingen,
1433 1600 1611 1666 Treveren.
1628 1603 1725 1682 dioc,
1748 1611 1782 1667 et

400 1705 531 1790 oepell.
547 1703 588 1768 Β.
607 1702 656 1769 Μ.
672 1704 904 1789 TrajectensiS,
916 1702 1076 1769 Leodien.
1092 1704 1191 1784 dioc,
1206 1704 1356 1769 noscitur
1371 1705 1533 1769 obtinere.
1545 1744 1589 1754 -
1602 1705 1680 1771 Fiat
1697 1705 1738 1772 R.

449 1848 541 1909 418.
558 1840 648 1906 Item
661 1861 757 1927 supp.
767 1861 829 1926 pro
838 1840 1009 1906 Willelmo
1023 1840 1066 1905 de
1077 1840 1286 1925 Wasinberg,
1299 1841 1426 1907 famulo
1438 1841 1670 1922 su0,Leodien.
1683 1843 1780 1925 dioc,

404 1956 443 2011 ut
460 1946 492 2010 ei
510 1945 556 2009 de
571 1948 664 2031 preb.
680 1965 739 2009 seu
755 1944 868 2010 officio
890 1945 1001 2010 laicali
1018 1945 1099 2010 eccl.
1116 1945 1148 2009 S.
1166 1943 1290 2009 Florini
1307 1945 1340 2008 in
1364 1944 1585 2025 Confluentia,
1602 1947 1780 2014 Treveren.

403 2049 510 2128 dioc,
528 2048 711 2132 dignemini
728 2047 912 2133 providere.
934 2084 966 2094 -
988 2044 1066 2111 Fiat
1077 2045 1117 2110 R.

453 2153 540 2217 Dat.
555 2172 610 2237 ap.
627 2151 878 2216 Villamnovam
899 2168 935 2233 17
951 2148 1016 2213 kal.
1034 2169 1106 2234 aug.
1123 2157 1156 2214 a⁰
1174 2157 1214 2214 2⁰.
1230 2153 1278 2231 (5,
1296 2154 1362 2234 95).
1388 2151 1390 2156 ⁴

460 2290 714 2373 419-420.
1452 2323 1546 2387 1343,
1565 2305 1606 2366 18
1615 2300 1739 2382 juillet.

454 2411 560 2496 Supp.
574 2408 707 2487 Daniel,
724 2406 825 2493 episc.
841 2405 985 2470 Verden.
996 2423 1017 2483 ²,
1034 2425 1095 2490 pro
1115 2404 1284 2488 Volquino
1312 2405 1468 2490 l'olquini
1485 2406 1528 2471 de
1546 2406 1682 2491 Ulpich,
1705 2405 1782 2469 cler.

412 2536 482 2594 suo,
499 2512 677 2579 Colonien.
694 2512 792 2590 dioc,
804 2519 840 2575 ut
857 2511 884 2573 ei
902 2510 944 2576 de
957 2531 1030 2575 can.
1046 2518 1081 2574 et
1092 2513 1184 2595 preb.
1201 2509 1240 2575 B.
1258 2507 1295 2573 M
1301 2561 1307 2574 .
1321 2510 1495 2594 Aquensis,
1510 2508 1671 2575 Leodien.
1684 2508 1781 2588 dioc,

412 2616 597 2701 dignemini
617 2614 804 2701 proiidere.
826 2651 858 2661 -
880 2612 957 2678 Fiat
973 2612 1014 2678 R.

454 2761 546 2821 420.
564 2752 653 2819 Item
670 2774 766 2839 supp.
782 2773 844 2838 pro
860 2752 1002 2817 Daniele
1029 2750 1162 2817 Gerlaci
1189 2752 1232 2817 de
1260 2749 1381 2817 Monte
1406 2751 1443 2815 B.
1461 2751 1511 2830 V,
1528 2751 1685 2817 scutifero
1712 2771 1782 2830 su0,

415 2858 591 2925 Colonien.
607 2856 706 2937 dioc,
723 2862 759 2921 ut
776 2857 805 2920 ei
822 2856 864 2921 de
879 2859 971 2942 preb.
988 2875 1045 2919 seu
1062 2854 1118 2920 off.
1145 2856 1256 2920 laicali
1272 2857 1354 2922 eccl.
1371 2856 1403 2920 S.
1431 2856 1571 2921 Sertatii
1589 2856 1782 2939 'l'rajecten

363 3029 365 3036 ,
416 2963 467 3042 sis,
483 2961 649 3028 Leodien.
666 2962 765 3041 dioc,
781 2960 962 3045 dignemini
979 2960 1164 3045 providere.
1187 2997 1218 3007 -
1240 2959 1317 3025 Fiat
1336 2960 1375 3025 R.

363 3061 364 3108 i
458 3067 535 3132 Dat
552 3087 606 3150 ap.
623 3064 872 3131 Villamnoram
894 3084 930 3147 17
947 3063 1012 3128 kal.
1029 3084 1101 3147 aug.
1119 3074 1152 3127 a‘'
1171 3073 1210 3128 2⁰.
1227 3066 1274 3146 (5,
1293 3067 1374 3147 120).
1476 3057 1478 3061 ’

465 3207 576 3285 421.
1458 3234 1552 3296 1343.
1568 3235 1582 3275 1
1590 3232 1608 3294 7
1615 3212 1699 3291 juill
1709 3220 1738 3277 ²2.

456 3325 559 3408 Supp.
578 3319 767 3384 Bernardus
786 3318 904 3401 ligitlii,
933 3319 1054 3401 hospes
1070 3318 1101 3380 in
1120 3318 1324 3402 Perpiniano
1342 3317 1381 3381 R.
1400 3317 1435 3380 P.
1453 3318 1543 3382 dom.
1561 3317 1783 3381 'l'oruacensis

419 3433 491 3492 bon.
505 3447 608 3491 mem.
623 3424 653 3487 S.
674 3423 711 3486 R.
725 3423 762 3486 ll.
774 3422 863 3486 card.
880 3431 889 3464 ³
906 3421 1177 3503 consiliariusque
1194 3421 1311 3497 Jacobi
1329 3422 1413 3505 regis
1431 3420 1678 3505 MaJ'oricarum,
1690 3431 1781 3503 quat.

423 3531 549 3616 Jnepoti
567 3550 629 3592 suo
645 3526 815 3590 Bernardo
844 3524 968 3609 l'iyals,
986 3524 1079 3609 cler]
1112 3525 1229 3589 Elnen.
1247 3526 1344 3603 dioc,
1369 3525 1506 3589 decan.
1535 3528 1615 3590 eccl.
1646 3524 1781 3607 Maiori-

422 3637 521 3699 censis
537 3630 721 3716 dignemini
738 3629 923 3714 providere.
940 3668 981 3677 —
1000 3628 1075 3693 Fiat
1090 3629 1129 3692 R.

459 3740 539 3803 Dat.
557 3758 613 3821 ap.
632 3735 880 3798 l'illamnoram
902 3742 937 3797 [ό
955 3733 1019 3796 kal.
1037 3754 1111 3816 aug.
1129 3742 1162 3796 a‘'
1181 3742 1221 3797 2⁰.
1240 3738 1288 3816 (5,
1311 3755 1367 3817 ¹05
1379 3749 1397 3801 1.

465 3872 716 3953 422-423-
1457 3905 1551 3966 1333,
1567 3906 1606 3945 3ο
1617 3882 1739 3962 jm'llar.

460 3992 562 4076 Supp.
602 3989 770 4052 Antonius
796 3988 838 4052 de
864 3986 1013 4070 Bugella,
1041 4008 1117 4051 can.
1143 3987 1303 4052 Leodien.
1321 4000 1339 4062 ⁴,
1365 3988 1575 4051 examinator
1600 4007 1785 4071 pauperum

425 4095 614 4158 clericorum
636 4091 807 4176 provincie
824 4090 1014 4168 'l'rerercn.,
1042 4101 1134 4172 quat.
1154 4091 1304 4176 [Danieli
1331 4092 1372 4155 de
1391 4091 1593 4171 l'ergnasco
1611 4091 1687 4153 cler.
1705 4088 1785 4152 Ver-

425 4199 532 4261 cellen.
544 4196 645 4273 dioc,
662 4195 778 4279 nepoti
807 4194 894 4279 suo]
910 4194 951 4257 de
968 4215 1041 4258 can.
1059 4204 1092 4258 et
1109 4199 1201 4279 preb.
1218 4197 1299 4259 eccl.
1318 4195 1355 4259 B.
1375 4195 1423 4259 M.
1447 4195 1643 4274 Vercellen,
1657 4193 1786 4278 jamdiu

424 4302 449 4361 in
465 4301 553 4365 curia
570 4320 645 4363 rac.
662 4320 721 4383 per
733 4301 786 4362 ob.
797 4319 884 4380 mag.
898 4299 1037 4362 Antonii
1051 4298 1092 4362 de
1105 4299 1257 4374 Turrim),
1272 4300 1360 4362 curie
1378 4299 1476 4362 Rom.
1491 4298 1669 4383 scriptoris,
1683 4299 1738 4380 qui
1752 4298 1785 4360 in

426 4406 529 4468 erdem
548 4423 617 4467 cur.
641 4402 795 4477 decessit,
823 4402 1004 4485 dignemini
1023 4402 1207 4485 providere,
1224 4422 1290 4465 nou
1317 4404 1401 4464 obst.
1430 4401 1519 4483 quod
1546 4401 1633 4464 idem
1665 4401 1784 4463 Daniel

427 4527 487 4570 can.
505 4520 541 4570 et
557 4508 650 4591 preb.
668 4506 749 4569 eccl.
768 4504 805 4568 B.
831 4504 918 4567 Petri
937 4504 1095 4568 Leodien.
1112 4505 1260 4568 noscitur
1273 4506 1433 4568 obtinere.
1450 4545 1493 4553 —·
1508 4504 1533 4566 p
1538 4505 1585 4568 iat
1602 4505 1642 4568 R.

460 4652 544 4710 423.
572 4643 660 4706 ltem
674 4663 768 4726 supp.
787 4641 873 4705 idem
892 4643 1067 4720 Antonius,
1085 4664 1151 4706 una
1180 4662 1254 4705 cum
1272 4642 1343 4705 aliis
1360 4643 1425 4705 suis
1452 4645 1589 4725 collegis
1614 4643 1784 4706 examina·

428 4752 541 4814 toribus
569 4749 672 4833 ipsius
698 4747 870 4831 provincie
897 4747 1085 4824 'l'rereren.,
1103 4755 1195 4828 quat.
1216 4746 1334 4830 [tanril.
1361 4746 1469 4829 ipsius,
1495 4748 1645 4811 ⁴lntouio
1662 4747 1783 4810 Aurelii

429 4850 602 4918 ll'otrenim
621 4853 663 4916 de
682 4851 801 4927 Fossis,
820 4850 979 4914 Leodien.
992 4850 1088 4922 dioc..
1102 4850 1249 4933 presenti
1263 4850 1294 4911 in
1307 4849 1406 4921 curia,
1421 4851 1497 4912 cler.
1514 4872 1581 4913 non
1594 4852 1782 4933 conjugato,

430 4959 522 5021 necin
535 4957 639 5021 sacris
651 4955 822 5019 ordinibus
834 4955 1043 5035 constituto]
1055 4954 1109 5036 qui
1122 4953 1269 5017 notarius
1281 4953 1340 5015 luit
1355 4953 1385 5014 iu
1401 4953 1473 5037 ipso
1487 4954 1691 5030 exarnine‚et
1705 4974 1782 5016 con-

458 5165 474 5209 l.
488 5165 586 5214 liinrcli.
601 5162 677 5214 Koll..
693 5164 816 5213 lutatus„
832 5193 840 5197 ⁷*
850 5166 872 5209 2.
889 5163 977 5210 llauiul
988 5163 1019 5210 ‹lc
1032 5163 1179 5213 ll'iclrtricb.
1194 5163 1222 5210 0.
1237 5162 1474 5211 ‹.u1·n1..1unnm‹5=tc
1487 5165 1516 5209 27
1531 5177 1588 5208 nov.
1603 5164 1664 5208 1312
1678 5160 1780 5221 (Euboi,

437 5231 513 5296 1332)
525 5256 531 5286 ι
543 5239 577 5286 ci.
592 5237 692 5284 Kirscli.
708 5237 782 5282 mu-
793 5265 798 5270 -
811 5239 832 5283 3.
845 5237 932 5284 Andr(¹
947 5238 1032 5284 tllriui.
1067 5267 1076 5271 -
1094 5241 1116 5285 l.
1131 5238 1211 5292 tutat,
1226 5253 1249 5285 u.
1264 5240 1325 5283 11112
1339 5254 1344 5295 ;
1357 5239 1412 5283 roir
1425 5237 1481 5297 plus
1495 5237 1554 5282 lraut
1571 5251 1594 5283 u.
1608 5237 1662 5282 3⁰2¹.
