4650 6059
949 766 1037 840 1348,
1060 766 1130 829 9-10
1152 765 1313 834 decembre.
1753 774 1808 839 891

465 927 519 982 ate
536 918 681 997 fuerunt,
698 918 874 1001 exquibus
900 938 969 984 non
997 917 1068 982 sine
1088 917 1202 983 multis
1217 918 1371 1004 periculis
1393 919 1580 983 animarum
1607 929 1732 988 mortes
1746 930 1760 957 ³
1775 935 1810 990 et

462 1034 574 1105 trages
588 1022 764 1086 hominum
781 1030 816 1087 et
830 1021 999 1107 popularis
1014 1020 1202 1106 perniciosa
1224 1022 1408 1089 commotio
1431 1032 1568 1109 possent
1592 1025 1808 1110 imposterum

462 1127 592 1205 evenire,
610 1127 697 1191 inter
720 1126 808 1212 ipsos
831 1125 1093 1203 matrimonium,
1116 1144 1185 1188 non
1209 1125 1298 1189 mala
1324 1125 1400 1205 fide,
1426 1146 1490 1191 nec
1516 1126 1549 1190 in
1575 1135 1808 1215 contemptum

462 1230 602 1310 ecclesie,
616 1229 676 1295 sed
692 1230 725 1294 iu
742 1251 836 1315 spem
851 1230 957 1314 gratie
981 1237 1016 1294 et
1042 1228 1301 1315 dispensationis
1324 1230 1508 1313 apostolice
1533 1232 1628 1310 sedis,
1646 1232 1706 1297 fuit
1728 1255 1808 1301 con-

462 1342 593 1398 tractum
609 1343 644 1398 et
660 1334 693 1397 in
710 1333 795 1400 facie
811 1332 952 1399 ecclesie
967 1332 1269 1418 sollempnizatum,
1286 1332 1410 1398 carnali
1428 1334 1549 1418 copula
1559 1334 1602 1399 ad
1613 1336 1806 1402 evitandum

466 1438 592 1502 casualia
614 1438 790 1523 repentina
806 1436 1047 1522 impedimenta
1072 1434 1233 1500 continuo
1257 1438 1443 1501 subsecuta.
1469 1436 1579 1519 Quare
1607 1440 1805 1524 supplicant,

468 1542 538 1605 alme
551 1549 658 1626 pater,
675 1550 787 1606 vestre
803 1540 1012 1606 sanctissime
1028 1539 1217 1619 clementie,
1243 1539 1357 1623 quein
1380 1540 1503 1605 talibus
1525 1542 1665 1627 provida
1690 1546 1807 1609 salutis

470 1655 495 1707 et
506 1645 591 1729 pacis
605 1645 753 1710 remedia
768 1666 900 1732 semper
916 1644 1092 1710 consuevit
1108 1664 1279 1729 apponere
1295 1653 1330 1710 et
1346 1645 1433 1710 inter
1449 1644 1688 1712 Christifideles
1712 1669 1806 1714 scan-

471 1746 527 1812 dala
540 1769 731 1833 precavere,
747 1757 914 1832 quatenus
930 1747 1010 1834 ipsis
1025 1748 1143 1815 vestris
1158 1747 1394 1829 devotissimis,
1423 1748 1570 1833 injuncta
1597 1751 1643 1815 eis
1670 1753 1805 1817 salutari

472 1851 648 1933 penitentia,
664 1852 706 1918 de
723 1852 942 1917 absolutionis
956 1851 1123 1917 beneficio
1146 1851 1371 1937 providentes,
1388 1858 1422 1916 et
1438 1860 1474 1918 ut
1490 1873 1557 1917 non
1575 1856 1731 1920 obstante
1746 1858 1805 1921 tali

473 1953 690 2039 impedimento
706 1956 1004 2039 consanguinitatis
1021 1954 1165 2020 invicem
1181 1952 1470 2018 matrimonialiter
1486 1963 1520 2018 et
1536 1955 1683 2038 legitime
1700 1977 1805 2021 rema-

473 2069 560 2139 neant,
591 2060 774 2144 dignemini
803 2081 880 2126 cum
907 2059 1032 2125 eisdem
1058 2057 1314 2122 misericorditer
1344 2057 1546 2143 dispensare,
1573 2063 1702 2146 prolem
1727 2082 1806 2126 uero

473 2174 641 2249 susceptam
658 2185 717 2229 seu
732 2164 977 2249 suscipiendam
993 2184 1034 2227 ex
1050 2160 1239 2247 hujusmodi
1262 2162 1478 2227 matrimonio
1494 2163 1679 2247 legitimam
1695 2166 1806 2231 decer-

472 2268 569 2332 nendo.

499 2371 625 2436 —Fiat
648 2393 707 2457 per
729 2372 989 2455 dioc(esanum),
1005 2371 1084 2457 ipsis
1099 2370 1189 2456 prius
1215 2369 1376 2456 separatis
1391 2369 1434 2435 ad
1448 2378 1582 2458 tempus
1597 2381 1631 2437 et
1647 2374 1809 2438 absolutis

468 2475 616 2541 an'nculo
632 2476 990 2542 excommunicationis
1005 2476 1039 2539 in
1057 2473 1146 2558 quod
1162 2474 1379 2553 incurrerunt,
1390 2473 1538 2558 injuncta
1554 2474 1601 2540 eis
1612 2478 1700 2541 bona
1716 2478 1808 2562 peni-

467 2579 565 2659 tentia,
581 2588 616 2644 et
633 2580 723 2664 quod
739 2580 879 2644 fundent
894 2588 929 2644 et
945 2579 1065 2645 dotent
1080 2576 1164 2642 duas
1180 2577 1394 2662 capellanias
1419 2578 1602 2660 quamlibet
1625 2580 1667 2644 de
1690 2580 1805 2645 decem

464 2684 589 2749 marchis
605 2684 743 2767 argenti,
760 2684 844 2748 infra
859 2683 943 2749 duos
959 2702 1074 2748 annos.
1091 2680 1131 2745 R.

493 2786 567 2852 Dat.
583 2788 684 2853 Avin.
703 2808 719 2872 5
737 2788 780 2852 id.
796 2787 869 2853 dec.
885 2796 918 2852 a⁰
935 2795 977 2872 7⁰.
995 2788 1065 2870 (16,
1086 2787 1169 2867 585).

502 2922 641 3004 1462.
1438 2938 1534 3020 1548,
1551 2957 1571 3020 9
1587 2939 1763 3003 de'ccuubre.

492 3040 613 3126 Supp...
631 3039 661 3105 S.
679 3038 719 3104 V.
736 3039 898 3122 P(etrus),
915 3039 1016 3125 episc.
1035 3039 1258 3118 Penestrinus,
1271 3047 1362 3123 quat.
1374 3039 1556 3105 camerario
1566 3061 1626 3105 suo
1639 3039 1808 3106 Galhardo

462 3142 551 3226 l'igri,
571 3156 577 3179 ¹
598 3145 640 3216 E(
644 3145 790 3227 jusdem)
817 3140 1014 3209 Sanctitatis
1041 3144 1215 3228 capellano
1242 3144 1469 3224 cormnensali,
1486 3144 1528 3208 de
1547 3145 1698 3230 parroch.
1726 3146 1807 3210 eccl.

462 3248 479 3312 ἐ.
496 3248 639 3330 Remigii
656 3248 698 3312 de
715 3247 836 3326 Garda,
855 3247 1071 3332 Mirapiscen.
1085 3248 1215 3325 dioc.,...
1229 3247 1410 3329 dignemini
1427 3248 1601 3332 providere
1617 3271 1625 3328 ;
1643 3269 1710 3313 non
1722 3251 1806 3313 obst.

462 3351 535 3432 ruod
551 3352 772 3436 capellaniam
796 3352 1058 3415 commensalem
1077 3350 1115 3414 E.
1132 3350 1163 3414 S.
1181 3358 1215 3414 et
1239 3350 1547 3415 archidiaconatum
1560 3351 1602 3416 de
1615 3352 1757 3437 Borjaco
1774 3354 1806 3415 in

462 3456 526 3518 ccl.
543 3453 781 3519 Convenarum
798 3474 930 3518 necnon
948 3454 979 3516 in
998 3453 1028 3518 S.
1046 3453 1225 3517 Gaudentii
1251 3474 1290 3518 ac
1316 3453 1346 3517 S.
1372 3453 1553 3519 Salvatoris
1577 3455 1619 3519 de
1644 3456 1675 3520 S.
1704 3456 1806 3520 Paulo

462 3559 605 3635 ecclesiis
624 3558 857 3623 Convenarum
874 3568 907 3623 et
926 3557 1093 3622 Morinen.
1110 3558 1207 3635 dioc,
1225 3579 1299 3621 cau.
1316 3567 1351 3621 ct
1367 3561 1458 3642 preb.
1469 3560 1609 3624 obtinet.
1627 3560 1754 3624 -Fiat
1768 3560 1806 3624 R.

489 3661 567 3725 Dat.
585 3662 685 3724 Asin.
704 3682 720 3744 5
739 3661 781 3725 id.
798 3660 871 3725 dec.
888 3671 921 3725 «τ’
939 3671 981 3745 7⁰.
999 3663 1070 3740 (16,
1092 3673 1158 3744 59).

500 3799 641 3884 1463.
1433 3833 1449 3874 1
1451 3812 1527 3893 3718,
1544 3832 1564 3893 9
1581 3816 1759 3877 (irtruubrc.

489 3917 623 4001 Supp....
640 3916 770 3998 Sigerus
786 3916 828 3980 de
845 3916 1006 4001 Sernuy...
1023 3926 1114 3998 quat.
1132 3916 1192 3979 sibi
1210 3914 1250 3979 de
1267 3917 1342 3978 ben.
1360 3916 1440 3980 eccl.
1458 3936 1486 3980 c.
1504 3935 1532 3979 c.
1549 3918 1601 3979 vel
1616 3937 1639 3979 s
1653 3938 1681 3980 c.
1698 3924 1801 4000 spect.

462 4020 489 4083 rd
504 4011 579 4086 coll.
596 4020 744 4105 episcopi
762 4030 796 4083 et
813 4020 948 4104 capituli
965 4019 1168 4083 Ambianen.
1185 4018 1367 4102 dignemini
1384 4019 1560 4103 providere
1576 4042 1584 4097 ;
1610 4040 1677 4083 non
1695 4022 1801 4084 obst...

463 4126 565 4206 luod...
582 4126 615 4189 iu
634 4127 845 4189 ,attrebaten
874 4144 975 4187 unam
993 4133 1027 4186 et
1055 4122 1214 4186 Leusensi
1243 4121 1391 4186 ecclesiis
1418 4122 1517 4186 aliam
1544 4122 1745 4207 capellanias
1762 4145 1801 4187 ac

463 4231 579 4294 ›arocb
596 4231 679 4294 eccl.
694 4229 737 4292 de
755 4228 933 4307 Danivilla,
950 4227 1161 4291 Attrcbaten.
1189 4226 1286 4305 dioc,
1302 4246 1434 4290 necnon
1452 4246 1525 4291 can.
1543 4229 1602 4291 sub
1619 4248 1693 4311 exp.
1711 4230 1801 4311 preb.

463 4334 575 4397 neccl.
593 4331 760 4398 Morinen.
778 4332 925 4397 noscitur
941 4331 1124 4395 obtinere...
1140 4371 1183 4378 —
1201 4330 1275 4395 Fiat
1292 4330 1352 4396 R...

492 4434 565 4500 Dat.
582 4437 683 4500 Asin.
702 4458 718 4519 5
737 4437 779 4501 id.
796 4437 868 4501 (lec.
886 4446 919 4499 a⁰
938 4442 978 4517 7⁰.
997 4437 1065 4512 (16,
1088 4441 1170 4517 59⁸).

501 4573 641 4654 1464.
1411 4589 1504 4669 1548,
1523 4608 1563 4651 ro
1580 4589 1757 4652 riecr‘rarbre.

492 4690 589 4775 Supp.
617 4693 647 4755 S.
677 4691 715 4755 V.
742 4690 916 4768 Julianucs
942 4689 1134 4763 b'laurelli,²
1161 4691 1249 4754 curie
1275 4712 1405 4756 camere
1434 4691 1581 4775 ejusdem
1607 4692 1802 4757 Sanctitatis

462 4793 586 4875 auditor,
604 4795 865 4878 quatiamiliari
883 4816 943 4859 suo
960 4795 1153 4860 Cluistiauo
1170 4796 1321 4873 Stonard,
1339 4806 1349 4839 ³
1365 4796 1486 4861 clerico
1502 4795 1690 4861 Tornacen.
1713 4797 1800 4862 dioc.

486 4978 509 5037 a)
519 4982 555 5028 On
568 4984 638 5030 avait
651 4982 755 5029 d'abord
768 4981 834 5030 ecrit
847 4988 940 5037 ›irari-lex,
953 4983 1029 5042 quon
1042 5000 1057 5031 a
1071 4983 1131 5031 uim?
1143 4994 1166 5030 ct
1181 4984 1308 5046 rempluzu‘¹
1321 5000 1367 5046 par
1386 4999 1469 5032 llllu'r'n'.

468 5074 684 5092 x.—

490 5128 507 5172 l.
516 5130 652 5179 l'rocureur
663 5133 694 5180 ilc
707 5132 821 5193 l’ereuuc
832 5133 864 5180 <lc
877 5132 1044 5181 Thunuaune
1056 5149 1087 5181 eu
1104 5136 1163 5180 13th
1182 5133 1312 5194 (llarliiuu,
1332 5133 1428 5182 Intulit.
1446 5133 1522 5192 aizal,
1536 5148 1562 5184 n.
1576 5135 1643 5193 lll).
1657 5160 1687 5168 —
1706 5135 1727 5180 2.
1741 5134 1802 5180 Voir

469 5206 487 5239 ὓ.
496 5202 540 5260 lll,
556 5206 610 5253 801.
622 5233 654 5240 —
666 5207 688 5253 3.
700 5206 762 5253 Voir
774 5221 799 5253 n.
814 5209 883 5253 1⁰5⁰.
