<?xml version="1.0" encoding="UTF-8"?>
<!DOCTYPE html PUBLIC "-//W3C//DTD XHTML 1.0 Transitional//EN"
    "http://www.w3.org/TR/xhtml1/DTD/xhtml1-transitional.dtd">
<html xmlns="http://www.w3.org/1999/xhtml" xml:lang="en" lang="en">
 <head>
  <title>
</title>
<meta http-equiv="Content-Type" content="text/html;charset=utf-8" />
  <meta name='ocr-system' content='tesseract 3.04.00' />
  <meta name='ocr-capabilities' content='ocr_page ocr_carea ocr_par ocr_line ocrx_word'/>
</head>
<body>
  <div class='ocr_page' id='page_1' title='image "./suppliquesdeclm00goog_0156.png"; bbox 0 0 4650 6059; ppageno 0'>
   <div class='ocr_carea' id='block_1_1' title="bbox 394 745 1893 1025">
    <p class='ocr_par' dir='ltr' id='par_1_1' title="bbox 394 729 1893 1025">
     <span class='ocr_line' id='line_1_1' title="bbox 949 745 1893 868; baseline 0.013 -12"><span class='ocrx_word' id='word_1_1' title='bbox 949 781 1037 857; x_wconf 73' lang='lat' dir='ltr'>ula</span> <span class='ocrx_word' id='word_1_2' title='bbox 1059 780 1231 864; x_wconf 66' lang='lat' dir='ltr'>asinus</span> <span class='ocrx_word' id='word_1_3' title='bbox 1423 745 1442 764; x_wconf 79' lang='grc'>”</span> <span class='ocrx_word' id='word_1_4' title='bbox 1504 779 1829 862; x_wconf 76' lang='lat' dir='ltr'>in</span> <span class='ocrx_word' id='word_1_5' title='bbox 1890 863 1893 868; x_wconf 83' lang='lat'>.</span> 
     </span>
     <span class='ocr_line' id='line_1_2' title="bbox 394 885 1883 1025; baseline 0.011 -30"><span class='ocrx_word' id='word_1_6' title='bbox 394 930 515 996; x_wconf 65' lang='lat' dir='ltr'>mus</span> <span class='ocrx_word' id='word_1_7' title='bbox 532 929 730 1000; x_wconf 65' lang='lat' dir='ltr'>Passum</span> <span class='ocrx_word' id='word_1_8' title='bbox 746 941 820 1016; x_wconf 68' lang='lat' dir='ltr'>an„</span> <span class='ocrx_word' id='word_1_9' title='bbox 836 932 1378 1015; x_wconf 75' lang='lat' dir='ltr'>uer.r0maoen.uroc.,uecan.</span> <span class='ocrx_word' id='word_1_10' title='bbox 1403 935 1436 1002; x_wconf 83' lang='lat' dir='ltr'>s</span> <span class='ocrx_word' id='word_1_11' title='bbox 1465 885 1822 1025; x_wconf 61' lang='lat' dir='ltr'>n.cmraoe1iss,·⁷</span> <span class='ocrx_word' id='word_1_12' title='bbox 1848 885 1852 890; x_wconf 34' lang='lat'>¹</span> <span class='ocrx_word' id='word_1_13' title='bbox 1879 891 1883 900; x_wconf 37' lang='lat'><strong><em>¹</em></strong></span> 
     </span>
    </p>
   </div>
   <div class='ocr_carea' id='block_1_2' title="bbox 396 1032 1372 1228">
    <p class='ocr_par' dir='ltr' id='par_1_2' title="bbox 396 1032 1372 1228">
     <span class='ocr_line' id='line_1_3' title="bbox 396 1032 1322 1124; baseline 0.003 -23"><span class='ocrx_word' id='word_1_14' title='bbox 396 1032 591 1102; x_wconf 80' lang='lat' dir='ltr'>Toruaeen.</span> <span class='ocrx_word' id='word_1_15' title='bbox 606 1035 707 1118; x_wconf 71' lang='lat' dir='ltr'>(boc,</span> <span class='ocrx_word' id='word_1_16' title='bbox 722 1036 907 1124; x_wconf 82' lang='lat' dir='ltr'>dignemini</span> <span class='ocrx_word' id='word_1_17' title='bbox 922 1036 1109 1124; x_wconf 85' lang='lat' dir='ltr'>providere.</span> <span class='ocrx_word' id='word_1_18' title='bbox 1125 1077 1170 1087; x_wconf 92' lang='lat'><em>-</em></span> <span class='ocrx_word' id='word_1_19' title='bbox 1185 1035 1264 1103; x_wconf 88' lang='lat' dir='ltr'>Fiat</span> <span class='ocrx_word' id='word_1_20' title='bbox 1280 1036 1322 1104; x_wconf 90' lang='lat' dir='ltr'>R.</span> 
     </span>
     <span class='ocr_line' id='line_1_4' title="bbox 439 1137 1372 1228; baseline 0.003 -22"><span class='ocrx_word' id='word_1_21' title='bbox 439 1137 523 1206; x_wconf 78' lang='lat' dir='ltr'>Dat.</span> <span class='ocrx_word' id='word_1_22' title='bbox 537 1159 598 1228; x_wconf 88' lang='lat' dir='ltr'>ap.</span> <span class='ocrx_word' id='word_1_23' title='bbox 614 1139 867 1210; x_wconf 86' lang='lat' dir='ltr'>Villamnovam</span> <span class='ocrx_word' id='word_1_24' title='bbox 884 1161 902 1224; x_wconf 89' lang='lat'>9</span> <span class='ocrx_word' id='word_1_25' title='bbox 918 1139 987 1207; x_wconf 84' lang='lat' dir='ltr'>lral.</span> <span class='ocrx_word' id='word_1_26' title='bbox 1003 1161 1078 1227; x_wconf 88' lang='lat' dir='ltr'>aug.</span> <span class='ocrx_word' id='word_1_27' title='bbox 1094 1148 1129 1208; x_wconf 88' lang='lat' dir='ltr'>a⁰</span> <span class='ocrx_word' id='word_1_28' title='bbox 1145 1149 1185 1206; x_wconf 89' lang='lat'>2⁰.</span> <span class='ocrx_word' id='word_1_29' title='bbox 1202 1141 1252 1225; x_wconf 87' lang='lat'>(5,</span> <span class='ocrx_word' id='word_1_30' title='bbox 1271 1144 1372 1227; x_wconf 60' lang='lat' dir='ltr'>118l&#39;).</span> 
     </span>
    </p>
   </div>
   <div class='ocr_carea' id='block_1_3' title="bbox 400 1275 1831 2834">
    <p class='ocr_par' dir='ltr' id='par_1_3' title="bbox 445 1275 1727 1378">
     <span class='ocr_line' id='line_1_5' title="bbox 445 1275 1727 1378; baseline 0.002 -19"><span class='ocrx_word' id='word_1_31' title='bbox 445 1275 575 1360; x_wconf 81' lang='grc'>450.</span> <span class='ocrx_word' id='word_1_32' title='bbox 1438 1313 1535 1378; x_wconf 73' lang='lat'>1343,</span> <span class='ocrx_word' id='word_1_33' title='bbox 1550 1314 1593 1377; x_wconf 82' lang='lat'>²5</span> <span class='ocrx_word' id='word_1_34' title='bbox 1602 1293 1727 1378; x_wconf 76' lang='lat' dir='ltr'>juillet.</span> 
     </span>
    </p>

    <p class='ocr_par' dir='ltr' id='par_1_4' title="bbox 400 1392 1831 2724">
     <span class='ocr_line' id='line_1_6' title="bbox 442 1392 1819 1487; baseline 0.006 -28"><span class='ocrx_word' id='word_1_35' title='bbox 442 1392 534 1480; x_wconf 81' lang='lat' dir='ltr'>Sign.</span> <span class='ocrx_word' id='word_1_36' title='bbox 550 1393 587 1460; x_wconf 90' lang='lat' dir='ltr'>S.</span> <span class='ocrx_word' id='word_1_37' title='bbox 601 1393 644 1461; x_wconf 90' lang='lat' dir='ltr'>V.</span> <span class='ocrx_word' id='word_1_38' title='bbox 658 1393 813 1463; x_wconf 80' lang='lat' dir='ltr'>Andreas</span> <span class='ocrx_word' id='word_1_39' title='bbox 826 1394 870 1462; x_wconf 90' lang='lat' dir='ltr'>de</span> <span class='ocrx_word' id='word_1_40' title='bbox 886 1393 1047 1482; x_wconf 85' lang='lat' dir='ltr'>Maupilis</span> <span class='ocrx_word' id='word_1_41' title='bbox 1061 1394 1104 1462; x_wconf 89' lang='lat' dir='ltr'>de</span> <span class='ocrx_word' id='word_1_42' title='bbox 1121 1393 1293 1462; x_wconf 87' lang='lat' dir='ltr'>Florentia</span> <span class='ocrx_word' id='word_1_43' title='bbox 1309 1408 1331 1478; x_wconf 87' lang='lat'>¹,</span> <span class='ocrx_word' id='word_1_44' title='bbox 1352 1395 1539 1482; x_wconf 82' lang='lat' dir='ltr'><strong>dyaconus,</strong></span> <span class='ocrx_word' id='word_1_45' title='bbox 1553 1401 1630 1466; x_wconf 90' lang='lat' dir='ltr'>bac.</span> <span class='ocrx_word' id='word_1_46' title='bbox 1644 1399 1680 1466; x_wconf 89' lang='lat' dir='ltr'>in</span> <span class='ocrx_word' id='word_1_47' title='bbox 1694 1402 1769 1487; x_wconf 79' lang='lat' dir='ltr'>leg,</span> <span class='ocrx_word' id='word_1_48' title='bbox 1815 1403 1819 1410; x_wconf 85' lang='lat'>&#39;</span> 
     </span>
     <span class='ocr_line' id='line_1_7' title="bbox 402 1497 1766 1589; baseline 0.004 -23"><span class='ocrx_word' id='word_1_49' title='bbox 402 1507 479 1566; x_wconf 67' lang='lat' dir='ltr'>adu</span> <span class='ocrx_word' id='word_1_50' title='bbox 493 1499 615 1586; x_wconf 77' lang='lat' dir='ltr'>legens</span> <span class='ocrx_word' id='word_1_51' title='bbox 628 1498 829 1581; x_wconf 68' lang='lat' dir='ltr'>Aurelianis»,</span> <span class='ocrx_word' id='word_1_52' title='bbox 844 1519 952 1586; x_wconf 87' lang='lat' dir='ltr'>nepos</span> <span class='ocrx_word' id='word_1_53' title='bbox 966 1497 1058 1566; x_wconf 89' lang='lat' dir='ltr'>dom.</span> <span class='ocrx_word' id='word_1_54' title='bbox 1073 1498 1252 1586; x_wconf 62' lang='lat' dir='ltr'>Mad-ree),</span> <span class='ocrx_word' id='word_1_55' title='bbox 1267 1499 1321 1566; x_wconf 85' lang='lat' dir='ltr'>tit.</span> <span class='ocrx_word' id='word_1_56' title='bbox 1337 1500 1370 1566; x_wconf 86' lang='lat' dir='ltr'>S.</span> <span class='ocrx_word' id='word_1_57' title='bbox 1385 1500 1536 1567; x_wconf 89' lang='lat' dir='ltr'>Susanne</span> <span class='ocrx_word' id='word_1_58' title='bbox 1546 1505 1655 1589; x_wconf 82' lang='lat' dir='ltr'>presb.</span> <span class='ocrx_word' id='word_1_59' title='bbox 1665 1503 1766 1587; x_wconf 77' lang='lat' dir='ltr'>eard,</span> 
     </span>
     <span class='ocr_line' id='line_1_8' title="bbox 401 1594 1768 1704; baseline 0.005 -36"><span class='ocrx_word' id='word_1_60' title='bbox 401 1601 491 1688; x_wconf 86' lang='lat' dir='ltr'>qnod</span> <span class='ocrx_word' id='word_1_61' title='bbox 505 1601 632 1669; x_wconf 57' lang='lat' dir='ltr'>mem</span> <span class='ocrx_word' id='word_1_62' title='bbox 647 1601 818 1704; x_wconf 79' lang='lat' dir='ltr'>Sanctitas</span> <span class='ocrx_word' id='word_1_63' title='bbox 831 1594 979 1690; x_wconf 86' lang='lat' dir='ltr'>providit</span> <span class='ocrx_word' id='word_1_64' title='bbox 993 1603 1104 1670; x_wconf 87' lang='lat' dir='ltr'>eidem</span> <span class='ocrx_word' id='word_1_65' title='bbox 1119 1601 1163 1670; x_wconf 90' lang='lat' dir='ltr'>de</span> <span class='ocrx_word' id='word_1_66' title='bbox 1185 1603 1335 1690; x_wconf 86' lang='lat' dir='ltr'>prioratu</span> <span class='ocrx_word' id='word_1_67' title='bbox 1349 1605 1468 1689; x_wconf 84' lang='lat' dir='ltr'><strong>colleg.</strong></span> <span class='ocrx_word' id='word_1_68' title='bbox 1483 1607 1567 1673; x_wconf 88' lang='lat' dir='ltr'>eccl.</span> <span class='ocrx_word' id='word_1_69' title='bbox 1592 1606 1624 1673; x_wconf 88' lang='lat' dir='ltr'>S.</span> <span class='ocrx_word' id='word_1_70' title='bbox 1640 1607 1768 1675; x_wconf 87' lang='lat' dir='ltr'>Donati</span> 
     </span>
     <span class='ocr_line' id='line_1_9' title="bbox 400 1703 1767 1796; baseline 0.005 -24"><span class='ocrx_word' id='word_1_71' title='bbox 400 1706 495 1792; x_wconf 83' lang='lat' dir='ltr'>juxta</span> <span class='ocrx_word' id='word_1_72' title='bbox 510 1703 656 1788; x_wconf 79' lang='lat' dir='ltr'>Lucum,</span> <span class='ocrx_word' id='word_1_73' title='bbox 671 1725 747 1774; x_wconf 90' lang='lat' dir='ltr'>vac.</span> <span class='ocrx_word' id='word_1_74' title='bbox 761 1727 823 1794; x_wconf 90' lang='lat' dir='ltr'>per</span> <span class='ocrx_word' id='word_1_75' title='bbox 837 1709 892 1773; x_wconf 94' lang='lat' dir='ltr'>ob.</span> <span class='ocrx_word' id='word_1_76' title='bbox 906 1706 988 1774; x_wconf 90' lang='lat' dir='ltr'>dicti</span> <span class='ocrx_word' id='word_1_77' title='bbox 1004 1706 1096 1774; x_wconf 93' lang='lat' dir='ltr'>dorn.</span> <span class='ocrx_word' id='word_1_78' title='bbox 1111 1705 1213 1789; x_wconf 87' lang='lat' dir='ltr'>card,</span> <span class='ocrx_word' id='word_1_79' title='bbox 1227 1708 1283 1773; x_wconf 88' lang='lat' dir='ltr'>vel</span> <span class='ocrx_word' id='word_1_80' title='bbox 1298 1707 1382 1775; x_wconf 92' lang='lat' dir='ltr'>alias</span> <span class='ocrx_word' id='word_1_81' title='bbox 1398 1709 1623 1792; x_wconf 90' lang='lat' dir='ltr'>quovismodo</span> <span class='ocrx_word' id='word_1_82' title='bbox 1636 1733 1646 1790; x_wconf 89' lang='lat'>;</span> <span class='ocrx_word' id='word_1_83' title='bbox 1662 1711 1767 1796; x_wconf 91' lang='lat' dir='ltr'>quod·</span> 
     </span>
     <span class='ocr_line' id='line_1_10' title="bbox 402 1809 1768 1900; baseline 0.003 -24"><span class='ocrx_word' id='word_1_84' title='bbox 402 1829 466 1896; x_wconf 75' lang='lat' dir='ltr'>qoe</span> <span class='ocrx_word' id='word_1_85' title='bbox 478 1829 576 1877; x_wconf 86' lang='lat' dir='ltr'>nunc</span> <span class='ocrx_word' id='word_1_86' title='bbox 590 1810 715 1896; x_wconf 85' lang='lat' dir='ltr'>reperit</span> <span class='ocrx_word' id='word_1_87' title='bbox 740 1809 832 1896; x_wconf 83' lang='lat' dir='ltr'>quod</span> <span class='ocrx_word' id='word_1_88' title='bbox 857 1810 968 1878; x_wconf 90' lang='lat' dir='ltr'>dictus</span> <span class='ocrx_word' id='word_1_89' title='bbox 991 1810 1158 1897; x_wconf 85' lang='lat' dir='ltr'>prioratus</span> <span class='ocrx_word' id='word_1_90' title='bbox 1183 1810 1341 1896; x_wconf 75' lang='lat' dir='ltr'>regularis</span> <span class='ocrx_word' id='word_1_91' title='bbox 1366 1810 1491 1894; x_wconf 83' lang='lat' dir='ltr'>existit,</span> <span class='ocrx_word' id='word_1_92' title='bbox 1517 1821 1656 1900; x_wconf 85' lang='lat' dir='ltr'>propter</span> <span class='ocrx_word' id='word_1_93' title='bbox 1677 1813 1768 1898; x_wconf 92' lang='lat' dir='ltr'>quod</span> 
     </span>
     <span class='ocr_line' id='line_1_11' title="bbox 402 1912 1768 2002; baseline 0.002 -22"><span class='ocrx_word' id='word_1_94' title='bbox 402 1913 549 2002; x_wconf 75' lang='lat' dir='ltr'>provisio</span> <span class='ocrx_word' id='word_1_95' title='bbox 562 1912 608 1980; x_wconf 89' lang='lat' dir='ltr'>de</span> <span class='ocrx_word' id='word_1_96' title='bbox 623 1913 747 1981; x_wconf 83' lang='lat' dir='ltr'>eodem</span> <span class='ocrx_word' id='word_1_97' title='bbox 762 1913 853 1981; x_wconf 84' lang='lat' dir='ltr'>facta</span> <span class='ocrx_word' id='word_1_98' title='bbox 868 1913 1004 1981; x_wconf 84' lang='lat' dir='ltr'>Andree</span> <span class='ocrx_word' id='word_1_99' title='bbox 1015 1913 1170 2001; x_wconf 84' lang='lat' dir='ltr'>predicto</span> <span class='ocrx_word' id='word_1_100' title='bbox 1184 1913 1246 1980; x_wconf 76' lang='lat' dir='ltr'>sibi</span> <span class='ocrx_word' id='word_1_101' title='bbox 1261 1913 1388 1980; x_wconf 90' lang='lat' dir='ltr'>inutilis</span> <span class='ocrx_word' id='word_1_102' title='bbox 1409 1922 1461 1981; x_wconf 88' lang='lat' dir='ltr'>est</span> <span class='ocrx_word' id='word_1_103' title='bbox 1476 1935 1519 1980; x_wconf 89' lang='lat' dir='ltr'>ex</span> <span class='ocrx_word' id='word_1_104' title='bbox 1543 1923 1631 1983; x_wconf 89' lang='lat' dir='ltr'>toto.</span> <span class='ocrx_word' id='word_1_105' title='bbox 1654 1915 1768 2002; x_wconf 79' lang='lat' dir='ltr'>Quare</span> 
     </span>
     <span class='ocr_line' id='line_1_12' title="bbox 404 2005 1766 2108; baseline 0.004 -26"><span class='ocrx_word' id='word_1_106' title='bbox 404 2037 498 2104; x_wconf 84' lang='lat' dir='ltr'><strong>supp.</strong></span> <span class='ocrx_word' id='word_1_107' title='bbox 514 2037 545 2084; x_wconf 90' lang='lat' dir='ltr'>e.</span> <span class='ocrx_word' id='word_1_108' title='bbox 562 2015 596 2084; x_wconf 90' lang='lat' dir='ltr'>S.</span> <span class='ocrx_word' id='word_1_109' title='bbox 611 2025 706 2104; x_wconf 89' lang='lat' dir='ltr'>quat.</span> <span class='ocrx_word' id='word_1_110' title='bbox 732 2017 776 2085; x_wconf 88' lang='lat' dir='ltr'>de</span> <span class='ocrx_word' id='word_1_111' title='bbox 800 2017 950 2105; x_wconf 88' lang='lat' dir='ltr'>prioratu</span> <span class='ocrx_word' id='word_1_112' title='bbox 976 2005 1031 2084; x_wconf 84' lang='lat' dir='ltr'>SS.</span> <span class='ocrx_word' id='word_1_113' title='bbox 1055 2016 1222 2096; x_wconf 91' lang='lat' dir='ltr'>Johannis</span> <span class='ocrx_word' id='word_1_114' title='bbox 1248 2025 1283 2084; x_wconf 88' lang='lat' dir='ltr'>et</span> <span class='ocrx_word' id='word_1_115' title='bbox 1311 2016 1482 2105; x_wconf 86' lang='lat' dir='ltr'>Reparate</span> <span class='ocrx_word' id='word_1_116' title='bbox 1509 2017 1647 2108; x_wconf 65' lang='lat' dir='ltr'>Lucan,</span> <span class='ocrx_word' id='word_1_117' title='bbox 1672 2021 1766 2108; x_wconf 88' lang='lat' dir='ltr'>cujus</span> 
     </span>
     <span class='ocr_line' id='line_1_13' title="bbox 403 2120 1767 2207; baseline 0.002 -19"><span class='ocrx_word' id='word_1_118' title='bbox 403 2121 537 2204; x_wconf 71' lang='lat' dir='ltr'>bueus,</span> <span class='ocrx_word' id='word_1_119' title='bbox 554 2139 624 2188; x_wconf 63' lang='grc' dir='ltr'>ωε.</span> <span class='ocrx_word' id='word_1_120' title='bbox 638 2129 711 2188; x_wconf 82' lang='lat' dir='ltr'>tax.</span> <span class='ocrx_word' id='word_1_121' title='bbox 724 2120 868 2204; x_wconf 77' lang='lat' dir='ltr'>decime,</span> <span class='ocrx_word' id='word_1_122' title='bbox 888 2140 949 2207; x_wconf 87' lang='lat'>170</span> <span class='ocrx_word' id='word_1_123' title='bbox 964 2121 998 2188; x_wconf 89' lang='lat' dir='ltr'>fl.</span> <span class='ocrx_word' id='word_1_124' title='bbox 1013 2121 1084 2190; x_wconf 81' lang='lat' dir='ltr'>aun</span> <span class='ocrx_word' id='word_1_125' title='bbox 1098 2122 1250 2188; x_wconf 89' lang='lat' dir='ltr'>valorem</span> <span class='ocrx_word' id='word_1_126' title='bbox 1265 2141 1415 2188; x_wconf 90' lang='lat' dir='ltr'>annuum</span> <span class='ocrx_word' id='word_1_127' title='bbox 1435 2143 1505 2190; x_wconf 87' lang='lat' dir='ltr'>non</span> <span class='ocrx_word' id='word_1_128' title='bbox 1527 2123 1705 2207; x_wconf 84' lang='lat' dir='ltr'>excedunt,</span> <span class='ocrx_word' id='word_1_129' title='bbox 1723 2123 1767 2190; x_wconf 90' lang='lat' dir='ltr'>de</span> 
     </span>
     <span class='ocr_line' id='line_1_14' title="bbox 402 2225 1767 2317; baseline 0.003 -25"><span class='ocrx_word' id='word_1_130' title='bbox 402 2227 520 2312; x_wconf 70' lang='lat' dir='ltr'>quim</span> <span class='ocrx_word' id='word_1_131' title='bbox 530 2225 639 2294; x_wconf 85' lang='lat' dir='ltr'>babet</span> <span class='ocrx_word' id='word_1_132' title='bbox 653 2233 735 2294; x_wconf 87' lang='lat' dir='ltr'>octo</span> <span class='ocrx_word' id='word_1_133' title='bbox 749 2225 923 2293; x_wconf 75' lang='lat' dir='ltr'>oenouicis</span> <span class='ocrx_word' id='word_1_134' title='bbox 933 2225 1024 2294; x_wconf 88' lang='lat' dir='ltr'>dicte</span> <span class='ocrx_word' id='word_1_135' title='bbox 1036 2225 1119 2292; x_wconf 81' lang='lat' dir='ltr'>eccl.</span> <span class='ocrx_word' id='word_1_136' title='bbox 1128 2225 1163 2292; x_wconf 92' lang='lat' dir='ltr'>in</span> <span class='ocrx_word' id='word_1_137' title='bbox 1172 2226 1368 2293; x_wconf 88' lang='lat' dir='ltr'>necessariis</span> <span class='ocrx_word' id='word_1_138' title='bbox 1377 2227 1563 2314; x_wconf 89' lang='lat' dir='ltr'>providere,</span> <span class='ocrx_word' id='word_1_139' title='bbox 1575 2229 1621 2296; x_wconf 84' lang='lat' dir='ltr'>ad</span> <span class='ocrx_word' id='word_1_140' title='bbox 1630 2249 1767 2317; x_wconf 84' lang='lat' dir='ltr'>presens</span> 
     </span>
     <span class='ocr_line' id='line_1_15' title="bbox 403 2327 1765 2420; baseline 0.002 -23"><span class='ocrx_word' id='word_1_141' title='bbox 403 2331 526 2416; x_wconf 72' lang='grc' dir='ltr'>ρεαδ.</span> <span class='ocrx_word' id='word_1_142' title='bbox 540 2329 648 2416; x_wconf 89' lang='lat' dir='ltr'>ipsius</span> <span class='ocrx_word' id='word_1_143' title='bbox 662 2327 754 2397; x_wconf 90' lang='lat' dir='ltr'>dom.</span> <span class='ocrx_word' id='word_1_144' title='bbox 769 2328 872 2412; x_wconf 83' lang='lat' dir='ltr'>card,</span> <span class='ocrx_word' id='word_1_145' title='bbox 888 2329 943 2396; x_wconf 88' lang='lat' dir='ltr'>vel</span> <span class='ocrx_word' id='word_1_146' title='bbox 959 2329 1043 2396; x_wconf 90' lang='lat' dir='ltr'>alias</span> <span class='ocrx_word' id='word_1_147' title='bbox 1054 2327 1277 2414; x_wconf 88' lang='lat' dir='ltr'>quovismodo</span> <span class='ocrx_word' id='word_1_148' title='bbox 1286 2351 1373 2412; x_wconf 85' lang='lat' dir='ltr'>vac,</span> <span class='ocrx_word' id='word_1_149' title='bbox 1384 2330 1496 2398; x_wconf 88' lang='lat' dir='ltr'>eidem</span> <span class='ocrx_word' id='word_1_150' title='bbox 1505 2331 1640 2400; x_wconf 82' lang='lat' dir='ltr'>Andree</span> <span class='ocrx_word' id='word_1_151' title='bbox 1651 2333 1765 2420; x_wconf 84' lang='lat' dir='ltr'>digne-</span> 
     </span>
     <span class='ocr_line' id='line_1_16' title="bbox 403 2429 1765 2520; baseline 0.003 -20"><span class='ocrx_word' id='word_1_152' title='bbox 403 2431 481 2500; x_wconf 82' lang='lat' dir='ltr'>mini</span> <span class='ocrx_word' id='word_1_153' title='bbox 495 2431 688 2520; x_wconf 84' lang='lat' dir='ltr'>providere.</span> <span class='ocrx_word' id='word_1_154' title='bbox 704 2429 786 2500; x_wconf 87' lang='lat' dir='ltr'>Nou</span> <span class='ocrx_word' id='word_1_155' title='bbox 800 2435 887 2500; x_wconf 89' lang='lat' dir='ltr'>obst.</span> <span class='ocrx_word' id='word_1_156' title='bbox 902 2431 994 2518; x_wconf 87' lang='lat' dir='ltr'>quod</span> <span class='ocrx_word' id='word_1_157' title='bbox 1008 2451 1083 2499; x_wconf 87' lang='lat' dir='ltr'>can.</span> <span class='ocrx_word' id='word_1_158' title='bbox 1100 2439 1135 2497; x_wconf 89' lang='lat' dir='ltr'>et</span> <span class='ocrx_word' id='word_1_159' title='bbox 1156 2434 1250 2519; x_wconf 90' lang='lat' dir='ltr'>preb.</span> <span class='ocrx_word' id='word_1_160' title='bbox 1266 2433 1300 2498; x_wconf 90' lang='lat' dir='ltr'>in</span> <span class='ocrx_word' id='word_1_161' title='bbox 1315 2432 1514 2518; x_wconf 83' lang='lat' dir='ltr'>Toruacen,</span> <span class='ocrx_word' id='word_1_162' title='bbox 1539 2444 1576 2503; x_wconf 90' lang='lat' dir='ltr'>et</span> <span class='ocrx_word' id='word_1_163' title='bbox 1602 2456 1679 2504; x_wconf 91' lang='lat' dir='ltr'>can.</span> <span class='ocrx_word' id='word_1_164' title='bbox 1705 2439 1765 2504; x_wconf 88' lang='lat' dir='ltr'>sub</span> 
     </span>
     <span class='ocr_line' id='line_1_17' title="bbox 403 2533 1831 2624; baseline 0.004 -22"><span class='ocrx_word' id='word_1_165' title='bbox 403 2557 474 2624; x_wconf 81' lang='lat' dir='ltr'>exp.</span> <span class='ocrx_word' id='word_1_166' title='bbox 489 2538 586 2624; x_wconf 86' lang='lat' dir='ltr'>preb.</span> <span class='ocrx_word' id='word_1_167' title='bbox 601 2533 819 2602; x_wconf 86' lang='lat' dir='ltr'>Cameracen.</span> <span class='ocrx_word' id='word_1_168' title='bbox 834 2537 928 2618; x_wconf 82' lang='lat' dir='ltr'>eccl,</span> <span class='ocrx_word' id='word_1_169' title='bbox 944 2543 980 2602; x_wconf 93' lang='lat' dir='ltr'>et</span> <span class='ocrx_word' id='word_1_170' title='bbox 993 2555 1087 2624; x_wconf 87' lang='lat' dir='ltr'>perp.</span> <span class='ocrx_word' id='word_1_171' title='bbox 1104 2536 1224 2623; x_wconf 86' lang='lat' dir='ltr'>capell.</span> <span class='ocrx_word' id='word_1_172' title='bbox 1239 2538 1322 2603; x_wconf 89' lang='lat' dir='ltr'>eccl.</span> <span class='ocrx_word' id='word_1_173' title='bbox 1336 2537 1380 2604; x_wconf 90' lang='lat' dir='ltr'>de</span> <span class='ocrx_word' id='word_1_174' title='bbox 1392 2536 1567 2622; x_wconf 85' lang='lat' dir='ltr'>Blmdeio,</span> <span class='ocrx_word' id='word_1_175' title='bbox 1576 2538 1765 2610; x_wconf 87' lang='lat' dir='ltr'>Tornacen.</span> <span class='ocrx_word' id='word_1_176' title='bbox 1828 2619 1831 2624; x_wconf 41' lang='grc'><strong>,</strong></span> 
     </span>
     <span class='ocr_line' id='line_1_18' title="bbox 402 2639 1405 2724; baseline -0.005 -16"><span class='ocrx_word' id='word_1_177' title='bbox 402 2639 497 2724; x_wconf 78' lang='lat' dir='ltr'>dioc,</span> <span class='ocrx_word' id='word_1_178' title='bbox 511 2640 902 2708; x_wconf 87' lang='lat' dir='ltr'>nosciturobtinere.-</span> <span class='ocrx_word' id='word_1_179' title='bbox 918 2639 997 2708; x_wconf 87' lang='lat' dir='ltr'>Fiat</span> <span class='ocrx_word' id='word_1_180' title='bbox 1013 2639 1054 2708; x_wconf 90' lang='lat' dir='ltr'>R.</span> <span class='ocrx_word' id='word_1_181' title='bbox 1397 2677 1405 2690; x_wconf 56' lang='grc' dir='ltr'>ι</span> 
     </span>
    </p>

    <p class='ocr_par' dir='ltr' id='par_1_5' title="bbox 439 2741 1377 2834">
     <span class='ocr_line' id='line_1_19' title="bbox 439 2741 1377 2834; baseline 0.001 -22"><span class='ocrx_word' id='word_1_182' title='bbox 439 2743 525 2812; x_wconf 82' lang='lat' dir='ltr'>Dat.</span> <span class='ocrx_word' id='word_1_183' title='bbox 541 2765 599 2834; x_wconf 91' lang='lat' dir='ltr'>ap.</span> <span class='ocrx_word' id='word_1_184' title='bbox 613 2741 867 2812; x_wconf 73' lang='lat' dir='ltr'>villamnovam</span> <span class='ocrx_word' id='word_1_185' title='bbox 884 2747 903 2812; x_wconf 91' lang='lat'><em>8</em></span> <span class='ocrx_word' id='word_1_186' title='bbox 917 2743 987 2812; x_wconf 87' lang='lat' dir='ltr'>kal.</span> <span class='ocrx_word' id='word_1_187' title='bbox 1002 2764 1077 2829; x_wconf 85' lang='lat' dir='ltr'>aug.</span> <span class='ocrx_word' id='word_1_188' title='bbox 1092 2751 1126 2810; x_wconf 87' lang='lat' dir='ltr'>a⁰</span> <span class='ocrx_word' id='word_1_189' title='bbox 1143 2751 1186 2811; x_wconf 87' lang='lat'>2⁰.</span> <span class='ocrx_word' id='word_1_190' title='bbox 1203 2745 1254 2828; x_wconf 85' lang='lat'>(5,</span> <span class='ocrx_word' id='word_1_191' title='bbox 1275 2746 1377 2832; x_wconf 67' lang='lat'>123&#39;).</span> 
     </span>
    </p>
   </div>
   <div class='ocr_carea' id='block_1_4' title="bbox 363 2883 1763 3092">
    <p class='ocr_par' dir='ltr' id='par_1_6' title="bbox 363 2883 1763 3092">
     <span class='ocr_line' id='line_1_20' title="bbox 363 2883 1721 3004; baseline -0.001 -37"><span class='ocrx_word' id='word_1_192' title='bbox 363 2977 364 3004; x_wconf 23' lang='lat'>¹</span> <span class='ocrx_word' id='word_1_193' title='bbox 446 2883 699 2972; x_wconf 52' lang='lat'><strong>451457.</strong></span> <span class='ocrx_word' id='word_1_194' title='bbox 1268 2883 1271 2890; x_wconf 44' lang='lat'><strong>¹</strong></span> <span class='ocrx_word' id='word_1_195' title='bbox 1434 2917 1529 2982; x_wconf 61' lang='lat'>1345,</span> <span class='ocrx_word' id='word_1_196' title='bbox 1546 2917 1588 2980; x_wconf 84' lang='lat'>25</span> <span class='ocrx_word' id='word_1_197' title='bbox 1596 2897 1721 2980; x_wconf 79' lang='lat' dir='ltr'>juillet.</span> 
     </span>
     <span class='ocr_line' id='line_1_21' title="bbox 363 2999 1763 3092; baseline 0.001 -24"><span class='ocrx_word' id='word_1_198' title='bbox 363 3007 364 3068; x_wconf 79' lang='lat'>1</span> <span class='ocrx_word' id='word_1_199' title='bbox 440 3003 547 3092; x_wconf 90' lang='lat' dir='ltr'>Supp.</span> <span class='ocrx_word' id='word_1_200' title='bbox 562 2999 677 3068; x_wconf 87' lang='lat' dir='ltr'>Adam</span> <span class='ocrx_word' id='word_1_201' title='bbox 692 2999 737 3068; x_wconf 88' lang='lat' dir='ltr'>de</span> <span class='ocrx_word' id='word_1_202' title='bbox 752 2999 888 3068; x_wconf 89' lang='lat' dir='ltr'>Urchiis</span> <span class='ocrx_word' id='word_1_203' title='bbox 902 3009 923 3083; x_wconf 78' lang='lat'>³,</span> <span class='ocrx_word' id='word_1_204' title='bbox 938 3021 1013 3089; x_wconf 88' lang='lat' dir='ltr'>cap.</span> <span class='ocrx_word' id='word_1_205' title='bbox 1028 3021 1121 3090; x_wconf 86' lang='lat' dir='ltr'>perp.</span> <span class='ocrx_word' id='word_1_206' title='bbox 1136 3000 1313 3087; x_wconf 91' lang='lat' dir='ltr'>hospitalis</span> <span class='ocrx_word' id='word_1_207' title='bbox 1337 2999 1380 3066; x_wconf 92' lang='lat' dir='ltr'>de</span> <span class='ocrx_word' id='word_1_208' title='bbox 1403 2999 1553 3082; x_wconf 89' lang='lat' dir='ltr'>Wavrin,</span> <span class='ocrx_word' id='word_1_209' title='bbox 1577 3001 1763 3069; x_wconf 86' lang='lat' dir='ltr'>Toruaccn.</span> 
     </span>
    </p>
   </div>
   <div class='ocr_carea' id='block_1_5' title="bbox 363 3103 1765 3921">
    <p class='ocr_par' dir='ltr' id='par_1_7' title="bbox 363 3103 1765 3921">
     <span class='ocr_line' id='line_1_22' title="bbox 363 3103 1763 3189; baseline 0 -17"><span class='ocrx_word' id='word_1_210' title='bbox 363 3127 364 3138; x_wconf 56' lang='lat'>¹</span> <span class='ocrx_word' id='word_1_211' title='bbox 402 3107 496 3188; x_wconf 82' lang='lat' dir='ltr'>dioc,</span> <span class='ocrx_word' id='word_1_212' title='bbox 512 3105 599 3173; x_wconf 91' lang='lat' dir='ltr'>olim</span> <span class='ocrx_word' id='word_1_213' title='bbox 615 3105 695 3172; x_wconf 85' lang='lat' dir='ltr'>fam.</span> <span class='ocrx_word' id='word_1_214' title='bbox 711 3103 916 3171; x_wconf 85' lang='lat' dir='ltr'>domesticus</span> <span class='ocrx_word' id='word_1_215' title='bbox 930 3107 1010 3172; x_wconf 92' lang='lat' dir='ltr'>bon.</span> <span class='ocrx_word' id='word_1_216' title='bbox 1037 3126 1141 3171; x_wconf 78' lang='lat' dir='ltr'>mem.</span> <span class='ocrx_word' id='word_1_217' title='bbox 1165 3104 1255 3171; x_wconf 92' lang='lat' dir='ltr'>dom.</span> <span class='ocrx_word' id='word_1_218' title='bbox 1279 3104 1458 3189; x_wconf 83' lang='lat' dir='ltr'>A(ndree),</span> <span class='ocrx_word' id='word_1_219' title='bbox 1483 3104 1535 3171; x_wconf 91' lang='lat' dir='ltr'>tit.</span> <span class='ocrx_word' id='word_1_220' title='bbox 1563 3103 1595 3170; x_wconf 89' lang='lat' dir='ltr'>S.</span> <span class='ocrx_word' id='word_1_221' title='bbox 1612 3105 1763 3172; x_wconf 88' lang='lat' dir='ltr'>Susanne</span> 
     </span>
     <span class='ocr_line' id='line_1_23' title="bbox 403 3209 1764 3295; baseline -0.001 -18"><span class='ocrx_word' id='word_1_222' title='bbox 403 3211 589 3292; x_wconf 68' lang='lat' dir='ltr'>cardinalis</span> <span class='ocrx_word' id='word_1_223' title='bbox 607 3218 642 3276; x_wconf 91' lang='lat' dir='ltr'>et</span> <span class='ocrx_word' id='word_1_224' title='bbox 658 3210 769 3276; x_wconf 89' lang='lat' dir='ltr'>eidem</span> <span class='ocrx_word' id='word_1_225' title='bbox 783 3209 873 3275; x_wconf 90' lang='lat' dir='ltr'>dom.</span> <span class='ocrx_word' id='word_1_226' title='bbox 890 3210 1051 3275; x_wconf 86' lang='lat' dir='ltr'>cardinali</span> <span class='ocrx_word' id='word_1_227' title='bbox 1076 3231 1096 3275; x_wconf 90' lang='lat' dir='ltr'>a</span> <span class='ocrx_word' id='word_1_228' title='bbox 1121 3217 1274 3295; x_wconf 89' lang='lat' dir='ltr'>tempore</span> <span class='ocrx_word' id='word_1_229' title='bbox 1301 3229 1369 3292; x_wconf 94' lang='lat' dir='ltr'>quo</span> <span class='ocrx_word' id='word_1_230' title='bbox 1393 3209 1455 3273; x_wconf 86' lang='lat' dir='ltr'>fuit</span> <span class='ocrx_word' id='word_1_231' title='bbox 1482 3209 1526 3275; x_wconf 90' lang='lat' dir='ltr'>ad</span> <span class='ocrx_word' id='word_1_232' title='bbox 1553 3210 1635 3275; x_wconf 87' lang='lat' dir='ltr'>eccl.</span> <span class='ocrx_word' id='word_1_233' title='bbox 1651 3212 1764 3276; x_wconf 84' lang='lat' dir='ltr'>Attre-</span> 
     </span>
     <span class='ocr_line' id='line_1_24' title="bbox 402 3312 1765 3402; baseline -0.001 -21"><span class='ocrx_word' id='word_1_234' title='bbox 402 3318 511 3383; x_wconf 88' lang='lat' dir='ltr'>haten.</span> <span class='ocrx_word' id='word_1_235' title='bbox 529 3322 708 3402; x_wconf 89' lang='lat' dir='ltr'>promotus</span> <span class='ocrx_word' id='word_1_236' title='bbox 723 3333 827 3397; x_wconf 92' lang='lat' dir='ltr'>usque</span> <span class='ocrx_word' id='word_1_237' title='bbox 843 3313 886 3378; x_wconf 90' lang='lat' dir='ltr'>ad</span> <span class='ocrx_word' id='word_1_238' title='bbox 901 3312 991 3378; x_wconf 90' lang='lat' dir='ltr'>diem</span> <span class='ocrx_word' id='word_1_239' title='bbox 1007 3313 1055 3377; x_wconf 91' lang='lat' dir='ltr'>sui</span> <span class='ocrx_word' id='word_1_240' title='bbox 1083 3313 1194 3378; x_wconf 92' lang='lat' dir='ltr'>obitus</span> <span class='ocrx_word' id='word_1_241' title='bbox 1221 3313 1363 3378; x_wconf 89' lang='lat' dir='ltr'>fideliter</span> <span class='ocrx_word' id='word_1_242' title='bbox 1388 3333 1456 3378; x_wconf 88' lang='lat' dir='ltr'>non</span> <span class='ocrx_word' id='word_1_243' title='bbox 1483 3316 1608 3399; x_wconf 87' lang='lat' dir='ltr'>absque</span> <span class='ocrx_word' id='word_1_244' title='bbox 1635 3315 1765 3400; x_wconf 88' lang='lat' dir='ltr'>magnis</span> 
     </span>
     <span class='ocr_line' id='line_1_25' title="bbox 363 3415 1763 3502; baseline -0.001 -17"><span class='ocrx_word' id='word_1_245' title='bbox 363 3429 364 3442; x_wconf 63' lang='lat'>¹</span> <span class='ocrx_word' id='word_1_246' title='bbox 402 3419 568 3486; x_wconf 86' lang='lat' dir='ltr'>laboribus</span> <span class='ocrx_word' id='word_1_247' title='bbox 583 3417 732 3496; x_wconf 85' lang='lat' dir='ltr'>servivit,</span> <span class='ocrx_word' id='word_1_248' title='bbox 749 3424 841 3501; x_wconf 90' lang='lat' dir='ltr'>quat.</span> <span class='ocrx_word' id='word_1_249' title='bbox 857 3416 917 3482; x_wconf 90' lang='lat' dir='ltr'>sibi</span> <span class='ocrx_word' id='word_1_250' title='bbox 934 3416 977 3481; x_wconf 91' lang='lat' dir='ltr'>de</span> <span class='ocrx_word' id='word_1_251' title='bbox 993 3436 1067 3482; x_wconf 85' lang='lat' dir='ltr'>can.</span> <span class='ocrx_word' id='word_1_252' title='bbox 1083 3425 1118 3482; x_wconf 91' lang='lat' dir='ltr'>et</span> <span class='ocrx_word' id='word_1_253' title='bbox 1134 3421 1225 3502; x_wconf 88' lang='lat' dir='ltr'>preb.</span> <span class='ocrx_word' id='word_1_254' title='bbox 1239 3417 1321 3482; x_wconf 90' lang='lat' dir='ltr'>eccl.</span> <span class='ocrx_word' id='word_1_255' title='bbox 1338 3415 1479 3498; x_wconf 79' lang='lat' dir='ltr'>Tullen,</span> <span class='ocrx_word' id='word_1_256' title='bbox 1490 3438 1564 3484; x_wconf 90' lang='lat' dir='ltr'>vac.</span> <span class='ocrx_word' id='word_1_257' title='bbox 1577 3419 1631 3483; x_wconf 89' lang='lat' dir='ltr'>vel</span> <span class='ocrx_word' id='word_1_258' title='bbox 1642 3429 1763 3501; x_wconf 78' lang='lat' dir='ltr'>vacat,</span> 
     </span>
     <span class='ocr_line' id='line_1_26' title="bbox 403 3519 1763 3609; baseline 0.001 -21"><span class='ocrx_word' id='word_1_259' title='bbox 403 3523 584 3609; x_wconf 82' lang='lat' dir='ltr'>dignemini</span> <span class='ocrx_word' id='word_1_260' title='bbox 601 3521 787 3608; x_wconf 90' lang='lat' dir='ltr'>providere.</span> <span class='ocrx_word' id='word_1_261' title='bbox 804 3519 885 3586; x_wconf 86' lang='lat' dir='ltr'>Non</span> <span class='ocrx_word' id='word_1_262' title='bbox 901 3523 987 3586; x_wconf 89' lang='lat' dir='ltr'>obst.</span> <span class='ocrx_word' id='word_1_263' title='bbox 1003 3520 1093 3605; x_wconf 87' lang='lat' dir='ltr'>quod</span> <span class='ocrx_word' id='word_1_264' title='bbox 1109 3521 1191 3586; x_wconf 89' lang='lat' dir='ltr'>eccl.</span> <span class='ocrx_word' id='word_1_265' title='bbox 1207 3520 1249 3585; x_wconf 88' lang='lat' dir='ltr'>de</span> <span class='ocrx_word' id='word_1_266' title='bbox 1267 3520 1427 3607; x_wconf 88' lang='lat' dir='ltr'>Dompno</span> <span class='ocrx_word' id='word_1_267' title='bbox 1447 3522 1601 3608; x_wconf 86' lang='lat' dir='ltr'>Remigio</span> <span class='ocrx_word' id='word_1_268' title='bbox 1628 3544 1669 3589; x_wconf 89' lang='lat' dir='ltr'>ac</span> <span class='ocrx_word' id='word_1_269' title='bbox 1689 3545 1763 3590; x_wconf 87' lang='lat' dir='ltr'>can.</span> 
     </span>
     <span class='ocr_line' id='line_1_27' title="bbox 405 3623 1761 3714; baseline 0.002 -23"><span class='ocrx_word' id='word_1_270' title='bbox 405 3640 434 3692; x_wconf 86' lang='lat' dir='ltr'>et</span> <span class='ocrx_word' id='word_1_271' title='bbox 447 3632 542 3714; x_wconf 94' lang='lat' dir='ltr'>preb.</span> <span class='ocrx_word' id='word_1_272' title='bbox 560 3626 593 3692; x_wconf 89' lang='lat' dir='ltr'>S.</span> <span class='ocrx_word' id='word_1_273' title='bbox 611 3624 746 3692; x_wconf 88' lang='lat' dir='ltr'>Nicolai</span> <span class='ocrx_word' id='word_1_274' title='bbox 762 3623 805 3689; x_wconf 92' lang='lat' dir='ltr'>de</span> <span class='ocrx_word' id='word_1_275' title='bbox 822 3623 964 3706; x_wconf 87' lang='lat' dir='ltr'>Brixeio,</span> <span class='ocrx_word' id='word_1_276' title='bbox 982 3626 1074 3709; x_wconf 83' lang='lat' dir='ltr'>cujus</span> <span class='ocrx_word' id='word_1_277' title='bbox 1090 3624 1240 3690; x_wconf 89' lang='lat' dir='ltr'>redditus</span> <span class='ocrx_word' id='word_1_278' title='bbox 1260 3645 1295 3708; x_wconf 87' lang='lat'>15</span> <span class='ocrx_word' id='word_1_279' title='bbox 1313 3624 1369 3689; x_wconf 90' lang='lat' dir='ltr'>lib.</span> <span class='ocrx_word' id='word_1_280' title='bbox 1394 3624 1473 3692; x_wconf 89' lang='lat' dir='ltr'>Tur.</span> <span class='ocrx_word' id='word_1_281' title='bbox 1489 3646 1595 3711; x_wconf 73' lang='lat' dir='ltr'>parv,</span> <span class='ocrx_word' id='word_1_282' title='bbox 1612 3648 1675 3692; x_wconf 89' lang='lat' dir='ltr'>sec.</span> <span class='ocrx_word' id='word_1_283' title='bbox 1692 3637 1761 3695; x_wconf 83' lang='lat' dir='ltr'>tax.</span> 
     </span>
     <span class='ocr_line' id='line_1_28' title="bbox 405 3728 1762 3818; baseline 0 -22"><span class='ocrx_word' id='word_1_284' title='bbox 405 3732 539 3811; x_wconf 89' lang='lat' dir='ltr'>decime,</span> <span class='ocrx_word' id='word_1_285' title='bbox 556 3732 710 3796; x_wconf 89' lang='lat' dir='ltr'>valorem</span> <span class='ocrx_word' id='word_1_286' title='bbox 733 3749 883 3794; x_wconf 88' lang='lat' dir='ltr'>annuum</span> <span class='ocrx_word' id='word_1_287' title='bbox 898 3750 966 3795; x_wconf 92' lang='lat' dir='ltr'>non</span> <span class='ocrx_word' id='word_1_288' title='bbox 983 3729 1159 3810; x_wconf 87' lang='lat' dir='ltr'>excedunt,</span> <span class='ocrx_word' id='word_1_289' title='bbox 1177 3728 1306 3793; x_wconf 84' lang='lat' dir='ltr'>Tollen.</span> <span class='ocrx_word' id='word_1_290' title='bbox 1331 3728 1428 3809; x_wconf 81' lang='lat' dir='ltr'>dioc,</span> <span class='ocrx_word' id='word_1_291' title='bbox 1453 3738 1487 3795; x_wconf 90' lang='lat' dir='ltr'>et</span> <span class='ocrx_word' id='word_1_292' title='bbox 1511 3750 1584 3795; x_wconf 89' lang='lat' dir='ltr'>can.</span> <span class='ocrx_word' id='word_1_293' title='bbox 1600 3734 1661 3795; x_wconf 90' lang='lat' dir='ltr'>sub</span> <span class='ocrx_word' id='word_1_294' title='bbox 1687 3752 1762 3818; x_wconf 86' lang='lat' dir='ltr'>exp.</span> 
     </span>
     <span class='ocr_line' id='line_1_29' title="bbox 405 3832 1547 3921; baseline -0.002 -21"><span class='ocrx_word' id='word_1_295' title='bbox 405 3840 487 3921; x_wconf 90' lang='lat' dir='ltr'>preb.</span> <span class='ocrx_word' id='word_1_296' title='bbox 503 3837 541 3901; x_wconf 93' lang='lat' dir='ltr'>in</span> <span class='ocrx_word' id='word_1_297' title='bbox 560 3835 645 3902; x_wconf 90' lang='lat' dir='ltr'>eccl.</span> <span class='ocrx_word' id='word_1_298' title='bbox 661 3833 693 3899; x_wconf 86' lang='lat' dir='ltr'>S.</span> <span class='ocrx_word' id='word_1_299' title='bbox 711 3832 759 3899; x_wconf 83' lang='lat' dir='ltr'>M.</span> <span class='ocrx_word' id='word_1_300' title='bbox 777 3832 982 3918; x_wconf 87' lang='lat' dir='ltr'>Magdalene</span> <span class='ocrx_word' id='word_1_301' title='bbox 999 3832 1180 3899; x_wconf 83' lang='lat' dir='ltr'>Virdunen.</span> <span class='ocrx_word' id='word_1_302' title='bbox 1200 3834 1340 3899; x_wconf 89' lang='lat' dir='ltr'>obtinet.</span> <span class='ocrx_word' id='word_1_303' title='bbox 1359 3871 1390 3881; x_wconf 96' lang='lat'>-</span> <span class='ocrx_word' id='word_1_304' title='bbox 1413 3832 1490 3898; x_wconf 86' lang='lat' dir='ltr'>Fiat</span> <span class='ocrx_word' id='word_1_305' title='bbox 1507 3833 1547 3898; x_wconf 89' lang='lat' dir='ltr'>R.</span> 
     </span>
    </p>
   </div>
   <div class='ocr_carea' id='block_1_6' title="bbox 405 3969 1764 4351">
    <p class='ocr_par' dir='ltr' id='par_1_8' title="bbox 405 3969 1764 4351">
     <span class='ocr_line' id='line_1_30' title="bbox 441 3969 1762 4058; baseline -0.004 -16"><span class='ocrx_word' id='word_1_306' title='bbox 441 3980 531 4042; x_wconf 82' lang='lat'>452.</span> <span class='ocrx_word' id='word_1_307' title='bbox 550 3971 643 4039; x_wconf 90' lang='lat' dir='ltr'>Item</span> <span class='ocrx_word' id='word_1_308' title='bbox 658 3991 754 4058; x_wconf 90' lang='lat' dir='ltr'>supp.</span> <span class='ocrx_word' id='word_1_309' title='bbox 771 3971 790 4049; x_wconf 92' lang='lat' dir='ltr'>J</span> <span class='ocrx_word' id='word_1_310' title='bbox 793 3971 954 4052; x_wconf 72' lang='lat' dir='ltr'>ohannes,</span> <span class='ocrx_word' id='word_1_311' title='bbox 971 3980 1071 4036; x_wconf 90' lang='lat' dir='ltr'>natus</span> <span class='ocrx_word' id='word_1_312' title='bbox 1095 3970 1197 4035; x_wconf 86' lang='lat' dir='ltr'>Bruni</span> <span class='ocrx_word' id='word_1_313' title='bbox 1213 3970 1256 4034; x_wconf 89' lang='lat' dir='ltr'>de</span> <span class='ocrx_word' id='word_1_314' title='bbox 1282 3970 1508 4055; x_wconf 84' lang='lat' dir='ltr'>Ardinghellis</span> <span class='ocrx_word' id='word_1_315' title='bbox 1523 3971 1565 4035; x_wconf 90' lang='lat' dir='ltr'>de</span> <span class='ocrx_word' id='word_1_316' title='bbox 1583 3969 1762 4050; x_wconf 84' lang='lat' dir='ltr'>Florentia,</span> 
     </span>
     <span class='ocr_line' id='line_1_31' title="bbox 406 4071 1763 4164; baseline -0.001 -23"><span class='ocrx_word' id='word_1_317' title='bbox 406 4078 533 4164; x_wconf 85' lang='lat' dir='ltr'>nepotis</span> <span class='ocrx_word' id='word_1_318' title='bbox 547 4074 672 4163; x_wconf 84' lang='lat' dir='ltr'>prelati</span> <span class='ocrx_word' id='word_1_319' title='bbox 688 4074 778 4140; x_wconf 90' lang='lat' dir='ltr'>dom.</span> <span class='ocrx_word' id='word_1_320' title='bbox 795 4073 980 4154; x_wconf 89' lang='lat' dir='ltr'>cardinalis,</span> <span class='ocrx_word' id='word_1_321' title='bbox 997 4082 1089 4158; x_wconf 90' lang='lat' dir='ltr'>quat.</span> <span class='ocrx_word' id='word_1_322' title='bbox 1102 4074 1163 4139; x_wconf 86' lang='lat' dir='ltr'>sibi</span> <span class='ocrx_word' id='word_1_323' title='bbox 1179 4073 1222 4138; x_wconf 92' lang='lat' dir='ltr'>de</span> <span class='ocrx_word' id='word_1_324' title='bbox 1238 4094 1313 4138; x_wconf 83' lang='lat' dir='ltr'>can.</span> <span class='ocrx_word' id='word_1_325' title='bbox 1330 4081 1365 4138; x_wconf 93' lang='lat' dir='ltr'>et</span> <span class='ocrx_word' id='word_1_326' title='bbox 1380 4076 1473 4158; x_wconf 90' lang='lat' dir='ltr'>preb.</span> <span class='ocrx_word' id='word_1_327' title='bbox 1486 4074 1567 4138; x_wconf 83' lang='lat' dir='ltr'>eccl.</span> <span class='ocrx_word' id='word_1_328' title='bbox 1578 4073 1610 4138; x_wconf 87' lang='lat' dir='ltr'>S.</span> <span class='ocrx_word' id='word_1_329' title='bbox 1624 4071 1763 4140; x_wconf 88' lang='lat' dir='ltr'>Martini</span> 
     </span>
     <span class='ocr_line' id='line_1_32' title="bbox 405 4175 1764 4267; baseline 0 -22"><span class='ocrx_word' id='word_1_330' title='bbox 405 4181 440 4246; x_wconf 89' lang='lat' dir='ltr'>de</span> <span class='ocrx_word' id='word_1_331' title='bbox 453 4179 644 4267; x_wconf 84' lang='lat' dir='ltr'>Campellis</span> <span class='ocrx_word' id='word_1_332' title='bbox 659 4178 692 4242; x_wconf 92' lang='lat' dir='ltr'>in</span> <span class='ocrx_word' id='word_1_333' title='bbox 710 4177 796 4258; x_wconf 87' lang='lat' dir='ltr'>Bria,</span> <span class='ocrx_word' id='word_1_334' title='bbox 814 4176 972 4243; x_wconf 87' lang='lat' dir='ltr'>Parisien.</span> <span class='ocrx_word' id='word_1_335' title='bbox 985 4176 1082 4257; x_wconf 77' lang='lat' dir='ltr'>dioc,</span> <span class='ocrx_word' id='word_1_336' title='bbox 1096 4198 1170 4242; x_wconf 84' lang='lat' dir='ltr'>vac.</span> <span class='ocrx_word' id='word_1_337' title='bbox 1183 4177 1236 4240; x_wconf 86' lang='lat' dir='ltr'>vel</span> <span class='ocrx_word' id='word_1_338' title='bbox 1249 4183 1372 4253; x_wconf 80' lang='lat' dir='ltr'>vacat,</span> <span class='ocrx_word' id='word_1_339' title='bbox 1386 4175 1568 4260; x_wconf 84' lang='lat' dir='ltr'>dignemini</span> <span class='ocrx_word' id='word_1_340' title='bbox 1578 4177 1764 4262; x_wconf 89' lang='lat' dir='ltr'>providere.</span> 
     </span>
     <span class='ocr_line' id='line_1_33' title="bbox 409 4283 591 4351; baseline -0.011 0"><span class='ocrx_word' id='word_1_341' title='bbox 409 4322 436 4333; x_wconf 94' lang='lat'>—</span> <span class='ocrx_word' id='word_1_342' title='bbox 449 4285 531 4351; x_wconf 86' lang='lat' dir='ltr'>Fiat</span> <span class='ocrx_word' id='word_1_343' title='bbox 548 4283 591 4349; x_wconf 93' lang='lat' dir='ltr'>R.</span> 
     </span>
    </p>
   </div>
   <div class='ocr_carea' id='block_1_7' title="bbox 397 4418 1765 5131">
    <p class='ocr_par' dir='ltr' id='par_1_9' title="bbox 397 4418 1765 5131">
     <span class='ocr_line' id='line_1_34' title="bbox 438 4418 1765 4506; baseline -0.001 -19"><span class='ocrx_word' id='word_1_344' title='bbox 438 4430 527 4493; x_wconf 83' lang='lat'>453.</span> <span class='ocrx_word' id='word_1_345' title='bbox 539 4421 630 4487; x_wconf 89' lang='lat' dir='ltr'>Item</span> <span class='ocrx_word' id='word_1_346' title='bbox 642 4441 738 4506; x_wconf 91' lang='lat' dir='ltr'>supp.</span> <span class='ocrx_word' id='word_1_347' title='bbox 751 4420 771 4497; x_wconf 93' lang='lat' dir='ltr'><strong>J</strong></span> <span class='ocrx_word' id='word_1_348' title='bbox 773 4420 924 4486; x_wconf 89' lang='lat' dir='ltr'>ohannes</span> <span class='ocrx_word' id='word_1_349' title='bbox 935 4420 978 4486; x_wconf 91' lang='lat' dir='ltr'>de</span> <span class='ocrx_word' id='word_1_350' title='bbox 991 4418 1160 4499; x_wconf 88' lang='lat' dir='ltr'>Bussiac0,</span> <span class='ocrx_word' id='word_1_351' title='bbox 1176 4418 1332 4484; x_wconf 88' lang='lat' dir='ltr'>Parisien.</span> <span class='ocrx_word' id='word_1_352' title='bbox 1345 4418 1443 4498; x_wconf 80' lang='lat' dir='ltr'>dioc,</span> <span class='ocrx_word' id='word_1_353' title='bbox 1457 4419 1538 4485; x_wconf 90' lang='lat' dir='ltr'>olim</span> <span class='ocrx_word' id='word_1_354' title='bbox 1549 4420 1765 4487; x_wconf 85' lang='lat' dir='ltr'>buticularius</span> 
     </span>
     <span class='ocr_line' id='line_1_35' title="bbox 401 4523 1764 4610; baseline -0.002 -18"><span class='ocrx_word' id='word_1_355' title='bbox 401 4527 477 4595; x_wconf 86' lang='lat' dir='ltr'>dicti</span> <span class='ocrx_word' id='word_1_356' title='bbox 493 4527 589 4594; x_wconf 93' lang='lat' dir='ltr'>dom.</span> <span class='ocrx_word' id='word_1_357' title='bbox 606 4524 796 4605; x_wconf 70' lang='lat' dir='ltr'>cardinalis</span> <span class='ocrx_word' id='word_1_358' title='bbox 813 4531 905 4608; x_wconf 88' lang='lat' dir='ltr'>quat.</span> <span class='ocrx_word' id='word_1_359' title='bbox 922 4524 982 4589; x_wconf 91' lang='lat' dir='ltr'>sibi</span> <span class='ocrx_word' id='word_1_360' title='bbox 1009 4523 1052 4588; x_wconf 92' lang='lat' dir='ltr'>de</span> <span class='ocrx_word' id='word_1_361' title='bbox 1079 4527 1155 4588; x_wconf 92' lang='lat' dir='ltr'>ben.</span> <span class='ocrx_word' id='word_1_362' title='bbox 1172 4523 1254 4588; x_wconf 90' lang='lat' dir='ltr'>eccl.</span> <span class='ocrx_word' id='word_1_363' title='bbox 1282 4544 1311 4589; x_wconf 90' lang='lat' dir='ltr'>c.</span> <span class='ocrx_word' id='word_1_364' title='bbox 1339 4544 1368 4588; x_wconf 85' lang='lat' dir='ltr'>c.</span> <span class='ocrx_word' id='word_1_365' title='bbox 1395 4523 1449 4587; x_wconf 90' lang='lat' dir='ltr'>vel</span> <span class='ocrx_word' id='word_1_366' title='bbox 1477 4544 1502 4588; x_wconf 80' lang='lat' dir='ltr'>s</span> <span class='ocrx_word' id='word_1_367' title='bbox 1530 4544 1558 4589; x_wconf 92' lang='lat' dir='ltr'>c.</span> <span class='ocrx_word' id='word_1_368' title='bbox 1586 4533 1764 4610; x_wconf 87' lang='lat' dir='ltr'>spectante</span> 
     </span>
     <span class='ocr_line' id='line_1_36' title="bbox 400 4627 1763 4699; baseline -0.004 -2"><span class='ocrx_word' id='word_1_369' title='bbox 400 4631 626 4699; x_wconf 84' lang='lat' dir='ltr'>communiter</span> <span class='ocrx_word' id='word_1_370' title='bbox 641 4630 695 4694; x_wconf 95' lang='lat' dir='ltr'>vel</span> <span class='ocrx_word' id='word_1_371' title='bbox 711 4627 843 4694; x_wconf 80' lang='lat' dir='ltr'>divisim</span> <span class='ocrx_word' id='word_1_372' title='bbox 859 4627 904 4694; x_wconf 89' lang='lat' dir='ltr'>ad</span> <span class='ocrx_word' id='word_1_373' title='bbox 926 4628 1035 4693; x_wconf 83' lang='lat' dir='ltr'>coll...</span> <span class='ocrx_word' id='word_1_374' title='bbox 1061 4630 1137 4693; x_wconf 88' lang='lat' dir='ltr'>abb.</span> <span class='ocrx_word' id='word_1_375' title='bbox 1163 4637 1198 4692; x_wconf 91' lang='lat' dir='ltr'>et</span> <span class='ocrx_word' id='word_1_376' title='bbox 1214 4648 1312 4692; x_wconf 90' lang='lat' dir='ltr'>conv.</span> <span class='ocrx_word' id='word_1_377' title='bbox 1337 4627 1531 4692; x_wconf 88' lang='lat' dir='ltr'>monasterii</span> <span class='ocrx_word' id='word_1_378' title='bbox 1557 4628 1587 4693; x_wconf 87' lang='lat' dir='ltr'>S.</span> <span class='ocrx_word' id='word_1_379' title='bbox 1617 4628 1707 4692; x_wconf 88' lang='lat' dir='ltr'>Petri</span> <span class='ocrx_word' id='word_1_380' title='bbox 1731 4628 1763 4691; x_wconf 91' lang='lat' dir='ltr'>in</span> 
     </span>
     <span class='ocr_line' id='line_1_37' title="bbox 401 4730 1763 4817; baseline -0.004 -15"><span class='ocrx_word' id='word_1_381' title='bbox 401 4735 504 4817; x_wconf 81' lang='lat' dir='ltr'>l&#39;alle,</span> <span class='ocrx_word' id='word_1_382' title='bbox 521 4735 565 4801; x_wconf 96' lang='lat' dir='ltr'>O.</span> <span class='ocrx_word' id='word_1_383' title='bbox 582 4734 615 4800; x_wconf 87' lang='lat' dir='ltr'>S.</span> <span class='ocrx_word' id='word_1_384' title='bbox 632 4732 682 4815; x_wconf 72' lang='grc' dir='ltr'>Β,</span> <span class='ocrx_word' id='word_1_385' title='bbox 699 4732 880 4798; x_wconf 88' lang='lat' dir='ltr'>Carnoten.</span> <span class='ocrx_word' id='word_1_386' title='bbox 896 4731 993 4812; x_wconf 78' lang='lat' dir='ltr'>dioc,</span> <span class='ocrx_word' id='word_1_387' title='bbox 1021 4731 1063 4797; x_wconf 91' lang='lat' dir='ltr'>ad</span> <span class='ocrx_word' id='word_1_388' title='bbox 1090 4740 1159 4796; x_wconf 83' lang='lat' dir='ltr'>tax.</span> <span class='ocrx_word' id='word_1_389' title='bbox 1188 4731 1317 4796; x_wconf 87' lang='lat' dir='ltr'>decime</span> <span class='ocrx_word' id='word_1_390' title='bbox 1334 4732 1374 4795; x_wconf 82' lang='lat'>80</span> <span class='ocrx_word' id='word_1_391' title='bbox 1398 4730 1424 4793; x_wconf 87' lang='lat' dir='ltr'>si</span> <span class='ocrx_word' id='word_1_392' title='bbox 1452 4751 1480 4796; x_wconf 89' lang='lat' dir='ltr'>c.</span> <span class='ocrx_word' id='word_1_393' title='bbox 1498 4751 1537 4812; x_wconf 78' lang='lat' dir='ltr'>c,</span> <span class='ocrx_word' id='word_1_394' title='bbox 1554 4731 1579 4795; x_wconf 91' lang='lat' dir='ltr'>si</span> <span class='ocrx_word' id='word_1_395' title='bbox 1598 4753 1717 4797; x_wconf 83' lang='lat' dir='ltr'>veros</span> <span class='ocrx_word' id='word_1_396' title='bbox 1735 4753 1763 4796; x_wconf 94' lang='lat' dir='ltr'>c.</span> 
     </span>
     <span class='ocr_line' id='line_1_38' title="bbox 399 4834 1763 4925; baseline -0.003 -21"><span class='ocrx_word' id='word_1_397' title='bbox 399 4841 493 4907; x_wconf 85' lang='lat' dir='ltr'>luerit</span> <span class='ocrx_word' id='word_1_398' title='bbox 510 4861 554 4925; x_wconf 89' lang='lat'>40</span> <span class='ocrx_word' id='word_1_399' title='bbox 570 4839 628 4905; x_wconf 94' lang='lat' dir='ltr'>lib.</span> <span class='ocrx_word' id='word_1_400' title='bbox 644 4836 724 4904; x_wconf 90' lang='lat' dir='ltr'>Tur.</span> <span class='ocrx_word' id='word_1_401' title='bbox 740 4857 842 4923; x_wconf 80' lang='lat' dir='ltr'>parv,</span> <span class='ocrx_word' id='word_1_402' title='bbox 859 4856 933 4901; x_wconf 90' lang='lat' dir='ltr'>vac.</span> <span class='ocrx_word' id='word_1_403' title='bbox 949 4837 1003 4901; x_wconf 91' lang='lat' dir='ltr'>vel</span> <span class='ocrx_word' id='word_1_404' title='bbox 1027 4845 1148 4916; x_wconf 77' lang='lat' dir='ltr'>vacat,</span> <span class='ocrx_word' id='word_1_405' title='bbox 1165 4835 1347 4917; x_wconf 75' lang='lat' dir='ltr'>dignemini</span> <span class='ocrx_word' id='word_1_406' title='bbox 1373 4834 1555 4921; x_wconf 90' lang='lat' dir='ltr'>providere.</span> <span class='ocrx_word' id='word_1_407' title='bbox 1574 4834 1653 4900; x_wconf 83' lang='lat' dir='ltr'>Non</span> <span class='ocrx_word' id='word_1_408' title='bbox 1678 4838 1763 4901; x_wconf 89' lang='lat' dir='ltr'>obst.</span> 
     </span>
     <span class='ocr_line' id='line_1_39' title="bbox 398 4937 1764 5032; baseline -0.007 -20"><span class='ocrx_word' id='word_1_409' title='bbox 398 4945 488 5031; x_wconf 91' lang='lat' dir='ltr'>quod</span> <span class='ocrx_word' id='word_1_410' title='bbox 502 4940 752 5011; x_wconf 78' lang='lat' dir='ltr'>matriculariae</span> <span class='ocrx_word' id='word_1_411' title='bbox 767 4940 809 5032; x_wconf 87' lang='lat' dir='ltr'>de</span> <span class='ocrx_word' id='word_1_412' title='bbox 824 4939 1076 5006; x_wconf 88' lang='lat' dir='ltr'>Wasemonstre</span> <span class='ocrx_word' id='word_1_413' title='bbox 1103 4948 1138 5004; x_wconf 91' lang='lat' dir='ltr'>et</span> <span class='ocrx_word' id='word_1_414' title='bbox 1161 4938 1203 5004; x_wconf 91' lang='lat' dir='ltr'>de</span> <span class='ocrx_word' id='word_1_415' title='bbox 1230 4937 1391 5019; x_wconf 90' lang='lat' dir='ltr'>Jabecke,</span> <span class='ocrx_word' id='word_1_416' title='bbox 1419 4959 1484 5022; x_wconf 91' lang='lat' dir='ltr'>que</span> <span class='ocrx_word' id='word_1_417' title='bbox 1506 4959 1574 5004; x_wconf 90' lang='lat' dir='ltr'>non</span> <span class='ocrx_word' id='word_1_418' title='bbox 1598 4938 1764 5004; x_wconf 88' lang='lat' dir='ltr'>excedunt</span> 
     </span>
     <span class='ocr_line' id='line_1_40' title="bbox 397 5042 1764 5131; baseline -0.004 -20"><span class='ocrx_word' id='word_1_419' title='bbox 397 5049 550 5116; x_wconf 77' lang='lat' dir='ltr'>valorem</span> <span class='ocrx_word' id='word_1_420' title='bbox 573 5066 610 5131; x_wconf 83' lang='lat'>15</span> <span class='ocrx_word' id='word_1_421' title='bbox 628 5045 686 5111; x_wconf 93' lang='lat' dir='ltr'>lib.</span> <span class='ocrx_word' id='word_1_422' title='bbox 702 5044 736 5109; x_wconf 92' lang='lat' dir='ltr'>in</span> <span class='ocrx_word' id='word_1_423' title='bbox 752 5044 902 5109; x_wconf 91' lang='lat' dir='ltr'>absentia</span> <span class='ocrx_word' id='word_1_424' title='bbox 918 5052 953 5108; x_wconf 91' lang='lat' dir='ltr'>et</span> <span class='ocrx_word' id='word_1_425' title='bbox 968 5064 1070 5108; x_wconf 90' lang='lat' dir='ltr'>unam</span> <span class='ocrx_word' id='word_1_426' title='bbox 1086 5042 1278 5128; x_wconf 87' lang='lat' dir='ltr'>portionem</span> <span class='ocrx_word' id='word_1_427' title='bbox 1296 5042 1329 5106; x_wconf 91' lang='lat' dir='ltr'>in</span> <span class='ocrx_word' id='word_1_428' title='bbox 1346 5043 1428 5107; x_wconf 90' lang='lat' dir='ltr'>eccl.</span> <span class='ocrx_word' id='word_1_429' title='bbox 1452 5042 1574 5108; x_wconf 88' lang='lat' dir='ltr'>Oscen.</span> <span class='ocrx_word' id='word_1_430' title='bbox 1591 5052 1626 5107; x_wconf 91' lang='lat' dir='ltr'>et</span> <span class='ocrx_word' id='word_1_431' title='bbox 1641 5044 1764 5107; x_wconf 87' lang='lat' dir='ltr'>virtute</span> 
     </span>
    </p>
   </div>
   <div class='ocr_carea' id='block_1_8' title="bbox 428 5227 963 5288">
    <p class='ocr_par' dir='ltr' id='par_1_10' title="bbox 428 5227 963 5288">
     <span class='ocr_line' id='line_1_41' title="bbox 428 5227 963 5288; baseline -0.011 -6"><span class='ocrx_word' id='word_1_432' title='bbox 428 5235 450 5282; x_wconf 90' lang='lat' dir='ltr'>l.</span> <span class='ocrx_word' id='word_1_433' title='bbox 463 5231 528 5282; x_wconf 80' lang='lat' dir='ltr'>Voir</span> <span class='ocrx_word' id='word_1_434' title='bbox 540 5245 567 5280; x_wconf 88' lang='lat' dir='ltr'>n.</span> <span class='ocrx_word' id='word_1_435' title='bbox 579 5231 639 5279; x_wconf 77' lang='lat'>441.</span> <span class='ocrx_word' id='word_1_436' title='bbox 650 5255 683 5263; x_wconf 89' lang='lat'>-</span> <span class='ocrx_word' id='word_1_437' title='bbox 694 5229 718 5277; x_wconf 78' lang='lat'>2.</span> <span class='ocrx_word' id='word_1_438' title='bbox 730 5227 792 5276; x_wconf 84' lang='lat' dir='ltr'>Voir</span> <span class='ocrx_word' id='word_1_439' title='bbox 803 5242 828 5277; x_wconf 89' lang='lat' dir='ltr'>n.</span> <span class='ocrx_word' id='word_1_440' title='bbox 839 5230 894 5288; x_wconf 71' lang='lat' dir='ltr'>ato,</span> <span class='ocrx_word' id='word_1_441' title='bbox 908 5229 963 5277; x_wconf 75' lang='lat'>374.</span> 
     </span>
    </p>
   </div>
   <div class='ocr_carea' id='block_1_9' title="bbox 0 0 2330 6052">
    <p class='ocr_par' dir='ltr' id='par_1_11' title="bbox 0 0 2330 6052">
     <span class='ocr_line' id='line_1_42' title="bbox 0 0 2330 6052; baseline 0 0"><span class='ocrx_word' id='word_1_442' title='bbox 0 0 2330 6052; x_wconf 95' lang='lat' dir='ltr'> </span> 
     </span>
    </p>
   </div>
  </div>
 </body>
</html>
