4650 6059
481 796 537 859 156
990 795 1077 867 1344,
1100 795 1189 858 21-22
1211 794 1328 860 1611111.

532 948 648 1029 669.
1494 982 1589 1046 1311,
1606 984 1647 1027 21
1657 964 1801 1051 fe'urr'cr.

524 1067 625 1151 Supp.
639 1065 903 1150 R(aymundus),
920 1065 1022 1150 episc.
1040 1062 1220 1145 Morinen.,
1238 1072 1331 1149 quat.
1341 1068 1420 1130 nob.
1432 1066 1506 1130 viro
1517 1064 1607 1132 dom.
1621 1067 1793 1133 Ademaro
1803 1068 1843 1133 de

482 1169 673 1235 Motelauro
688 1169 786 1234 militi
796 1179 830 1233 et
840 1168 911 1253 ejus
923 1168 1016 1233 uxori
1027 1177 1062 1232 et
1072 1170 1170 1233 matri
1184 1168 1318 1253 plenam
1329 1166 1454 1232 remiss.
1467 1175 1685 1253 peccatorum
1699 1172 1733 1235 in
1746 1180 1841 1236 mort.

479 1284 540 1338 art.
558 1274 742 1339 concedere
758 1272 941 1356 dignemini
959 1280 995 1337 ut
1012 1271 1045 1335 in
1063 1271 1181 1336 forma.
1203 1308 1235 1319 -
1257 1269 1332 1336 Fiat
1349 1270 1389 1336 R.

524 1379 603 1443 Dat.
621 1400 674 1464 ap.
692 1378 941 1442 Villamnovam
960 1398 977 1456 9
994 1376 1061 1441 kal.
1077 1384 1177 1441 mart.
1195 1383 1229 1440 1ο
1246 1384 1287 1441 2⁰.
1305 1377 1357 1460 (4,
1376 1379 1465 1460 217).

532 1517 649 1598 670.
1494 1548 1589 1611 1311,
1607 1549 1647 1592 ar
1656 1529 1798 1615 sentiar.

523 1636 624 1720 Supp.
643 1633 873 1717 Raymundus,
889 1631 991 1716 episc.
1020 1628 1201 1710 Morinen.,
1218 1638 1310 1715 quat.
1327 1630 1476 1697 Guidoni
1492 1630 1535 1696 de
1551 1630 1656 1713 Bova,
1674 1631 1840 1700 Morinen.

479 1740 576 1817 dioc,
593 1739 670 1803 cler.
687 1759 747 1802 suo
762 1746 797 1802 et
824 1736 927 1801 famil.
954 1735 1152 1816 domestic0,
1178 1734 1365 1800 concedere
1390 1735 1585 1820 dignemini,
1601 1743 1638 1801 ut
1665 1758 1735 1804 non
1759 1742 1841 1805 obst.

478 1865 526 1927 gr.
553 1866 572 1907 a
594 1843 625 1906 S.
642 1841 681 1906 V.
709 1842 743 1905 111
767 1840 937 1905 communi
961 1839 1067 1904 fomra
1091 1859 1277 1924 pauperum
1301 1839 1362 1904 sibi
1386 1838 1476 1904 sacta
1498 1838 1541 1904 de
1562 1842 1640 1906 ben.
1663 1842 1747 1908 eccl.
1770 1864 1800 1909 c.
1815 1864 1842 1908 c.

481 1949 533 2011 vel
550 1967 575 2011 s.
592 1967 631 2021 c.,
649 1953 825 2030 spectante
841 1943 885 2008 ad
901 1944 998 2008 coll...
1022 1943 1191 2007 abbatisse
1207 1951 1242 2007 et
1259 1962 1357 2007 10111.
1376 1942 1573 2007 nronasterii
1594 1942 1632 2010 B.
1658 1944 1708 2010 M.
1727 1944 1843 2012 Messi-

479 2050 602 2126 neusis,
630 2048 671 2112 O.
698 2048 729 2111 S.
756 2046 804 2126 B,
830 2045 916 2110 dioc.
941 2045 1101 2129 predicte,
1126 2045 1351 2130 quodcunque
1380 2048 1458 2110 ben.
1485 2047 1568 2111 eccl.
1593 2048 1655 2113 sibi
1680 2050 1843 2115 canonice

480 2151 721 2218 conferendum
751 2159 940 2233 acceptare,
967 2149 1126 2234 recipere,
1151 2149 1295 2214 retinere
1318 2149 1426 2234 possit
1450 2157 1485 2213 et
1512 2149 1616 2215 etiam
1640 2148 1812 2233 possidere
1835 2172 1842 2227 ;

479 2257 570 2322 dicta
593 2255 700 2338 gratia
724 2253 894 2319 cormnuni
927 2252 1203 2337 processibusque
1226 2261 1261 2317 et
1288 2253 1361 2318 aliis
1384 2251 1505 2317 exinde
1531 2254 1680 2338 sequutis
1704 2254 1843 2320 nichilo

478 2360 589 2423 minus
613 2360 645 2421 in
670 2379 730 2422 suo
753 2360 871 2422 robore
894 2356 1081 2433 duraturis;
1104 2363 1138 2421 et
1162 2378 1239 2422 cum
1263 2357 1336 2421 aliis
1358 2377 1428 2422 non
1452 2360 1560 2423 obst...
1586 2356 1730 2437 -Fiat,
1753 2359 1781 2423 si
1805 2360 1845 2424 sit

480 2461 708 2546 compatibile.
722 2460 762 2525 R.

524 2566 604 2630 Dat.
621 2586 674 2650 ap.
691 2564 940 2629 Villamnouam
958 2584 976 2643 9
992 2563 1060 2628 kal.
1076 2572 1172 2628 mart.
1189 2571 1223 2629 a⁰
1240 2572 1281 2629 2-0.
1299 2566 1351 2648 (4,
1370 2566 1459 2648 218).

534 2700 640 2781 671.
1497 2731 1593 2795 1311,
1610 2734 1651 2777 22
1659 2714 1804 2800 scorrer.

524 2819 613 2902 Sign.
629 2816 811 2895 Johannes,
824 2815 891 2879 dux
904 2813 1097 2893 Brabantie,
1115 2814 1206 2898 quod
1222 2813 1355 2880 illustris
1371 2814 1521 2881 dom.rex
1534 2817 1657 2901 Anglie
1670 2816 1737 2882 fide
1747 2818 1848 2903 digna

481 2922 645 2986 relatione
663 2928 824 3006 percepto
840 2919 930 3003 quod
955 2919 987 2982 in
1005 2919 1211 2984 monasterio
1239 2919 1270 2984 S.
1288 2918 1466 2997 Michaelis
1481 2921 1760 3008 Antwerpiensis,
1778 2922 1847 2988 ord.

482 3025 812 3104 Premonstratensis,
829 3023 1048 3089 Cameracen.
1074 3023 1171 3102 dioc,
1188 3024 1321 3090 divinus
1337 3026 1445 3090 cultus
1475 3025 1611 3110 vigebat
1638 3032 1673 3090 et
1689 3027 1848 3111 regularis

481 3131 696 3195 observantia
709 3128 920 3194 laudabiliter
930 3130 1133 3207 serrabatur,
1150 3136 1288 3212 propter
1303 3128 1369 3193 hoc
1384 3148 1519 3193 necnon
1532 3136 1670 3214 propter
1685 3131 1847 3196 sanctita-

481 3245 549 3297 tem
561 3254 779 3319 personarum
791 3232 892 3317 ipsius
903 3232 1097 3295 monasterii
1107 3252 1147 3296 11
1160 3231 1564 3316 hospitalitatiS,caritatis
1576 3240 1610 3298 et
1620 3233 1847 3300 misericordie

482 3358 593 3421 opera,
611 3359 675 3420 que
692 3337 771 3399 inibi
786 3336 908 3419 jugiter
924 3345 1131 3416 exercentur,
1149 3357 1190 3401 ae
1205 3345 1342 3421 propter
1358 3336 1504 3421 ipsorum
1520 3338 1723 3403 tenuitatem
1740 3340 1848 3405 reddi-

483 3449 627 3505 tuamet
655 3440 802 3524 dampna
827 3440 1061 3523 plurimaque
1086 3461 1127 3503 ex
1153 3438 1373 3503 inundatione
1396 3440 1572 3505 fluviorum
1601 3442 1847 3508 maritimorum

484 3567 523 3609 ac
540 3544 630 3608 fluxu
646 3551 680 3608 ct
696 3543 822 3608 refluxu
839 3543 938 3607 maris
956 3543 989 3606 in
1000 3542 1098 3607 bonis
1108 3544 1174 3608 suis
1185 3552 1219 3607 et
1229 3543 1493 3627 possessionibus
1508 3564 1643 3629 passum
1653 3545 1726 3627 fuit,
1736 3556 1849 3612 motus

484 3650 557 3713 aelo
572 3647 761 3712 devotionis
777 3655 811 3711 et
836 3646 981 3732 pietatis,
996 3648 1048 3730 jus
1063 3654 1263 3731 patronatus
1290 3656 1325 3711 et
1352 3648 1568 3713 advocatiam
1585 3668 1668 3732 quos
1694 3658 1729 3713 et
1746 3671 1846 3734 quam

484 3753 554 3837 ipse
570 3773 627 3816 rex
644 3752 676 3815 in
693 3752 845 3837 parroclr.
872 3752 954 3816 eccl.
971 3749 1172 3834 Tlryugden,
1195 3749 1392 3815 Lincolnen.
1419 3750 1517 3831 dioc,
1540 3752 1698 3832 habebat,
1715 3754 1848 3839 prefato

481 3856 687 3920 monasterio
699 3876 739 3919 ea
755 3854 944 3919 intentione
962 3854 1112 3934 donarit,
1129 3862 1166 3917 ut
1183 3853 1253 3938 ipsa
1270 3854 1412 3919 ecclesia
1427 3855 1559 3941 prefato
1583 3858 1792 3931 monasterio
1814 3859 1844 3921 in

481 3970 698 4043 augmentum
715 3959 955 4044 hospitalitatis
971 3967 1005 4021 et
1021 3960 1186 4022 bonorum
1215 3978 1353 4043 operum
1375 3957 1601 4043 predictorum
1618 3959 1846 4046 incorporare-

481 4073 534 4127 tur
549 4065 794 4149 imperpetuum
812 4083 852 4126 ac
862 4063 965 4126 etiam
983 4061 1140 4125 uniretur.
1151 4061 1264 4144 Quare
1280 4082 1375 4147 supp.
1389 4061 1476 4127 idem
1493 4063 1560 4128 dux
1576 4070 1668 4147 quat.
1679 4064 1846 4149 prefatam

480 4167 632 4249 parroch.
664 4168 744 4230 eccl.
774 4165 805 4228 in
837 4173 1053 4246 augmentum
1084 4164 1320 4248 premissorum
1350 4165 1431 4230 dicti
1463 4166 1657 4231 monasterii
1690 4188 1732 4231 ex
1757 4188 1846 4233 nunc

482 4269 725 4353 imperpetuum
753 4269 955 4332 auctoritate
982 4277 1089 4351 apost.
1125 4268 1337 4352 incorporare
1362 4269 1555 4353 dignemini,
1582 4278 1786 4336 connectere
1813 4281 1845 4336 et

481 4373 584 4450 unire,
601 4379 769 4435 reservata
792 4379 908 4434 tamen
935 4371 976 4435 rle
1001 4372 1102 4455 ipsius
1127 4373 1209 4436 eccl.
1232 4372 1431 4438 fructibus...
1450 4393 1597 4457 congrua
1613 4374 1770 4459 portione
1786 4396 1846 4460 pro

480 4495 572 4559 perp.
586 4475 711 4539 vicario
728 4475 771 4539 ad
787 4485 931 4560 present.
945 4476 1075 4539 abbatis
1088 4485 1122 4539 et
1139 4486 1326 4541 com-entus
1338 4476 1419 4542 dicti
1433 4478 1627 4542 monasterii
1639 4479 1846 4544 instituendo

481 4600 539 4663 per
555 4580 618 4643 loci
636 4579 849 4654 ordinarium,
874 4602 915 4643 ex
939 4601 1005 4662 qua
1030 4601 1177 4664 congrua
1201 4581 1390 4661 sustentari,
1404 4582 1478 4666 jura
1494 4582 1700 4668 episcopalia
1716 4585 1846 4649 solvere

480 4692 514 4746 et
530 4683 594 4747 alia
612 4683 671 4746 sibi
697 4683 925 4747 incumbentia
949 4704 1051 4748 onera
1074 4685 1189 4749 valeat
1213 4693 1419 4769 supportare,
1444 4685 1489 4749 ita
1513 4686 1603 4770 quod
1626 4686 1770 4752 cedente
1792 4690 1845 4751 vel

479 4786 664 4850 decedente
692 4795 821 4851 rectore
849 4787 950 4872 ipsius
974 4788 1124 4866 ecclesie,
1151 4788 1206 4871 qui
1230 4808 1320 4853 nunc
1342 4797 1403 4869 est,
1424 4789 1525 4854 liceat
1548 4789 1647 4855 dictis
1671 4791 1785 4856 abbati
1812 4800 1845 4856 et

481 4891 661 4955 conventui
680 4891 827 4974 ejusdem
845 4892 985 4957 ecclesie
1003 4892 1204 4957 auctoritate
1221 4893 1354 4978 propria
1371 4894 1581 4978 corporalem
1598 4893 1846 4978 possessionem

479 4994 731 5080 apprehendere
748 5005 781 5060 et
797 5006 922 5075 tenere,
940 4996 1108 5060 diocesani
1126 4996 1191 5060 loci
1208 4999 1261 5060 rel
1286 4997 1423 5061 alterius
1447 4987 1684 5081 cujuscumque
1708 4997 1846 5063 licentia

479 5099 616 5162 minime
633 5100 801 5182 requisita,
819 5122 894 5165 cum
912 5101 1066 5164 omnibus
1082 5121 1150 5163 nou
1169 5101 1379 5165 obstantibus
1395 5111 1429 5165 et
1445 5100 1599 5166 clausulis
1620 5102 1798 5186 oportunis
1813 5112 1847 5167 et

479 5204 721 5268 executoribus.
739 5246 780 5252 —
799 5205 906 5270 Possit
924 5206 992 5269 fieri
1009 5226 1067 5290 per
1091 5204 1306 5269 diocesanum
1335 5215 1424 5271 auct.
1449 5215 1568 5291 apost,
1596 5206 1624 5273 si
1646 5215 1848 5292 patronatus
