4650 6059
568 776 629 838 584
1117 768 1199 839 1351,
1223 766 1273 829 8-9
1295 768 1374 829 aout.

568 925 693 990 dictam
709 924 884 989 ecclesiam
900 922 1100 986 beneficium
1117 918 1237 982 existat
1254 938 1261 995 ;
1279 937 1347 981 non
1365 919 1450 981 obst.
1466 914 1556 999 quod
1579 917 1738 1000 parroch.
1755 918 1901 984 ecclesian

569 1029 611 1093 de
628 1029 737 1112 Doye,
753 1027 879 1113 prefate
898 1025 1064 1090 Morinen.
1080 1023 1178 1101 dioc,
1195 1041 1296 1104 quam
1312 1020 1442 1101 Anglici
1471 1040 1488 1084 a
1518 1019 1676 1103 captione
1695 1017 1817 1085 Calasii
1832 1042 1903 1089 occu

569 1141 661 1217 pant,
679 1139 835 1196 noscatur
850 1130 1001 1195 obtinere
1017 1152 1024 1207 ;
1042 1148 1118 1193 cum
1137 1125 1255 1192 ceteris
1281 1144 1350 1189 non
1366 1127 1451 1189 obst.
1468 1123 1553 1189 utin
1578 1122 1698 1191 forma.
1715 1164 1762 1175 —
1777 1123 1850 1192 Fiat
1862 1137 1905 1192 etr.

571 1245 608 1301 ut
623 1236 709 1321 petit
727 1236 767 1300 R.

614 1377 722 1440 2252.
754 1374 841 1438 Item
872 1394 967 1458 supp.
998 1379 1089 1456 quat.
1128 1368 1391 1453 [consanguineo
1428 1387 1489 1432 suo
1526 1386 1693 1451 germano
1734 1367 1908 1436 Baudouim

569 1480 719 1554 Artaudi,
736 1478 874 1564 clerico]
895 1478 1060 1543 Morinen.
1077 1475 1174 1552 dioc,
1191 1474 1233 1538 ad
1249 1473 1476 1550 collationem,
1489 1481 1564 1548 etc..
1581 1473 1746 1559 episcopi,
1761 1474 1910 1541 decaniet

571 1585 707 1669 capituli
728 1583 799 1669 [ac]
818 1584 1019 1664 singulorum
1036 1580 1271 1645 canonicorum
1288 1577 1427 1642 ecclesie
1451 1576 1660 1655 Ambiauen,
1686 1579 1794 1644 etiam
1810 1580 1835 1645 si
1852 1580 1913 1645 iuba

571 1688 695 1752 dictam
713 1687 888 1752 ecclesiam
905 1686 1105 1750 beneficium
1123 1682 1255 1760 existat,
1272 1681 1356 1746 utin
1374 1681 1485 1746 sonna.
1503 1720 1545 1729 -
1562 1679 1638 1746 Fiat
1654 1690 1723 1747 etc.
1742 1682 1783 1747 R.

615 1830 723 1890 2253.
741 1824 827 1889 Item
845 1845 939 1910 supp.
956 1830 1045 1907 quat.
1063 1819 1326 1906 [consanguineo
1342 1840 1402 1884 suo
1426 1836 1585 1902 germano
1612 1815 1750 1882 Thome
1773 1816 1916 1894 Fauvelli,

572 1929 707 2011 clerico]
726 1926 890 1992 Morinen.
907 1926 1003 2004 dioc,
1020 1926 1061 1991 ad
1078 1924 1294 1990 collationem
1321 1930 1385 1987 etc.
1402 1921 1560 2008 episcopi,
1589 1919 1709 1985 decani
1736 1937 1772 1987 et
1797 1924 1916 2009 capituli

576 2031 649 2117 [ac]
669 2032 872 2115 singulorum
889 2030 1128 2095 canonicorum
1144 2028 1284 2094 ecclesie
1301 2024 1599 2106 Belvacen.,etiam
1612 2024 1638 2090 si
1653 2024 1739 2090 insra
1755 2028 1917 2094 ecclesian

572 2135 772 2200 beneficium
788 2134 908 2199 existat
923 2156 932 2212 ;
950 2153 1026 2197 cum
1043 2133 1197 2199 clausulis
1212 2130 1395 2217 oportunis
1413 2139 1448 2195 ut
1464 2130 1498 2195 in
1514 2129 1632 2195 forma.
1648 2168 1693 2179 -
1716 2128 1796 2198 Fiat
1812 2141 1874 2200 etc.
1889 2131 1918 2196 R.

618 2272 728 2334 2254.
746 2267 831 2333 Item
849 2290 943 2354 supp.
972 2279 1063 2353 quat.
1092 2269 1247 2356 [Hugoni
1274 2268 1401 2347 Tassel,
1426 2266 1609 2352 presbitero
1637 2264 1811 2334 Morinen.
1838 2270 1920 2346 dioc,

574 2373 821 2456 consanguineo
838 2371 929 2457 suo],
946 2372 990 2437 ad
1007 2375 1221 2439 collationem
1238 2380 1303 2437 etc.
1320 2371 1478 2456 episcopi,
1501 2369 1619 2436 decani
1636 2378 1671 2436 et
1686 2371 1831 2457 capituli
1859 2371 1918 2459 [ac]

576 2479 779 2562 singulorum
796 2477 1034 2542 canonicorum
1051 2477 1191 2542 ecclesie
1214 2477 1438 2554 Attrebateu,
1465 2474 1567 2539 etiam
1591 2474 1617 2539 si
1643 2474 1728 2542 infra
1756 2477 1921 2544 ecclesiam

575 2581 776 2646 beneficium
792 2580 914 2644 existat
929 2601 936 2657 ;
954 2600 1031 2645 cum
1048 2578 1203 2644 clausulis
1219 2577 1402 2663 oportunis,
1420 2586 1456 2643 ut
1472 2577 1504 2640 in
1522 2578 1640 2645 forma.
1656 2618 1699 2627 -
1717 2577 1797 2648 Fiat
1812 2589 1875 2648 etc.
1890 2578 1921 2645 R.

619 2685 697 2749 Dat.
713 2683 812 2748 Asin.
829 2704 907 2749 non.
924 2704 998 2768 aug.
1015 2693 1047 2749 a⁰
1067 2692 1128 2749 10⁰.
1145 2684 1217 2766 (21,
1235 2686 1306 2766 96')

626 2821 928 2904 2255-2256.
1652 2839 1889 2919 1‚³51,8aout.

619 2940 718 3024 Supp.
737 2939 888 3004 lilienors
910 2941 951 3004 de
974 2938 1150 3017 Convenis,
1177 2937 1422 3003 vicecomitissa
1449 2938 1615 3020 Turenne,
1640 2948 1732 3024 quat.
1765 2939 1921 3029 [familiari

575 3066 634 3109 suo
651 3044 821 3110 Bemardo
838 3045 933 3110 Boeti
952 3058 972 3123 ¹,
994 3043 1131 3129 clerico]
1157 3043 1323 3109 Tutellen.
1347 3043 1444 3124 dioc,
1468 3043 1510 3108 de
1533 3064 1605 3110 can.
1629 3054 1663 3110 et
1684 3048 1780 3130 preb.
1797 3046 1922 3114 ecclesie

576 3149 607 3213 S.
623 3148 787 3225 Johannis
811 3147 981 3227 Leodien,
1005 3168 1076 3213 vac.
1099 3168 1159 3234 per
1183 3150 1236 3213 ob.
1259 3146 1424 3224 Johanms
1448 3146 1631 3225 Laminiau,
1655 3149 1711 3232 qui
1736 3150 1848 3217 dictos
1862 3171 1921 3217 cau.

576 3260 610 3317 et
626 3255 717 3337 preb.
734 3252 813 3316 dum
829 3252 958 3316 vireret
975 3252 1158 3329 obtinebat,
1175 3259 1210 3315 et
1233 3252 1288 3333 qui
1305 3251 1338 3315 iu
1355 3252 1502 3336 partibus
1518 3251 1581 3315 illis
1597 3249 1686 3315 diem
1702 3273 1802 3318 suum
1819 3255 1921 3321 clausit

577 3366 772 3431 extremum,
791 3357 842 3419 vel
869 3357 934 3419 alio
959 3356 1203 3438 quovismodo
1228 3365 1360 3426 vacent,
1378 3356 1479 3420 etiam
1508 3355 1533 3418 si
1561 3355 1626 3419 sint
1654 3357 1858 3438 generaliter
1881 3357 1921 3421 rel

578 3460 764 3544 specialiter
780 3461 867 3543 apud
884 3460 995 3522 sellem
1020 3469 1126 3544 apost.
1150 3460 1321 3535 reservati,
1345 3459 1526 3537 dignemini
1550 3460 1725 3544 providere
1740 3486 1748 3541 ;
1766 3484 1835 3527 non
1852 3466 1921 3528 obst.

577 3565 747 3628 beucliciis
763 3574 784 3637 ²¹,
802 3585 864 3647 qne
882 3565 1011 3628 obtinet
1028 3574 1060 3627 et
1077 3573 1234 3647 expectat
1249 3586 1256 3640 ;
1285 3562 1326 3626 (le
1343 3564 1461 3645 ‹pribus
1477 3562 1508 3626 in
1527 3575 1636 3628 uestra
1662 3566 1920 3633 vicecancellaria

578 3668 823 3745 ‹leclaral)itur;
852 3679 984 3732 etcum
1011 3669 1163 3731 ominbus
1191 3668 1343 3732 clausulis
1371 3668 1543 3752 oportunis
1569 3678 1602 3732 et
1627 3672 1870 3737 executoribus.
1891 3710 1920 3718 -

581 3772 657 3836 Fiat
675 3772 713 3837 R.

623 3919 730 3979 2256.
748 3909 834 3975 Item
851 3932 946 3995 supp.
968 3911 1084 3977 eadem
1102 3910 1113 3944 ¹¹
1130 3910 1385 3988 vicecomitissa,
1409 3920 1498 3993 quat.
1523 3910 1673 3977 Arnoldo
1698 3910 1877 3998 Lepolains
1889 3911 1921 3976 de

580 4015 725 4092 Oborne,
743 4016 863 4079 clerico
880 4014 1038 4079 Leodieu.
1055 4014 1152 4088 dioc,
1177 4014 1218 4078 de
1242 4034 1314 4079 can.
1339 4024 1372 4077 et
1396 4017 1486 4098 preb.
1508 4015 1647 4080 ecclesie
1672 4017 1702 4080 S.
1720 4016 1836 4083 Crucis
1851 4016 1921 4081 Leo·

580 4119 678 4193 dien,
697 4141 768 4185 rac.
785 4140 843 4203 per
859 4122 912 4184 ob.
931 4119 1037 4198 Epidii
1054 4118 1095 4183 de
1112 4119 1299 4199 (lragallica
1317 4138 1337 4196 ²,
1362 4119 1416 4201 qui
1439 4119 1516 4183 dum
1542 4119 1669 4183 vireret
1693 4121 1875 4199 obtinebat,
1895 4129 1922 4183 et

582 4225 612 4285 in
645 4223 792 4307 partibus
824 4223 885 4286 illis
910 4224 998 4286 diem
1028 4245 1121 4286 suum
1155 4223 1271 4288 clausit
1304 4233 1500 4292 extremum.
1521 4225 1573 4286 rel
1605 4224 1670 4287 alio
1694 4222 1923 4310 quovismodo

582 4338 712 4406 vacent,
729 4339 762 4391 et
780 4328 880 4391 etiam
899 4329 923 4391 si
941 4329 1004 4391 sint
1022 4329 1189 4402 reservati,
1206 4328 1386 4411 dignemini
1405 4327 1609 4414 providere...

625 4431 702 4493 Dat.
719 4431 817 4494 Asin.
837 4440 853 4492 (ι
872 4430 913 4494 id.
930 4452 1002 4512 surg.
1020 4441 1052 4494 a‘'
1074 4443 1132 4495 10⁰.
1147 4436 1216 4513 (21,
1239 4441 1321 4514 109).

633 4568 773 4650 2257.
1657 4604 1749 4666 1351,
1766 4606 1786 4669 9
1803 4591 1887 4649 aurit.

625 4689 725 4772 Supp.
743 4689 928 4752 (llmericus
944 4688 985 4752 <le
1010 4687 1228 4767 CardalbacO,
1250 4689 1444 4755 domicellus
1460 4702 1479 4769 ³,
1504 4698 1595 4772 quat.
1626 4688 1730 4776 [tratri
1758 4710 1819 4756 suo
1844 4689 1923 4775 Ray·

613 4893 639 4922 :m
658 4876 715 4923 l'ml.
730 4877 858 4924 lwmrlicia.
872 4904 874 4907 -
889 4905 901 4909 -
917 4878 942 4930 b,
961 4876 1016 4924 (bd.
1031 4877 1103 4924 niem.

616 5066 634 5109 l.
650 5063 709 5107 loir
723 5078 744 5108 ιι.
758 5065 827 5109 unul,
841 5066 911 5110 221⁰.
951 5093 953 5095 -
974 5069 995 5111 2’.
1010 5065 1068 5110 l'oir
1081 5080 1104 5111 ιι.
1118 5068 1187 5113 2228.
1201 5066 1271 5112 2213,
1284 5092 1314 5098 -
1336 5067 1357 5111 :t
1379 5065 1411 5111 ll.
1435 5066 1498 5110 :lllw
1520 5080 1549 5109 m·
1568 5067 1617 5110 cim
1630 5066 1700 5125 point
1714 5079 1754 5109 cns
1767 5077 1932 5125 ιιυιεοιιιιειινιῑκΙ

580 5137 644 5182 «lans
657 5151 700 5182 son
714 5137 791 5182 ι’·ῐιιιΙι·
803 5152 845 5182 sur
859 5138 881 5182 la
895 5139 1032 5184 sarmitum·
1050 5139 1193 5186 Cnrdaillac
1214 5138 1325 5198 (fluual.
1342 5137 1373 5183 dr·
1390 5142 1416 5184 N.
1434 5138 1507 5184 lunis·
1519 5138 1561 5184 dm
1574 5139 1705 5195 h'ramcuis.
1720 5142 1737 5183 t.
1752 5136 1811 5187 l'll.
1826 5151 1869 5199 pp.
1882 5139 1932 5184 Ν-

581 5215 626 5256 322
640 5249 645 5257 .
