<?xml version="1.0" encoding="UTF-8"?>
<!DOCTYPE html PUBLIC "-//W3C//DTD XHTML 1.0 Transitional//EN"
    "http://www.w3.org/TR/xhtml1/DTD/xhtml1-transitional.dtd">
<html xmlns="http://www.w3.org/1999/xhtml" xml:lang="en" lang="en">
 <head>
  <title>
</title>
<meta http-equiv="Content-Type" content="text/html;charset=utf-8" />
  <meta name='ocr-system' content='tesseract 3.04.00' />
  <meta name='ocr-capabilities' content='ocr_page ocr_carea ocr_par ocr_line ocrx_word'/>
</head>
<body>
  <div class='ocr_page' id='page_1' title='image "./suppliquesdeclm00goog_0069.png"; bbox 0 0 4650 6059; ppageno 0'>
   <div class='ocr_carea' id='block_1_1' title="bbox 479 778 1307 861">
    <p class='ocr_par' dir='ltr' id='par_1_1' title="bbox 479 778 1307 861">
     <span class='ocr_line' id='line_1_1' title="bbox 479 778 1307 861; baseline 0 -16"><span class='ocrx_word' id='word_1_1' title='bbox 479 779 517 845; x_wconf 77' lang='lat' dir='ltr'><strong>aa</strong></span> <span class='ocrx_word' id='word_1_2' title='bbox 1017 779 1103 855; x_wconf 82' lang='lat'><strong>1842,</strong></span> <span class='ocrx_word' id='word_1_3' title='bbox 1125 778 1307 861; x_wconf 70' lang='lat' dir='ltr'><strong>acarna.</strong></span> 
     </span>
    </p>
   </div>
   <div class='ocr_carea' id='block_1_2' title="bbox 478 922 1832 1223">
    <p class='ocr_par' dir='ltr' id='par_1_2' title="bbox 478 922 1832 1223">
     <span class='ocr_line' id='line_1_2' title="bbox 478 922 1832 1016; baseline 0.002 -26"><span class='ocrx_word' id='word_1_4' title='bbox 478 946 550 1006; x_wconf 86' lang='lat' dir='ltr'><strong>suo,</strong></span> <span class='ocrx_word' id='word_1_5' title='bbox 566 926 654 1006; x_wconf 68' lang='lat' dir='ltr'><strong>cler„</strong></span> <span class='ocrx_word' id='word_1_6' title='bbox 671 928 790 993; x_wconf 89' lang='lat' dir='ltr'><strong>scolari</strong></span> <span class='ocrx_word' id='word_1_7' title='bbox 807 928 840 992; x_wconf 93' lang='lat' dir='ltr'><strong>in</strong></span> <span class='ocrx_word' id='word_1_8' title='bbox 856 936 926 1008; x_wconf 79' lang='lat' dir='ltr'><strong>art,</strong></span> <span class='ocrx_word' id='word_1_9' title='bbox 951 922 1125 1015; x_wconf 80' lang='lat' dir='ltr'><strong>providere</strong></span> <span class='ocrx_word' id='word_1_10' title='bbox 1145 930 1327 1015; x_wconf 85' lang='lat' dir='ltr'>dignemini</span> <span class='ocrx_word' id='word_1_11' title='bbox 1343 928 1386 995; x_wconf 96' lang='lat' dir='ltr'><strong>de</strong></span> <span class='ocrx_word' id='word_1_12' title='bbox 1402 949 1474 994; x_wconf 91' lang='lat' dir='ltr'><strong>can.</strong></span> <span class='ocrx_word' id='word_1_13' title='bbox 1496 938 1531 995; x_wconf 90' lang='lat' dir='ltr'><strong>et</strong></span> <span class='ocrx_word' id='word_1_14' title='bbox 1551 932 1641 1016; x_wconf 86' lang='lat' dir='ltr'><strong>preb.</strong></span> <span class='ocrx_word' id='word_1_15' title='bbox 1666 929 1747 996; x_wconf 81' lang='lat' dir='ltr'><strong>eccl</strong></span> <span class='ocrx_word' id='word_1_16' title='bbox 1766 926 1832 994; x_wconf 89' lang='lat' dir='ltr'><strong>Bel-</strong></span> 
     </span>
     <span class='ocr_line' id='line_1_3' title="bbox 480 1029 1574 1120; baseline 0.003 -26"><span class='ocrx_word' id='word_1_17' title='bbox 480 1050 596 1095; x_wconf 87' lang='lat' dir='ltr'><strong>vacen.</strong></span> <span class='ocrx_word' id='word_1_18' title='bbox 611 1071 655 1080; x_wconf 94' lang='lat'>—</span> <span class='ocrx_word' id='word_1_19' title='bbox 671 1029 749 1096; x_wconf 85' lang='lat' dir='ltr'><strong>Fiat</strong></span> <span class='ocrx_word' id='word_1_20' title='bbox 764 1030 807 1097; x_wconf 94' lang='lat' dir='ltr'><strong>de</strong></span> <span class='ocrx_word' id='word_1_21' title='bbox 822 1052 894 1098; x_wconf 87' lang='lat' dir='ltr'><strong>can</strong></span> <span class='ocrx_word' id='word_1_22' title='bbox 911 1036 971 1098; x_wconf 90' lang='lat' dir='ltr'><strong>sub</strong></span> <span class='ocrx_word' id='word_1_23' title='bbox 987 1054 1061 1120; x_wconf 87' lang='lat' dir='ltr'><strong>exp.</strong></span> <span class='ocrx_word' id='word_1_24' title='bbox 1077 1037 1167 1119; x_wconf 87' lang='lat' dir='ltr'><strong>preb.</strong></span> <span class='ocrx_word' id='word_1_25' title='bbox 1184 1034 1217 1099; x_wconf 91' lang='lat' dir='ltr'><strong>in</strong></span> <span class='ocrx_word' id='word_1_26' title='bbox 1234 1035 1315 1101; x_wconf 93' lang='lat' dir='ltr'><strong>eccl.</strong></span> <span class='ocrx_word' id='word_1_27' title='bbox 1331 1033 1516 1099; x_wconf 86' lang='lat' dir='ltr'><strong>Tomacen.</strong></span> <span class='ocrx_word' id='word_1_28' title='bbox 1534 1031 1574 1098; x_wconf 89' lang='lat' dir='ltr'><strong>R.-</strong></span> 
     </span>
     <span class='ocr_line' id='line_1_4' title="bbox 524 1132 1199 1223; baseline 0.01 -27"><span class='ocrx_word' id='word_1_29' title='bbox 524 1132 603 1199; x_wconf 88' lang='lat' dir='ltr'><strong>Dat.</strong></span> <span class='ocrx_word' id='word_1_30' title='bbox 619 1133 718 1199; x_wconf 86' lang='lat' dir='ltr'>Avin.</span> <span class='ocrx_word' id='word_1_31' title='bbox 735 1156 755 1218; x_wconf 88' lang='lat'>4</span> <span class='ocrx_word' id='word_1_32' title='bbox 770 1156 847 1201; x_wconf 91' lang='lat' dir='ltr'><strong>non.</strong></span> <span class='ocrx_word' id='word_1_33' title='bbox 861 1135 933 1222; x_wconf 87' lang='lat' dir='ltr'><strong>julii</strong></span> <span class='ocrx_word' id='word_1_34' title='bbox 949 1145 983 1202; x_wconf 87' lang='lat' dir='ltr'><strong>a⁰</strong></span> <span class='ocrx_word' id='word_1_35' title='bbox 999 1144 1040 1203; x_wconf 37' lang='lat'><strong>⁴1⁰.</strong></span> <span class='ocrx_word' id='word_1_36' title='bbox 1057 1136 1100 1220; x_wconf 89' lang='grc' dir='ltr'><strong>(Ι,</strong></span> <span class='ocrx_word' id='word_1_37' title='bbox 1116 1139 1199 1223; x_wconf 53' lang='lat' dir='ltr'><strong>4zl).</strong></span> 
     </span>
    </p>
   </div>
   <div class='ocr_carea' id='block_1_3' title="bbox 533 1293 1798 1395">
    <p class='ocr_par' dir='ltr' id='par_1_3' title="bbox 533 1293 1798 1395">
     <span class='ocr_line' id='line_1_5' title="bbox 533 1293 1798 1395; baseline 0.002 -23"><span class='ocrx_word' id='word_1_38' title='bbox 533 1293 610 1376; x_wconf 86' lang='lat'><strong>72.</strong></span> <span class='ocrx_word' id='word_1_39' title='bbox 1527 1329 1622 1395; x_wconf 73' lang='lat'><em>1342,</em></span> <span class='ocrx_word' id='word_1_40' title='bbox 1645 1331 1666 1392; x_wconf 77' lang='lat'><em>4</em></span> <span class='ocrx_word' id='word_1_41' title='bbox 1674 1306 1798 1391; x_wconf 79' lang='lat' dir='ltr'><strong>juillet.</strong></span> 
     </span>
    </p>
   </div>
   <div class='ocr_carea' id='block_1_4' title="bbox 464 1408 1841 1912">
    <p class='ocr_par' dir='ltr' id='par_1_4' title="bbox 479 1408 1841 1805">
     <span class='ocr_line' id='line_1_6' title="bbox 526 1408 1839 1500; baseline 0.003 -26"><span class='ocrx_word' id='word_1_42' title='bbox 526 1411 624 1498; x_wconf 84' lang='lat' dir='ltr'><strong>Supp.</strong></span> <span class='ocrx_word' id='word_1_43' title='bbox 640 1412 815 1496; x_wconf 75' lang='lat' dir='ltr'><strong>Aycardus</strong></span> <span class='ocrx_word' id='word_1_44' title='bbox 830 1413 872 1478; x_wconf 94' lang='lat' dir='ltr'><strong>de</strong></span> <span class='ocrx_word' id='word_1_45' title='bbox 889 1412 978 1499; x_wconf 87' lang='lat' dir='ltr'><strong>Saya</strong></span> <span class='ocrx_word' id='word_1_46' title='bbox 991 1422 1083 1498; x_wconf 90' lang='lat' dir='ltr'><strong>quat.</strong></span> <span class='ocrx_word' id='word_1_47' title='bbox 1099 1414 1231 1500; x_wconf 89' lang='lat' dir='ltr'>[nepoti</span> <span class='ocrx_word' id='word_1_48' title='bbox 1246 1434 1307 1479; x_wconf 93' lang='lat' dir='ltr'><strong>suo</strong></span> <span class='ocrx_word' id='word_1_49' title='bbox 1322 1412 1435 1480; x_wconf 90' lang='lat' dir='ltr'><strong>Bruno</strong></span> <span class='ocrx_word' id='word_1_50' title='bbox 1450 1412 1493 1479; x_wconf 87' lang='lat' dir='ltr'><strong>de</strong></span> <span class='ocrx_word' id='word_1_51' title='bbox 1502 1413 1601 1500; x_wconf 86' lang='lat' dir='ltr'><strong>Saya,</strong></span> <span class='ocrx_word' id='word_1_52' title='bbox 1614 1413 1706 1496; x_wconf 77' lang='lat' dir='ltr'><strong>cler]</strong></span> <span class='ocrx_word' id='word_1_53' title='bbox 1721 1408 1839 1478; x_wconf 87' lang='lat' dir='ltr'><strong>Burde-</strong></span> 
     </span>
     <span class='ocr_line' id='line_1_7' title="bbox 479 1514 1839 1604; baseline 0.003 -25"><span class='ocrx_word' id='word_1_54' title='bbox 479 1514 588 1599; x_wconf 88' lang='lat' dir='ltr'><strong>galen.</strong></span> <span class='ocrx_word' id='word_1_55' title='bbox 604 1515 699 1596; x_wconf 88' lang='lat' dir='ltr'><strong>dioc.,</strong></span> <span class='ocrx_word' id='word_1_56' title='bbox 716 1515 758 1581; x_wconf 88' lang='lat' dir='ltr'><strong>de</strong></span> <span class='ocrx_word' id='word_1_57' title='bbox 774 1537 846 1583; x_wconf 93' lang='lat' dir='ltr'><strong>can.</strong></span> <span class='ocrx_word' id='word_1_58' title='bbox 872 1525 907 1582; x_wconf 90' lang='lat' dir='ltr'><strong>et</strong></span> <span class='ocrx_word' id='word_1_59' title='bbox 932 1519 1023 1604; x_wconf 89' lang='lat' dir='ltr'><strong>preb.</strong></span> <span class='ocrx_word' id='word_1_60' title='bbox 1046 1518 1127 1583; x_wconf 87' lang='lat' dir='ltr'><strong>eccl.</strong></span> <span class='ocrx_word' id='word_1_61' title='bbox 1154 1517 1184 1583; x_wconf 87' lang='lat' dir='ltr'><strong>S.</strong></span> <span class='ocrx_word' id='word_1_62' title='bbox 1200 1516 1384 1583; x_wconf 86' lang='lat' dir='ltr'><strong>Audoman&#39;</strong></span> <span class='ocrx_word' id='word_1_63' title='bbox 1409 1517 1452 1582; x_wconf 93' lang='lat' dir='ltr'><strong>de</strong></span> <span class='ocrx_word' id='word_1_64' title='bbox 1473 1516 1505 1583; x_wconf 89' lang='lat' dir='ltr'><strong>S.</strong></span> <span class='ocrx_word' id='word_1_65' title='bbox 1531 1515 1738 1598; x_wconf 87' lang='lat' dir='ltr'><strong>Audomaro,</strong></span> <span class='ocrx_word' id='word_1_66' title='bbox 1758 1515 1839 1583; x_wconf 83' lang='lat' dir='ltr'><strong>dioc</strong></span> 
     </span>
     <span class='ocr_line' id='line_1_8' title="bbox 484 1616 1841 1707; baseline 0.002 -26"><span class='ocrx_word' id='word_1_67' title='bbox 484 1616 660 1699; x_wconf 67' lang='lat' dir='ltr'><strong>Morinen„</strong></span> <span class='ocrx_word' id='word_1_68' title='bbox 677 1618 858 1703; x_wconf 88' lang='lat' dir='ltr'>dignemini</span> <span class='ocrx_word' id='word_1_69' title='bbox 874 1618 1060 1706; x_wconf 83' lang='lat' dir='ltr'><strong>providere,</strong></span> <span class='ocrx_word' id='word_1_70' title='bbox 1076 1620 1131 1685; x_wconf 82' lang='lat' dir='ltr'><strong>vel</strong></span> <span class='ocrx_word' id='word_1_71' title='bbox 1154 1619 1197 1685; x_wconf 92' lang='lat' dir='ltr'><strong>de</strong></span> <span class='ocrx_word' id='word_1_72' title='bbox 1220 1641 1292 1685; x_wconf 89' lang='lat' dir='ltr'><strong>can.</strong></span> <span class='ocrx_word' id='word_1_73' title='bbox 1309 1629 1344 1685; x_wconf 93' lang='lat' dir='ltr'><strong>et</strong></span> <span class='ocrx_word' id='word_1_74' title='bbox 1366 1622 1456 1706; x_wconf 90' lang='lat' dir='ltr'><strong>preb.</strong></span> <span class='ocrx_word' id='word_1_75' title='bbox 1472 1620 1555 1687; x_wconf 89' lang='lat' dir='ltr'><strong>eccl.</strong></span> <span class='ocrx_word' id='word_1_76' title='bbox 1570 1620 1600 1685; x_wconf 89' lang='lat' dir='ltr'><strong>S.</strong></span> <span class='ocrx_word' id='word_1_77' title='bbox 1627 1617 1777 1707; x_wconf 83' lang='lat' dir='ltr'><strong>Caprasii</strong></span> <span class='ocrx_word' id='word_1_78' title='bbox 1802 1617 1841 1685; x_wconf 91' lang='lat' dir='ltr'><strong>de</strong></span> 
     </span>
     <span class='ocr_line' id='line_1_9' title="bbox 482 1721 846 1805; baseline 0.011 -20"><span class='ocrx_word' id='word_1_79' title='bbox 482 1723 631 1805; x_wconf 80' lang='lat' dir='ltr'>Agenno.</span> <span class='ocrx_word' id='word_1_80' title='bbox 648 1761 691 1772; x_wconf 93' lang='lat'>—</span> <span class='ocrx_word' id='word_1_81' title='bbox 715 1721 791 1787; x_wconf 85' lang='lat' dir='ltr'><strong>Fiat</strong></span> <span class='ocrx_word' id='word_1_82' title='bbox 807 1722 846 1789; x_wconf 90' lang='lat' dir='ltr'><strong>R.</strong></span> 
     </span>
    </p>

    <p class='ocr_par' dir='ltr' id='par_1_5' title="bbox 464 1824 1207 1912">
     <span class='ocr_line' id='line_1_10' title="bbox 464 1824 1207 1912; baseline 0.003 -23"><span class='ocrx_word' id='word_1_83' title='bbox 464 1837 466 1839; x_wconf 79' lang='grc'>’</span> <span class='ocrx_word' id='word_1_84' title='bbox 526 1825 603 1890; x_wconf 91' lang='lat' dir='ltr'><strong>Dat.</strong></span> <span class='ocrx_word' id='word_1_85' title='bbox 620 1826 715 1890; x_wconf 69' lang='lat' dir='ltr'><strong>Asin.</strong></span> <span class='ocrx_word' id='word_1_86' title='bbox 733 1849 753 1910; x_wconf 79' lang='lat'><strong>4</strong></span> <span class='ocrx_word' id='word_1_87' title='bbox 770 1846 848 1891; x_wconf 91' lang='lat' dir='ltr'><strong>non.</strong></span> <span class='ocrx_word' id='word_1_88' title='bbox 862 1826 934 1912; x_wconf 89' lang='lat' dir='ltr'><strong>julii</strong></span> <span class='ocrx_word' id='word_1_89' title='bbox 952 1833 985 1890; x_wconf 89' lang='lat' dir='ltr'><strong>a⁰</strong></span> <span class='ocrx_word' id='word_1_90' title='bbox 1012 1833 1049 1890; x_wconf 84' lang='lat'><strong>1⁰.</strong></span> <span class='ocrx_word' id='word_1_91' title='bbox 1064 1824 1107 1911; x_wconf 98' lang='grc' dir='ltr'><strong>(Ι,</strong></span> <span class='ocrx_word' id='word_1_92' title='bbox 1124 1831 1207 1912; x_wconf 70' lang='grc' dir='ltr'><strong>4ό“’).</strong></span> 
     </span>
    </p>
   </div>
   <div class='ocr_carea' id='block_1_5' title="bbox 483 1986 1851 2809">
    <p class='ocr_par' dir='ltr' id='par_1_6' title="bbox 534 1986 1805 2081">
     <span class='ocr_line' id='line_1_11' title="bbox 534 1986 1805 2081; baseline -0.001 -16"><span class='ocrx_word' id='word_1_93' title='bbox 534 1986 612 2071; x_wconf 85' lang='grc'><strong>73.</strong></span> <span class='ocrx_word' id='word_1_94' title='bbox 1531 2018 1627 2081; x_wconf 70' lang='lat'><em>1342,</em></span> <span class='ocrx_word' id='word_1_95' title='bbox 1651 2016 1669 2081; x_wconf 96' lang='lat'><em>7</em></span> <span class='ocrx_word' id='word_1_96' title='bbox 1679 1996 1805 2079; x_wconf 76' lang='lat' dir='ltr'><strong>juillet.</strong></span> 
     </span>
    </p>

    <p class='ocr_par' dir='ltr' id='par_1_7' title="bbox 483 2099 1851 2703">
     <span class='ocr_line' id='line_1_12' title="bbox 528 2099 1846 2188; baseline 0 -22"><span class='ocrx_word' id='word_1_97' title='bbox 528 2103 629 2188; x_wconf 87' lang='lat' dir='ltr'><strong>Supp.</strong></span> <span class='ocrx_word' id='word_1_98' title='bbox 653 2101 820 2168; x_wconf 79' lang='lat' dir='ltr'><strong>Arnaldus</strong></span> <span class='ocrx_word' id='word_1_99' title='bbox 847 2101 1017 2183; x_wconf 87' lang='lat' dir='ltr'><strong>Bemardi,</strong></span> <span class='ocrx_word' id='word_1_100' title='bbox 1044 2103 1120 2169; x_wconf 90' lang='lat' dir='ltr'><strong>cler.</strong></span> <span class='ocrx_word' id='word_1_101' title='bbox 1147 2103 1177 2169; x_wconf 86' lang='lat' dir='ltr'><strong>S.</strong></span> <span class='ocrx_word' id='word_1_102' title='bbox 1205 2102 1321 2169; x_wconf 91' lang='lat' dir='ltr'><strong>Poncii</strong></span> <span class='ocrx_word' id='word_1_103' title='bbox 1347 2101 1603 2168; x_wconf 85' lang='lat' dir='ltr'><strong>Thomen&#39;arum</strong></span> <span class='ocrx_word' id='word_1_104' title='bbox 1627 2101 1726 2184; x_wconf 90' lang='lat' dir='ltr'>dioc,</span> <span class='ocrx_word' id='word_1_105' title='bbox 1744 2099 1846 2187; x_wconf 87' lang='lat' dir='ltr'><strong>judex</strong></span> 
     </span>
     <span class='ocr_line' id='line_1_13' title="bbox 485 2204 1848 2291; baseline 0 -21"><span class='ocrx_word' id='word_1_106' title='bbox 485 2207 591 2291; x_wconf 89' lang='lat' dir='ltr'><strong>major</strong></span> <span class='ocrx_word' id='word_1_107' title='bbox 606 2205 799 2271; x_wconf 86' lang='lat' dir='ltr'><strong>senescallie</strong></span> <span class='ocrx_word' id='word_1_108' title='bbox 816 2205 1058 2291; x_wconf 87' lang='lat' dir='ltr'><strong>Petragoricen.</strong></span> <span class='ocrx_word' id='word_1_109' title='bbox 1074 2214 1110 2271; x_wconf 92' lang='lat' dir='ltr'><strong>et</strong></span> <span class='ocrx_word' id='word_1_110' title='bbox 1125 2204 1311 2286; x_wconf 88' lang='lat' dir='ltr'><strong>Caturcen.,</strong></span> <span class='ocrx_word' id='word_1_111' title='bbox 1328 2206 1455 2271; x_wconf 91' lang='lat' dir='ltr'><strong>nullum</strong></span> <span class='ocrx_word' id='word_1_112' title='bbox 1470 2208 1544 2271; x_wconf 92' lang='lat' dir='ltr'><strong>ben.</strong></span> <span class='ocrx_word' id='word_1_113' title='bbox 1568 2205 1651 2271; x_wconf 89' lang='lat' dir='ltr'><strong>ecel.</strong></span> <span class='ocrx_word' id='word_1_114' title='bbox 1666 2211 1848 2284; x_wconf 67' lang='lat' dir='ltr'><strong>assecutus</strong></span> 
     </span>
     <span class='ocr_line' id='line_1_14' title="bbox 485 2306 1851 2395; baseline 0.001 -23"><span class='ocrx_word' id='word_1_115' title='bbox 485 2317 575 2392; x_wconf 88' lang='lat' dir='ltr'><strong>quat.</strong></span> <span class='ocrx_word' id='word_1_116' title='bbox 591 2309 652 2373; x_wconf 90' lang='lat' dir='ltr'><strong>sibi</strong></span> <span class='ocrx_word' id='word_1_117' title='bbox 668 2306 711 2373; x_wconf 91' lang='lat' dir='ltr'><strong>de</strong></span> <span class='ocrx_word' id='word_1_118' title='bbox 726 2329 801 2375; x_wconf 90' lang='lat' dir='ltr'><strong>can.</strong></span> <span class='ocrx_word' id='word_1_119' title='bbox 814 2317 849 2374; x_wconf 90' lang='lat' dir='ltr'><strong>et</strong></span> <span class='ocrx_word' id='word_1_120' title='bbox 863 2312 954 2395; x_wconf 89' lang='lat' dir='ltr'><strong>preb.</strong></span> <span class='ocrx_word' id='word_1_121' title='bbox 966 2310 1045 2375; x_wconf 93' lang='lat' dir='ltr'><strong>eccl.</strong></span> <span class='ocrx_word' id='word_1_122' title='bbox 1059 2308 1366 2389; x_wconf 86' lang='lat' dir='ltr'><strong>Cameracen.,vac.</strong></span> <span class='ocrx_word' id='word_1_123' title='bbox 1382 2329 1442 2395; x_wconf 91' lang='lat' dir='ltr'><strong>per</strong></span> <span class='ocrx_word' id='word_1_124' title='bbox 1451 2311 1502 2375; x_wconf 92' lang='lat' dir='ltr'><strong>ob.</strong></span> <span class='ocrx_word' id='word_1_125' title='bbox 1518 2308 1609 2374; x_wconf 90' lang='lat' dir='ltr'><strong>dom.</strong></span> <span class='ocrx_word' id='word_1_126' title='bbox 1625 2306 1851 2395; x_wconf 88' lang='lat' dir='ltr'><strong>Neapolionis</strong></span> 
     </span>
     <span class='ocr_line' id='line_1_15' title="bbox 485 2410 1850 2500; baseline 0 -23"><span class='ocrx_word' id='word_1_127' title='bbox 485 2413 564 2477; x_wconf 91' lang='lat' dir='ltr'><strong>olim</strong></span> <span class='ocrx_word' id='word_1_128' title='bbox 582 2411 612 2477; x_wconf 80' lang='lat' dir='ltr'><strong>S.</strong></span> <span class='ocrx_word' id='word_1_129' title='bbox 631 2411 667 2475; x_wconf 91' lang='lat' dir='ltr'><strong>R.</strong></span> <span class='ocrx_word' id='word_1_130' title='bbox 683 2412 720 2477; x_wconf 86' lang='lat' dir='ltr'><strong>E.</strong></span> <span class='ocrx_word' id='word_1_131' title='bbox 739 2411 826 2477; x_wconf 87' lang='lat' dir='ltr'><strong>card</strong></span> <span class='ocrx_word' id='word_1_132' title='bbox 844 2423 862 2494; x_wconf 91' lang='lat'><strong>¹,</strong></span> <span class='ocrx_word' id='word_1_133' title='bbox 879 2413 1060 2499; x_wconf 87' lang='lat' dir='ltr'>dignemini</span> <span class='ocrx_word' id='word_1_134' title='bbox 1075 2413 1260 2500; x_wconf 79' lang='lat' dir='ltr'><strong>providere.</strong></span> <span class='ocrx_word' id='word_1_135' title='bbox 1272 2452 1313 2464; x_wconf 91' lang='lat'>-</span> <span class='ocrx_word' id='word_1_136' title='bbox 1328 2412 1405 2479; x_wconf 85' lang='lat' dir='ltr'><strong>Fiat</strong></span> <span class='ocrx_word' id='word_1_137' title='bbox 1419 2413 1462 2479; x_wconf 94' lang='lat' dir='ltr'><strong>de</strong></span> <span class='ocrx_word' id='word_1_138' title='bbox 1477 2416 1562 2493; x_wconf 81' lang='lat' dir='ltr'><strong>ben,</strong></span> <span class='ocrx_word' id='word_1_139' title='bbox 1578 2412 1684 2478; x_wconf 88' lang='lat' dir='ltr'><strong>etiam</strong></span> <span class='ocrx_word' id='word_1_140' title='bbox 1698 2412 1726 2477; x_wconf 89' lang='lat' dir='ltr'><strong>si</strong></span> <span class='ocrx_word' id='word_1_141' title='bbox 1741 2410 1850 2479; x_wconf 85' lang='lat' dir='ltr'><strong>archi·</strong></span> 
     </span>
     <span class='ocr_line' id='line_1_16' title="bbox 483 2513 1851 2604; baseline 0.003 -26"><span class='ocrx_word' id='word_1_142' title='bbox 483 2515 719 2601; x_wconf 80' lang='lat' dir='ltr'><strong>presbiteratus</strong></span> <span class='ocrx_word' id='word_1_143' title='bbox 735 2515 868 2597; x_wconf 85' lang='lat' dir='ltr'><strong>existat,</strong></span> <span class='ocrx_word' id='word_1_144' title='bbox 884 2524 1060 2602; x_wconf 83' lang='lat' dir='ltr'><strong>spectante</strong></span> <span class='ocrx_word' id='word_1_145' title='bbox 1076 2516 1120 2581; x_wconf 86' lang='lat' dir='ltr'><strong>ad</strong></span> <span class='ocrx_word' id='word_1_146' title='bbox 1146 2516 1219 2582; x_wconf 87' lang='lat' dir='ltr'><strong>coll</strong></span> <span class='ocrx_word' id='word_1_147' title='bbox 1245 2516 1346 2604; x_wconf 90' lang='lat' dir='ltr'><strong>episc.</strong></span> <span class='ocrx_word' id='word_1_148' title='bbox 1363 2515 1538 2582; x_wconf 90' lang='lat' dir='ltr'><strong>Caturcen.</strong></span> <span class='ocrx_word' id='word_1_149' title='bbox 1562 2536 1667 2600; x_wconf 88' lang='lat' dir='ltr'><strong>usque</strong></span> <span class='ocrx_word' id='word_1_150' title='bbox 1690 2513 1735 2581; x_wconf 88' lang='lat' dir='ltr'><strong>ad</strong></span> <span class='ocrx_word' id='word_1_151' title='bbox 1761 2534 1851 2582; x_wconf 89' lang='lat' dir='ltr'><strong>sum·</strong></span> 
     </span>
     <span class='ocr_line' id='line_1_17' title="bbox 484 2619 1093 2703; baseline 0.003 -21"><span class='ocrx_word' id='word_1_152' title='bbox 484 2639 575 2683; x_wconf 92' lang='lat' dir='ltr'><strong>mam</strong></span> <span class='ocrx_word' id='word_1_153' title='bbox 597 2641 654 2684; x_wconf 91' lang='lat'><strong>100</strong></span> <span class='ocrx_word' id='word_1_154' title='bbox 670 2620 740 2685; x_wconf 89' lang='lat' dir='ltr'><strong>libr.</strong></span> <span class='ocrx_word' id='word_1_155' title='bbox 757 2641 783 2686; x_wconf 91' lang='lat' dir='ltr'><strong>c.</strong></span> <span class='ocrx_word' id='word_1_156' title='bbox 800 2641 837 2700; x_wconf 87' lang='lat' dir='ltr'><strong>c.,</strong></span> <span class='ocrx_word' id='word_1_157' title='bbox 856 2640 896 2703; x_wconf 86' lang='lat'><strong>50</strong></span> <span class='ocrx_word' id='word_1_158' title='bbox 912 2640 936 2684; x_wconf 94' lang='lat' dir='ltr'><strong>s.</strong></span> <span class='ocrx_word' id='word_1_159' title='bbox 954 2640 981 2685; x_wconf 90' lang='lat' dir='ltr'><strong>c.</strong></span> <span class='ocrx_word' id='word_1_160' title='bbox 998 2661 1039 2669; x_wconf 90' lang='lat'><strong>—</strong></span> <span class='ocrx_word' id='word_1_161' title='bbox 1056 2619 1093 2684; x_wconf 92' lang='lat' dir='ltr'><strong>R.</strong></span> 
     </span>
    </p>

    <p class='ocr_par' dir='ltr' id='par_1_8' title="bbox 529 2722 1148 2809">
     <span class='ocr_line' id='line_1_18' title="bbox 529 2722 1148 2809; baseline 0.003 -22"><span class='ocrx_word' id='word_1_162' title='bbox 529 2723 606 2787; x_wconf 90' lang='lat' dir='ltr'><strong>Dat.</strong></span> <span class='ocrx_word' id='word_1_163' title='bbox 622 2724 719 2789; x_wconf 65' lang='lat' dir='ltr'><strong>Asin.</strong></span> <span class='ocrx_word' id='word_1_164' title='bbox 735 2744 813 2790; x_wconf 90' lang='lat' dir='ltr'><strong>non.</strong></span> <span class='ocrx_word' id='word_1_165' title='bbox 826 2723 898 2809; x_wconf 89' lang='lat' dir='ltr'><strong>julii</strong></span> <span class='ocrx_word' id='word_1_166' title='bbox 915 2730 947 2789; x_wconf 81' lang='lat' dir='ltr'><strong>a⁰</strong></span> <span class='ocrx_word' id='word_1_167' title='bbox 966 2732 1004 2790; x_wconf 84' lang='lat'><strong>1⁰.</strong></span> <span class='ocrx_word' id='word_1_168' title='bbox 1021 2722 1065 2808; x_wconf 93' lang='grc' dir='ltr'><strong>(Ι,</strong></span> <span class='ocrx_word' id='word_1_169' title='bbox 1084 2728 1148 2807; x_wconf 84' lang='lat'><strong>56).</strong></span> 
     </span>
    </p>
   </div>
   <div class='ocr_carea' id='block_1_6' title="bbox 484 2885 1852 3502">
    <p class='ocr_par' dir='ltr' id='par_1_9' title="bbox 537 2885 1806 2983">
     <span class='ocr_line' id='line_1_19' title="bbox 537 2885 1806 2983; baseline -0.002 -17"><span class='ocrx_word' id='word_1_170' title='bbox 537 2885 614 2966; x_wconf 83' lang='grc'><strong>74.</strong></span> <span class='ocrx_word' id='word_1_171' title='bbox 1533 2917 1628 2983; x_wconf 78' lang='lat'><em>1342,</em></span> <span class='ocrx_word' id='word_1_172' title='bbox 1649 2900 1671 2964; x_wconf 80' lang='lat'><em>8</em></span> <span class='ocrx_word' id='word_1_173' title='bbox 1680 2897 1806 2979; x_wconf 75' lang='lat' dir='ltr'><strong>juillet.</strong></span> 
     </span>
    </p>

    <p class='ocr_par' dir='ltr' id='par_1_10' title="bbox 484 3001 1852 3399">
     <span class='ocr_line' id='line_1_20' title="bbox 528 3001 1852 3089; baseline -0.001 -22"><span class='ocrx_word' id='word_1_174' title='bbox 528 3003 630 3089; x_wconf 86' lang='lat' dir='ltr'><strong>Supp.</strong></span> <span class='ocrx_word' id='word_1_175' title='bbox 656 3003 855 3089; x_wconf 58' lang='lat' dir='ltr'><strong>Apmericus</strong></span> <span class='ocrx_word' id='word_1_176' title='bbox 879 3001 997 3068; x_wconf 89' lang='lat' dir='ltr'><strong>Boisso</strong></span> <span class='ocrx_word' id='word_1_177' title='bbox 1022 3011 1115 3088; x_wconf 85' lang='lat' dir='ltr'><strong>quat.</strong></span> <span class='ocrx_word' id='word_1_178' title='bbox 1144 3001 1283 3088; x_wconf 93' lang='lat' dir='ltr'>Hugoni</span> <span class='ocrx_word' id='word_1_179' title='bbox 1313 3001 1430 3068; x_wconf 89' lang='lat' dir='ltr'><strong>Boisso</strong></span> <span class='ocrx_word' id='word_1_180' title='bbox 1460 3002 1551 3068; x_wconf 83' lang='lat' dir='ltr'><strong>fratri</strong></span> <span class='ocrx_word' id='word_1_181' title='bbox 1581 3021 1644 3068; x_wconf 89' lang='lat' dir='ltr'><strong>suo</strong></span> <span class='ocrx_word' id='word_1_182' title='bbox 1672 3001 1852 3088; x_wconf 87' lang='lat' dir='ltr'><strong>providere</strong></span> 
     </span>
     <span class='ocr_line' id='line_1_21' title="bbox 484 3104 1851 3192; baseline 0 -22"><span class='ocrx_word' id='word_1_183' title='bbox 484 3106 664 3190; x_wconf 91' lang='lat' dir='ltr'>dignemini</span> <span class='ocrx_word' id='word_1_184' title='bbox 681 3105 723 3171; x_wconf 94' lang='lat' dir='ltr'><strong>de</strong></span> <span class='ocrx_word' id='word_1_185' title='bbox 738 3125 823 3192; x_wconf 91' lang='lat' dir='ltr'><strong>pers.</strong></span> <span class='ocrx_word' id='word_1_186' title='bbox 844 3105 887 3170; x_wconf 94' lang='lat' dir='ltr'><strong>de</strong></span> <span class='ocrx_word' id='word_1_187' title='bbox 913 3104 1040 3186; x_wconf 87' lang='lat' dir='ltr'><strong>Henes,</strong></span> <span class='ocrx_word' id='word_1_188' title='bbox 1063 3104 1251 3172; x_wconf 86' lang='lat' dir='ltr'><strong>Tomacen.</strong></span> <span class='ocrx_word' id='word_1_189' title='bbox 1274 3106 1372 3187; x_wconf 90' lang='lat' dir='ltr'><strong>dioc.,</strong></span> <span class='ocrx_word' id='word_1_190' title='bbox 1394 3126 1469 3172; x_wconf 86' lang='lat' dir='ltr'><strong>vac.</strong></span> <span class='ocrx_word' id='word_1_191' title='bbox 1485 3126 1544 3191; x_wconf 90' lang='lat' dir='ltr'><strong>per</strong></span> <span class='ocrx_word' id='word_1_192' title='bbox 1559 3104 1851 3172; x_wconf 85' lang='lat' dir='ltr'><strong>consecrationem</strong></span> 
     </span>
     <span class='ocr_line' id='line_1_22' title="bbox 484 3207 1851 3295; baseline -0.001 -22"><span class='ocrx_word' id='word_1_193' title='bbox 484 3209 573 3274; x_wconf 88' lang='lat' dir='ltr'><strong>dom.</strong></span> <span class='ocrx_word' id='word_1_194' title='bbox 597 3209 736 3274; x_wconf 91' lang='lat' dir='ltr'><strong>Henrici</strong></span> <span class='ocrx_word' id='word_1_195' title='bbox 760 3208 949 3294; x_wconf 87' lang='lat' dir='ltr'><strong>patriarche</strong></span> <span class='ocrx_word' id='word_1_196' title='bbox 974 3208 1338 3295; x_wconf 87' lang='lat' dir='ltr'><strong>Constantinopolitani</strong></span> <span class='ocrx_word' id='word_1_197' title='bbox 1357 3221 1377 3288; x_wconf 85' lang='lat'><strong>²,</strong></span> <span class='ocrx_word' id='word_1_198' title='bbox 1394 3230 1461 3274; x_wconf 92' lang='lat' dir='ltr'><strong>non</strong></span> <span class='ocrx_word' id='word_1_199' title='bbox 1478 3212 1564 3275; x_wconf 88' lang='lat' dir='ltr'><strong>obst.</strong></span> <span class='ocrx_word' id='word_1_200' title='bbox 1589 3207 1680 3293; x_wconf 91' lang='lat' dir='ltr'>quod</span> <span class='ocrx_word' id='word_1_201' title='bbox 1704 3208 1738 3273; x_wconf 92' lang='lat' dir='ltr'><strong>in</strong></span> <span class='ocrx_word' id='word_1_202' title='bbox 1767 3208 1851 3274; x_wconf 91' lang='lat' dir='ltr'><strong>eccl.</strong></span> 
     </span>
     <span class='ocr_line' id='line_1_23' title="bbox 485 3311 1636 3399; baseline 0.003 -24"><span class='ocrx_word' id='word_1_203' title='bbox 485 3313 516 3376; x_wconf 84' lang='lat' dir='ltr'><strong>S.</strong></span> <span class='ocrx_word' id='word_1_204' title='bbox 537 3312 684 3392; x_wconf 85' lang='lat' dir='ltr'><strong>Juniani,</strong></span> <span class='ocrx_word' id='word_1_205' title='bbox 701 3311 917 3377; x_wconf 72' lang='lat' dir='ltr'><strong>Lemoricen.</strong></span> <span class='ocrx_word' id='word_1_206' title='bbox 932 3312 1029 3394; x_wconf 86' lang='lat' dir='ltr'><strong>dioc.,</strong></span> <span class='ocrx_word' id='word_1_207' title='bbox 1047 3314 1179 3379; x_wconf 89' lang='lat' dir='ltr'><strong>obtinet</strong></span> <span class='ocrx_word' id='word_1_208' title='bbox 1195 3333 1268 3379; x_wconf 87' lang='lat' dir='ltr'><strong>can.</strong></span> <span class='ocrx_word' id='word_1_209' title='bbox 1284 3322 1319 3378; x_wconf 92' lang='lat' dir='ltr'><strong>et</strong></span> <span class='ocrx_word' id='word_1_210' title='bbox 1334 3316 1426 3399; x_wconf 88' lang='lat' dir='ltr'><strong>preb.</strong></span> <span class='ocrx_word' id='word_1_211' title='bbox 1441 3353 1485 3361; x_wconf 95' lang='lat'>-</span> <span class='ocrx_word' id='word_1_212' title='bbox 1502 3312 1579 3377; x_wconf 87' lang='lat' dir='ltr'><strong>Fiat</strong></span> <span class='ocrx_word' id='word_1_213' title='bbox 1595 3311 1636 3378; x_wconf 96' lang='lat' dir='ltr'><strong>R.</strong></span> 
     </span>
    </p>

    <p class='ocr_par' dir='ltr' id='par_1_11' title="bbox 528 3413 1143 3502">
     <span class='ocr_line' id='line_1_24' title="bbox 528 3413 1143 3502; baseline 0.005 -24"><span class='ocrx_word' id='word_1_214' title='bbox 528 3415 609 3480; x_wconf 87' lang='lat' dir='ltr'><strong>Dat.</strong></span> <span class='ocrx_word' id='word_1_215' title='bbox 624 3414 724 3481; x_wconf 78' lang='lat' dir='ltr'><strong>Avia.</strong></span> <span class='ocrx_word' id='word_1_216' title='bbox 741 3416 759 3479; x_wconf 89' lang='lat'>8</span> <span class='ocrx_word' id='word_1_217' title='bbox 775 3413 820 3480; x_wconf 92' lang='lat' dir='ltr'><strong>id.</strong></span> <span class='ocrx_word' id='word_1_218' title='bbox 832 3414 905 3501; x_wconf 89' lang='lat' dir='ltr'><strong>julii</strong></span> <span class='ocrx_word' id='word_1_219' title='bbox 917 3423 950 3481; x_wconf 90' lang='lat' dir='ltr'><strong>a⁰</strong></span> <span class='ocrx_word' id='word_1_220' title='bbox 970 3423 1009 3482; x_wconf 86' lang='lat'><strong>1⁰.</strong></span> <span class='ocrx_word' id='word_1_221' title='bbox 1026 3415 1068 3501; x_wconf 96' lang='grc' dir='ltr'><strong>(Ι,</strong></span> <span class='ocrx_word' id='word_1_222' title='bbox 1085 3418 1143 3502; x_wconf 76' lang='lat'><strong>49)</strong></span> 
     </span>
    </p>
   </div>
   <div class='ocr_carea' id='block_1_7' title="bbox 484 3577 1852 3987">
    <p class='ocr_par' dir='ltr' id='par_1_12' title="bbox 538 3577 1807 3674">
     <span class='ocr_line' id='line_1_25' title="bbox 538 3577 1807 3674; baseline 0.006 -24"><span class='ocrx_word' id='word_1_223' title='bbox 538 3577 612 3659; x_wconf 88' lang='grc'><strong>75.</strong></span> <span class='ocrx_word' id='word_1_224' title='bbox 1538 3610 1634 3674; x_wconf 65' lang='lat'><em>1542,</em></span> <span class='ocrx_word' id='word_1_225' title='bbox 1650 3591 1672 3654; x_wconf 88' lang='lat'><em>8</em></span> <span class='ocrx_word' id='word_1_226' title='bbox 1679 3587 1807 3672; x_wconf 80' lang='lat' dir='ltr'><strong>juillet.</strong></span> 
     </span>
    </p>

    <p class='ocr_par' dir='ltr' id='par_1_13' title="bbox 484 3692 1852 3987">
     <span class='ocr_line' id='line_1_26' title="bbox 529 3692 1851 3780; baseline 0.002 -23"><span class='ocrx_word' id='word_1_227' title='bbox 529 3694 631 3780; x_wconf 84' lang='lat' dir='ltr'><strong>Supp.</strong></span> <span class='ocrx_word' id='word_1_228' title='bbox 649 3692 767 3758; x_wconf 91' lang='lat' dir='ltr'><strong>Helias</strong></span> <span class='ocrx_word' id='word_1_229' title='bbox 781 3693 824 3759; x_wconf 90' lang='lat' dir='ltr'><strong>de</strong></span> <span class='ocrx_word' id='word_1_230' title='bbox 841 3692 1032 3775; x_wconf 89' lang='lat' dir='ltr'><strong>Mulceone‚</strong></span> <span class='ocrx_word' id='word_1_231' title='bbox 1043 3694 1259 3761; x_wconf 90' lang='lat' dir='ltr'><strong>Lemovicen.</strong></span> <span class='ocrx_word' id='word_1_232' title='bbox 1269 3693 1366 3774; x_wconf 86' lang='lat' dir='ltr'><strong>dioc.,</strong></span> <span class='ocrx_word' id='word_1_233' title='bbox 1378 3702 1468 3779; x_wconf 89' lang='lat' dir='ltr'><strong>quat.</strong></span> <span class='ocrx_word' id='word_1_234' title='bbox 1479 3693 1539 3760; x_wconf 92' lang='lat' dir='ltr'><strong>sibi</strong></span> <span class='ocrx_word' id='word_1_235' title='bbox 1554 3693 1598 3759; x_wconf 90' lang='lat' dir='ltr'><strong>de</strong></span> <span class='ocrx_word' id='word_1_236' title='bbox 1614 3713 1689 3759; x_wconf 89' lang='lat' dir='ltr'><strong>can.</strong></span> <span class='ocrx_word' id='word_1_237' title='bbox 1704 3699 1741 3759; x_wconf 89' lang='lat' dir='ltr'><strong>et</strong></span> <span class='ocrx_word' id='word_1_238' title='bbox 1757 3695 1851 3780; x_wconf 91' lang='lat' dir='ltr'><strong>preb·</strong></span> 
     </span>
     <span class='ocr_line' id='line_1_27' title="bbox 485 3793 1851 3884; baseline 0 -22"><span class='ocrx_word' id='word_1_239' title='bbox 485 3799 566 3863; x_wconf 90' lang='lat' dir='ltr'><strong>eccl.</strong></span> <span class='ocrx_word' id='word_1_240' title='bbox 584 3797 742 3863; x_wconf 90' lang='lat' dir='ltr'><strong>Parisien.</strong></span> <span class='ocrx_word' id='word_1_241' title='bbox 758 3796 940 3883; x_wconf 92' lang='lat' dir='ltr'>dignemini</span> <span class='ocrx_word' id='word_1_242' title='bbox 956 3798 1141 3884; x_wconf 88' lang='lat' dir='ltr'><strong>providere,</strong></span> <span class='ocrx_word' id='word_1_243' title='bbox 1157 3818 1227 3863; x_wconf 92' lang='lat' dir='ltr'><strong>non</strong></span> <span class='ocrx_word' id='word_1_244' title='bbox 1243 3800 1328 3864; x_wconf 89' lang='lat' dir='ltr'><strong>obst.</strong></span> <span class='ocrx_word' id='word_1_245' title='bbox 1345 3796 1435 3882; x_wconf 91' lang='lat' dir='ltr'>quod</span> <span class='ocrx_word' id='word_1_246' title='bbox 1447 3816 1522 3864; x_wconf 89' lang='lat' dir='ltr'><strong>can.</strong></span> <span class='ocrx_word' id='word_1_247' title='bbox 1537 3805 1573 3862; x_wconf 92' lang='lat' dir='ltr'><strong>et</strong></span> <span class='ocrx_word' id='word_1_248' title='bbox 1587 3799 1681 3883; x_wconf 90' lang='lat' dir='ltr'><strong>preb.</strong></span> <span class='ocrx_word' id='word_1_249' title='bbox 1698 3793 1851 3862; x_wconf 89' lang='lat' dir='ltr'><strong>Melden.</strong></span> 
     </span>
     <span class='ocr_line' id='line_1_28' title="bbox 484 3899 1852 3987; baseline -0.001 -22"><span class='ocrx_word' id='word_1_250' title='bbox 484 3910 519 3966; x_wconf 92' lang='lat' dir='ltr'><strong>et</strong></span> <span class='ocrx_word' id='word_1_251' title='bbox 536 3901 739 3967; x_wconf 75' lang='lat' dir='ltr'><strong>Noiiomen.</strong></span> <span class='ocrx_word' id='word_1_252' title='bbox 755 3902 837 3967; x_wconf 90' lang='lat' dir='ltr'><strong>eccl.</strong></span> <span class='ocrx_word' id='word_1_253' title='bbox 854 3910 889 3967; x_wconf 91' lang='lat' dir='ltr'><strong>et</strong></span> <span class='ocrx_word' id='word_1_254' title='bbox 904 3902 1066 3967; x_wconf 89' lang='lat' dir='ltr'><strong>nonnulla</strong></span> <span class='ocrx_word' id='word_1_255' title='bbox 1082 3900 1299 3987; x_wconf 91' lang='lat' dir='ltr'><strong>prestimonia</strong></span> <span class='ocrx_word' id='word_1_256' title='bbox 1314 3901 1348 3966; x_wconf 93' lang='lat' dir='ltr'><strong>in</strong></span> <span class='ocrx_word' id='word_1_257' title='bbox 1368 3900 1455 3967; x_wconf 89' lang='lat' dir='ltr'><strong>dioc.</strong></span> <span class='ocrx_word' id='word_1_258' title='bbox 1471 3899 1685 3985; x_wconf 87' lang='lat' dir='ltr'><strong>Cartaginen.</strong></span> <span class='ocrx_word' id='word_1_259' title='bbox 1700 3899 1852 3968; x_wconf 83' lang='lat' dir='ltr'><strong>noscitur</strong></span> 
     </span>
    </p>
   </div>
   <div class='ocr_carea' id='block_1_8' title="bbox 484 4003 1282 4195">
    <p class='ocr_par' dir='ltr' id='par_1_14' title="bbox 484 4003 1282 4195">
     <span class='ocr_line' id='line_1_29' title="bbox 484 4003 1282 4071; baseline 0 -2"><span class='ocrx_word' id='word_1_260' title='bbox 484 4006 644 4071; x_wconf 90' lang='lat' dir='ltr'><strong>obtinere.</strong></span> <span class='ocrx_word' id='word_1_261' title='bbox 660 4047 704 4055; x_wconf 95' lang='lat'>-</span> <span class='ocrx_word' id='word_1_262' title='bbox 721 4004 798 4070; x_wconf 84' lang='lat' dir='ltr'><strong>Fiat</strong></span> <span class='ocrx_word' id='word_1_263' title='bbox 814 4005 847 4069; x_wconf 90' lang='lat' dir='ltr'><strong>in</strong></span> <span class='ocrx_word' id='word_1_264' title='bbox 863 4006 946 4071; x_wconf 92' lang='lat' dir='ltr'><strong>eccl.</strong></span> <span class='ocrx_word' id='word_1_265' title='bbox 962 4004 1150 4070; x_wconf 88' lang='lat' dir='ltr'><strong>Tomacen.</strong></span> <span class='ocrx_word' id='word_1_266' title='bbox 1180 4041 1212 4051; x_wconf 95' lang='lat'><em>-</em></span> <span class='ocrx_word' id='word_1_267' title='bbox 1242 4003 1282 4070; x_wconf 95' lang='lat' dir='ltr'><strong>R.</strong></span> 
     </span>
     <span class='ocr_line' id='line_1_30' title="bbox 528 4106 1158 4195; baseline 0.002 -23"><span class='ocrx_word' id='word_1_268' title='bbox 528 4108 608 4173; x_wconf 88' lang='lat' dir='ltr'><strong>Dat.</strong></span> <span class='ocrx_word' id='word_1_269' title='bbox 626 4110 724 4174; x_wconf 74' lang='lat' dir='ltr'>Avin.</span> <span class='ocrx_word' id='word_1_270' title='bbox 741 4110 760 4174; x_wconf 89' lang='lat'>8</span> <span class='ocrx_word' id='word_1_271' title='bbox 777 4107 821 4173; x_wconf 90' lang='lat' dir='ltr'><strong>id.</strong></span> <span class='ocrx_word' id='word_1_272' title='bbox 834 4108 906 4195; x_wconf 88' lang='lat' dir='ltr'><strong>julii</strong></span> <span class='ocrx_word' id='word_1_273' title='bbox 919 4116 953 4174; x_wconf 86' lang='lat' dir='ltr'><strong>a⁰</strong></span> <span class='ocrx_word' id='word_1_274' title='bbox 973 4116 1012 4174; x_wconf 78' lang='lat'><strong>1⁰.</strong></span> <span class='ocrx_word' id='word_1_275' title='bbox 1030 4106 1072 4192; x_wconf 90' lang='lat' dir='ltr'><strong>(I,</strong></span> <span class='ocrx_word' id='word_1_276' title='bbox 1091 4109 1158 4193; x_wconf 76' lang='lat'><strong>53).</strong></span> 
     </span>
    </p>
   </div>
   <div class='ocr_carea' id='block_1_9' title="bbox 484 4267 1851 5089">
    <p class='ocr_par' dir='ltr' id='par_1_15' title="bbox 534 4267 1806 4364">
     <span class='ocr_line' id='line_1_31' title="bbox 534 4267 1806 4364; baseline -0.001 -18"><span class='ocrx_word' id='word_1_277' title='bbox 534 4267 615 4349; x_wconf 89' lang='grc'><strong>76.</strong></span> <span class='ocrx_word' id='word_1_278' title='bbox 1537 4300 1632 4363; x_wconf 75' lang='lat'><em>1342,</em></span> <span class='ocrx_word' id='word_1_279' title='bbox 1649 4299 1669 4364; x_wconf 80' lang='lat'><em>9</em></span> <span class='ocrx_word' id='word_1_280' title='bbox 1679 4277 1806 4360; x_wconf 74' lang='lat' dir='ltr'><strong>juillet.</strong></span> 
     </span>
    </p>

    <p class='ocr_par' dir='ltr' id='par_1_16' title="bbox 484 4381 1851 4979">
     <span class='ocr_line' id='line_1_32' title="bbox 527 4381 1850 4470; baseline 0.002 -23"><span class='ocrx_word' id='word_1_281' title='bbox 527 4384 628 4469; x_wconf 83' lang='lat' dir='ltr'><strong>Supp.</strong></span> <span class='ocrx_word' id='word_1_282' title='bbox 656 4382 774 4449; x_wconf 89' lang='lat' dir='ltr'><strong>Petrus</strong></span> <span class='ocrx_word' id='word_1_283' title='bbox 801 4381 850 4448; x_wconf 89' lang='lat' dir='ltr'><strong>La</strong></span> <span class='ocrx_word' id='word_1_284' title='bbox 877 4382 1018 4468; x_wconf 82' lang='lat' dir='ltr'><strong>Vayssa,</strong></span> <span class='ocrx_word' id='word_1_285' title='bbox 1042 4387 1148 4470; x_wconf 88' lang='lat' dir='ltr'><strong>presb.</strong></span> <span class='ocrx_word' id='word_1_286' title='bbox 1176 4383 1391 4452; x_wconf 90' lang='lat' dir='ltr'><strong>Lemovicen.</strong></span> <span class='ocrx_word' id='word_1_287' title='bbox 1419 4385 1516 4464; x_wconf 89' lang='lat' dir='ltr'><strong>dioc.,</strong></span> <span class='ocrx_word' id='word_1_288' title='bbox 1540 4391 1630 4468; x_wconf 91' lang='lat' dir='ltr'><strong>quat.</strong></span> <span class='ocrx_word' id='word_1_289' title='bbox 1654 4384 1774 4470; x_wconf 86' lang='lat' dir='ltr'><strong>capell</strong></span> <span class='ocrx_word' id='word_1_290' title='bbox 1806 4383 1850 4449; x_wconf 91' lang='lat' dir='ltr'><strong>de</strong></span> 
     </span>
     <span class='ocr_line' id='line_1_33' title="bbox 484 4484 1850 4574; baseline 0.001 -23"><span class='ocrx_word' id='word_1_291' title='bbox 484 4487 526 4551; x_wconf 88' lang='lat' dir='ltr'>W</span> <span class='ocrx_word' id='word_1_292' title='bbox 528 4485 748 4552; x_wconf 73' lang='lat' dir='ltr'><strong>uartembelra</strong></span> <span class='ocrx_word' id='word_1_293' title='bbox 772 4486 806 4550; x_wconf 91' lang='lat' dir='ltr'><strong>in</strong></span> <span class='ocrx_word' id='word_1_294' title='bbox 822 4487 901 4551; x_wconf 91' lang='lat' dir='ltr'><strong>eccl.</strong></span> <span class='ocrx_word' id='word_1_295' title='bbox 919 4487 948 4551; x_wconf 84' lang='lat' dir='ltr'><strong>S.</strong></span> <span class='ocrx_word' id='word_1_296' title='bbox 965 4485 1054 4553; x_wconf 91' lang='lat' dir='ltr'><strong>Petri</strong></span> <span class='ocrx_word' id='word_1_297' title='bbox 1078 4487 1120 4553; x_wconf 89' lang='lat' dir='ltr'><strong>de</strong></span> <span class='ocrx_word' id='word_1_298' title='bbox 1144 4487 1294 4553; x_wconf 92' lang='lat' dir='ltr'>Cominis</span> <span class='ocrx_word' id='word_1_299' title='bbox 1317 4496 1351 4553; x_wconf 92' lang='lat' dir='ltr'><strong>et</strong></span> <span class='ocrx_word' id='word_1_300' title='bbox 1375 4488 1491 4574; x_wconf 84' lang='lat' dir='ltr'><strong>capell.</strong></span> <span class='ocrx_word' id='word_1_301' title='bbox 1520 4485 1556 4553; x_wconf 93' lang='lat' dir='ltr'><strong>B.</strong></span> <span class='ocrx_word' id='word_1_302' title='bbox 1574 4484 1622 4553; x_wconf 90' lang='lat' dir='ltr'><strong>M.</strong></span> <span class='ocrx_word' id='word_1_303' title='bbox 1637 4487 1672 4552; x_wconf 89' lang='lat' dir='ltr'><strong>in</strong></span> <span class='ocrx_word' id='word_1_304' title='bbox 1688 4486 1850 4573; x_wconf 87' lang='lat' dir='ltr'><strong>hospitali</strong></span> 
     </span>
     <span class='ocr_line' id='line_1_34' title="bbox 485 4588 1850 4678; baseline 0.002 -24"><span class='ocrx_word' id='word_1_305' title='bbox 485 4591 517 4655; x_wconf 89' lang='lat' dir='ltr'><strong>in</strong></span> <span class='ocrx_word' id='word_1_306' title='bbox 549 4590 668 4655; x_wconf 90' lang='lat' dir='ltr'><strong>eadem</strong></span> <span class='ocrx_word' id='word_1_307' title='bbox 699 4589 790 4669; x_wconf 80' lang='lat' dir='ltr'><strong>villa,</strong></span> <span class='ocrx_word' id='word_1_308' title='bbox 821 4589 1004 4655; x_wconf 87' lang='lat' dir='ltr'><strong>Tomacen.</strong></span> <span class='ocrx_word' id='word_1_309' title='bbox 1034 4590 1129 4671; x_wconf 88' lang='lat' dir='ltr'><strong>dioc.,</strong></span> <span class='ocrx_word' id='word_1_310' title='bbox 1152 4612 1235 4675; x_wconf 90' lang='lat' dir='ltr'><strong>quas</strong></span> <span class='ocrx_word' id='word_1_311' title='bbox 1265 4590 1310 4658; x_wconf 92' lang='lat' dir='ltr'><strong>ad</strong></span> <span class='ocrx_word' id='word_1_312' title='bbox 1339 4612 1475 4678; x_wconf 89' lang='lat' dir='ltr'><strong>presens</strong></span> <span class='ocrx_word' id='word_1_313' title='bbox 1504 4590 1636 4657; x_wconf 89' lang='lat' dir='ltr'><strong>obtinet</strong></span> <span class='ocrx_word' id='word_1_314' title='bbox 1671 4588 1777 4675; x_wconf 91' lang='lat' dir='ltr'>Hugo</span> <span class='ocrx_word' id='word_1_315' title='bbox 1807 4589 1850 4657; x_wconf 87' lang='lat' dir='ltr'><strong>de</strong></span> 
     </span>
     <span class='ocr_line' id='line_1_35' title="bbox 485 4693 1851 4782; baseline 0.001 -25"><span class='ocrx_word' id='word_1_316' title='bbox 485 4696 513 4758; x_wconf 83' lang='lat' dir='ltr'><strong>S.</strong></span> <span class='ocrx_word' id='word_1_317' title='bbox 530 4694 690 4759; x_wconf 81' lang='lat' dir='ltr'><strong>Amantio</strong></span> <span class='ocrx_word' id='word_1_318' title='bbox 701 4702 721 4773; x_wconf 85' lang='lat'><strong>³,</strong></span> <span class='ocrx_word' id='word_1_319' title='bbox 739 4693 791 4757; x_wconf 86' lang='lat' dir='ltr'><strong>cui</strong></span> <span class='ocrx_word' id='word_1_320' title='bbox 807 4693 849 4757; x_wconf 90' lang='lat' dir='ltr'><strong>de</strong></span> <span class='ocrx_word' id='word_1_321' title='bbox 865 4694 1074 4780; x_wconf 87' lang='lat' dir='ltr'><strong>prepositatu</strong></span> <span class='ocrx_word' id='word_1_322' title='bbox 1089 4696 1169 4760; x_wconf 91' lang='lat' dir='ltr'><strong>eccl.</strong></span> <span class='ocrx_word' id='word_1_323' title='bbox 1182 4694 1212 4755; x_wconf 85' lang='lat' dir='ltr'>V</span> <span class='ocrx_word' id='word_1_324' title='bbox 1213 4695 1371 4760; x_wconf 88' lang='lat' dir='ltr'><strong>auriensis</strong></span> <span class='ocrx_word' id='word_1_325' title='bbox 1386 4693 1586 4782; x_wconf 68' lang='lat' dir='ltr'><strong>providistis</strong></span> <span class='ocrx_word' id='word_1_326' title='bbox 1602 4693 1714 4760; x_wconf 87' lang='lat' dir='ltr'><strong>eidem</strong></span> <span class='ocrx_word' id='word_1_327' title='bbox 1734 4693 1851 4780; x_wconf 89' lang='lat' dir='ltr'>digne·</span> 
     </span>
     <span class='ocr_line' id='line_1_36' title="bbox 484 4796 1850 4883; baseline 0.001 -21"><span class='ocrx_word' id='word_1_328' title='bbox 484 4797 564 4862; x_wconf 89' lang='lat' dir='ltr'>mini</span> <span class='ocrx_word' id='word_1_329' title='bbox 581 4797 770 4882; x_wconf 88' lang='lat' dir='ltr'><strong>specialiter</strong></span> <span class='ocrx_word' id='word_1_330' title='bbox 784 4818 962 4876; x_wconf 82' lang='lat' dir='ltr'><strong>reservare,</strong></span> <span class='ocrx_word' id='word_1_331' title='bbox 979 4818 1046 4863; x_wconf 92' lang='lat' dir='ltr'><strong>non</strong></span> <span class='ocrx_word' id='word_1_332' title='bbox 1063 4802 1146 4863; x_wconf 87' lang='lat' dir='ltr'><strong>obst.</strong></span> <span class='ocrx_word' id='word_1_333' title='bbox 1163 4797 1254 4881; x_wconf 91' lang='lat' dir='ltr'>quod</span> <span class='ocrx_word' id='word_1_334' title='bbox 1269 4799 1420 4883; x_wconf 84' lang='lat' dir='ltr'><strong>parroch.</strong></span> <span class='ocrx_word' id='word_1_335' title='bbox 1437 4798 1517 4865; x_wconf 88' lang='lat' dir='ltr'><strong>eccl.</strong></span> <span class='ocrx_word' id='word_1_336' title='bbox 1533 4798 1575 4864; x_wconf 93' lang='lat' dir='ltr'><strong>de</strong></span> <span class='ocrx_word' id='word_1_337' title='bbox 1592 4796 1850 4879; x_wconf 85' lang='lat' dir='ltr'><strong>Grandisanhia,</strong></span> 
     </span>
     <span class='ocr_line' id='line_1_37' title="bbox 485 4899 1358 4979; baseline 0.002 -14"><span class='ocrx_word' id='word_1_338' title='bbox 485 4900 697 4965; x_wconf 77' lang='lat' dir='ltr'><strong>Lemovicen.</strong></span> <span class='ocrx_word' id='word_1_339' title='bbox 713 4899 809 4979; x_wconf 88' lang='lat' dir='ltr'><strong>dioc.,</strong></span> <span class='ocrx_word' id='word_1_340' title='bbox 825 4901 973 4966; x_wconf 90' lang='lat' dir='ltr'><strong>noscitur</strong></span> <span class='ocrx_word' id='word_1_341' title='bbox 994 4902 1153 4968; x_wconf 90' lang='lat' dir='ltr'><strong>obtinere.</strong></span> <span class='ocrx_word' id='word_1_342' title='bbox 1175 4901 1300 4967; x_wconf 87' lang='lat' dir='ltr'><strong>—Fiat</strong></span> <span class='ocrx_word' id='word_1_343' title='bbox 1318 4901 1358 4967; x_wconf 94' lang='lat' dir='ltr'><strong>R.</strong></span> 
     </span>
    </p>

    <p class='ocr_par' dir='ltr' id='par_1_17' title="bbox 528 5003 1167 5089">
     <span class='ocr_line' id='line_1_38' title="bbox 528 5003 1167 5089; baseline 0.008 -22"><span class='ocrx_word' id='word_1_344' title='bbox 528 5003 607 5069; x_wconf 90' lang='lat' dir='ltr'><strong>Dat.</strong></span> <span class='ocrx_word' id='word_1_345' title='bbox 624 5004 720 5069; x_wconf 68' lang='lat' dir='ltr'><strong>Asin.</strong></span> <span class='ocrx_word' id='word_1_346' title='bbox 739 5022 756 5087; x_wconf 92' lang='lat'>7</span> <span class='ocrx_word' id='word_1_347' title='bbox 772 5003 814 5070; x_wconf 91' lang='lat' dir='ltr'><strong>id.</strong></span> <span class='ocrx_word' id='word_1_348' title='bbox 828 5004 899 5088; x_wconf 89' lang='lat' dir='ltr'><strong>julii</strong></span> <span class='ocrx_word' id='word_1_349' title='bbox 916 5014 949 5070; x_wconf 81' lang='lat' dir='ltr'><strong>a⁰</strong></span> <span class='ocrx_word' id='word_1_350' title='bbox 969 5013 1005 5070; x_wconf 82' lang='lat'><strong>1⁰.</strong></span> <span class='ocrx_word' id='word_1_351' title='bbox 1023 5003 1066 5088; x_wconf 87' lang='grc' dir='ltr'><strong>(Ι,</strong></span> <span class='ocrx_word' id='word_1_352' title='bbox 1086 5025 1101 5089; x_wconf 82' lang='lat'><strong>5</strong></span> <span class='ocrx_word' id='word_1_353' title='bbox 1107 5012 1167 5089; x_wconf 65' lang='lat'><strong>3&#39;).</strong></span> 
     </span>
    </p>
   </div>
   <div class='ocr_carea' id='block_1_10' title="bbox 517 5202 1163 5255">
    <p class='ocr_par' dir='ltr' id='par_1_18' title="bbox 517 5202 1163 5255">
     <span class='ocr_line' id='line_1_39' title="bbox 517 5202 1163 5255; baseline 0.006 -5"><span class='ocrx_word' id='word_1_354' title='bbox 517 5205 537 5250; x_wconf 92' lang='grc' dir='ltr'><strong>Ι.</strong></span> <span class='ocrx_word' id='word_1_355' title='bbox 551 5202 612 5249; x_wconf 75' lang='lat' dir='ltr'><strong>Vbii·</strong></span> <span class='ocrx_word' id='word_1_356' title='bbox 624 5211 651 5248; x_wconf 81' lang='lat'><strong>11⁰</strong></span> <span class='ocrx_word' id='word_1_357' title='bbox 664 5204 685 5251; x_wconf 81' lang='lat' dir='ltr'><strong>l.</strong></span> <span class='ocrx_word' id='word_1_358' title='bbox 698 5231 729 5237; x_wconf 87' lang='lat'><em>-</em></span> <span class='ocrx_word' id='word_1_359' title='bbox 746 5205 769 5251; x_wconf 76' lang='lat'><strong>2.</strong></span> <span class='ocrx_word' id='word_1_360' title='bbox 782 5203 843 5251; x_wconf 78' lang='lat' dir='ltr'><strong>Vcir</strong></span> <span class='ocrx_word' id='word_1_361' title='bbox 853 5211 881 5251; x_wconf 82' lang='lat' dir='ltr'><strong>n⁰</strong></span> <span class='ocrx_word' id='word_1_362' title='bbox 894 5206 916 5253; x_wconf 77' lang='lat'><strong>7.</strong></span> <span class='ocrx_word' id='word_1_363' title='bbox 928 5231 960 5239; x_wconf 91' lang='lat'>—</span> <span class='ocrx_word' id='word_1_364' title='bbox 977 5205 999 5253; x_wconf 86' lang='grc'><strong>3.</strong></span> <span class='ocrx_word' id='word_1_365' title='bbox 1012 5204 1074 5253; x_wconf 86' lang='lat' dir='ltr'><strong>Voir</strong></span> <span class='ocrx_word' id='word_1_366' title='bbox 1085 5212 1113 5252; x_wconf 75' lang='grc' dir='ltr'><strong>ιιο</strong></span> <span class='ocrx_word' id='word_1_367' title='bbox 1125 5206 1163 5255; x_wconf 84' lang='lat'><strong>1³.</strong></span> 
     </span>
    </p>
   </div>
   <div class='ocr_carea' id='block_1_11' title="bbox 0 0 2330 6053">
    <p class='ocr_par' dir='ltr' id='par_1_19' title="bbox 0 0 2330 6053">
     <span class='ocr_line' id='line_1_40' title="bbox 0 0 2330 6053; baseline 0 0"><span class='ocrx_word' id='word_1_368' title='bbox 0 0 2330 6053; x_wconf 95' lang='lat' dir='ltr'><strong> </strong></span> 
     </span>
    </p>
   </div>
  </div>
 </body>
</html>
