4650 6059
1036 490 1123 564 1849,
1148 492 1167 556 5
1189 508 1277 555 mars.
1778 492 1841 559 409

462 645 639 712 Leodien.
655 644 753 725 dioc,
770 664 854 728 quos
868 652 949 710 tunc
965 644 1139 709 obtinebat
1155 664 1216 729 pro
1232 664 1304 710 can.
1317 654 1352 710 et
1367 648 1460 732 preb.
1476 646 1558 711 eccl.
1575 643 1746 726 Leodien.,
1757 665 1840 730 quos

462 759 551 815 tunc
568 748 753 815 obtinebat
768 747 943 814 Conradus
957 745 1000 812 de
1017 746 1275 832 Rennembergh
1292 758 1300 781 ¹
1317 748 1415 813 simili
1431 748 1534 814 modo
1561 757 1598 813 ut
1624 769 1722 835 supra
1749 758 1838 814 anet.

462 853 645 920 ordinaria
660 852 878 939 permutavit,
896 860 931 917 et
946 860 1023 917 sunt
1038 851 1100 937 ipsi
1125 849 1342 916 Hermannus
1358 859 1393 917 et
1416 851 1591 917 Conradus
1614 852 1840 938 predictorum

462 956 718 1023 beneficiorum
728 955 776 1021 sic
787 963 1054 1041 permutatorum
1066 953 1184 1019 eadem
1195 956 1394 1020 auctoritate
1406 955 1650 1041 possessionem
1663 957 1840 1041 pacificam

463 1060 634 1142 assecuti,
644 1068 738 1144 quat.
748 1057 892 1124 eandem
904 1057 1199 1145 permutationem,
1210 1066 1276 1124 etc.
1292 1078 1352 1144 per
1368 1060 1481 1124 omnia
1494 1066 1642 1145 utsupra
1658 1058 1840 1143 dignemini

464 1164 688 1243 confirmare,
715 1169 805 1242 etc.;
832 1182 902 1226 non
926 1164 1012 1228 obst.
1039 1161 1131 1246 quod
1157 1160 1247 1246 ipsos
1272 1181 1345 1227 can.
1361 1169 1396 1227 et
1411 1164 1513 1248 preb,
1530 1181 1571 1227 ac
1595 1163 1841 1249 preposituram

465 1268 499 1334 S.
516 1267 618 1333 Petri
635 1264 795 1332 Leodien.
811 1264 1029 1331 ecclesiarum
1044 1264 1192 1330 noscitur
1207 1265 1370 1348 obtinere,
1387 1274 1451 1332 etc.
1468 1274 1631 1352 utsupra.
1649 1305 1691 1316 —
1708 1265 1784 1331 Fiat
1801 1265 1841 1332 R.

515 1410 622 1470 1517.
639 1401 727 1468 Item
744 1423 839 1488 supp.
855 1410 946 1486 quat.
962 1399 982 1479 J
985 1402 1111 1467 ohanni
1128 1403 1170 1467 de
1188 1402 1307 1489 Ruppe
1320 1412 1330 1437 ²
1345 1403 1388 1467 de
1411 1404 1541 1488 capella
1556 1402 1598 1468 de
1623 1402 1742 1483 Busco,
1760 1425 1784 1469 s
1801 1425 1841 1485 e.,

467 1507 641 1574 Leodien.
656 1505 755 1588 dioc,
771 1525 845 1571 vac.
861 1505 895 1569 in
912 1505 943 1570 S.
960 1504 1000 1570 V.
1016 1505 1108 1570 curia
1120 1526 1180 1591 per
1192 1508 1245 1571 ob.
1262 1505 1433 1590 quondam
1447 1505 1607 1572 Florentii
1621 1506 1663 1571 de
1681 1506 1808 1572 Palude
1820 1517 1840 1587 ³,

468 1612 527 1696 qui
547 1610 584 1676 in
600 1609 694 1676 dieta
703 1610 804 1692 curia,
812 1610 867 1674 vel
882 1610 1055 1694 quondam
1064 1608 1231 1687 Johannis
1240 1610 1282 1674 de
1294 1608 1476 1691 Hocxem⁴,
1484 1610 1576 1695 cujus
1587 1611 1751 1677 beneficia
1762 1619 1841 1677 ante

468 1714 580 1801 ipsius
596 1715 653 1780 ob.
677 1712 809 1779 fuerunt
824 1711 1000 1795 reservata,
1017 1713 1074 1798 qui
1101 1721 1196 1778 extra
1223 1712 1349 1779 curiam
1376 1713 1540 1793 obierunt,
1568 1714 1689 1799 quique
1715 1715 1840 1780 dictam

470 1817 670 1904 cappellam
685 1816 886 1902 quandoque
901 1815 945 1882 ad
960 1816 1106 1882 invicem
1129 1824 1414 1903 permutaverunt,
1427 1818 1481 1881 vel
1505 1817 1589 1882 alias
1609 1818 1841 1901 quovismod0,

470 1920 663 2007 dignemini
679 1920 855 2006 providere
869 1944 878 2001 ;
901 1941 970 1986 uon
987 1923 1074 1987 obst.
1101 1921 1192 2006 quod
1207 1921 1289 1987 eccl.
1306 1920 1348 1987 de
1375 1920 1568 2007 Sprymont,
1584 1930 1619 1987 et
1646 1921 1677 1987 S.
1705 1921 1842 1987 Crucis⁵

472 2045 556 2091 cum
585 2026 679 2111 preb.
713 2044 753 2089 ac
779 2023 811 2090 S.
838 2023 979 2089 Servatii
1004 2023 1193 2109 Trajecten.
1224 2026 1284 2089 sub
1314 2045 1390 2110 exp.
1417 2024 1596 2109 prebende,
1623 2025 1842 2091 canonicatus

472 2126 872 2210 ecclesiarum,Leodien.
888 2127 1035 2193 civitatis
1050 2135 1085 2192 et
1100 2127 1354 2209 dioc.,noscitur
1369 2128 1530 2207 obtinere,
1543 2136 1608 2193 etc.
1625 2137 1662 2193 ut
1677 2149 1786 2214 supra.
1799 2169 1842 2178 -

475 2231 557 2299 Fiat
573 2231 616 2298 R.

522 2373 624 2439 1518.
641 2368 731 2435 Item
745 2389 841 2456 supp.
858 2379 950 2455 quat.
966 2370 1119 2436 Waltero
1134 2369 1176 2435 de
1201 2368 1403 2436 Hemetines
1417 2369 1429 2406 ⁶
1443 2371 1485 2437 de
1502 2391 1576 2436 can.
1599 2379 1634 2435 et
1649 2374 1741 2457 preb.
1758 2373 1840 2437 eccl.

477 2472 694 2555 Nivellensis,
711 2472 872 2540 Leodien.
887 2474 986 2556 dioc,
1002 2494 1076 2540 vac.
1091 2494 1151 2560 per
1168 2477 1221 2540 ob.
1238 2474 1408 2559 quondam
1424 2473 1583 2540 Bernardi
1601 2473 1714 2555 Brnni,
1739 2474 1841 2560 ipsius

480 2576 621 2644 ecclesie
637 2577 800 2659 canonici,
817 2578 872 2661 qui
889 2586 984 2643 extra
999 2578 1126 2644 curiam
1151 2577 1250 2644 Rom.
1266 2577 1356 2643 diem
1380 2577 1498 2642 clausit
1513 2584 1710 2658 extremum,
1727 2578 1753 2643 si
1770 2598 1840 2644 non

481 2680 524 2745 sit
537 2680 634 2746 alteri
647 2680 701 2765 jus
716 2681 893 2765 quesitum,
909 2681 1013 2746 etiam
1035 2681 1061 2746 si
1078 2681 1150 2766 ipsa
1172 2683 1265 2767 preb.
1281 2680 1503 2767 presbiteralis
1523 2681 1631 2761 fuerit,
1658 2680 1840 2766 dignemini

484 2781 589 2849 eidem
603 2782 781 2870 providere
797 2807 806 2865 ;
823 2805 892 2850 non
907 2788 994 2851 obst.
1010 2792 1139 2851 statuto
1154 2784 1305 2871 predicte
1322 2784 1472 2866 ecclesie,
1489 2786 1591 2851 etiam
1610 2786 1636 2850 si
1650 2786 1841 2871 juramento

487 2888 642 2955 vallatum
658 2888 780 2970 extitit,
793 2909 860 2975 quo
876 2889 985 2955 caveri
1001 2888 1133 2970 dicitur,
1146 2889 1237 2973 quod
1249 2888 1359 2953 uullus
1370 2888 1620 2974 presbiteralem
1636 2889 1842 2975 prebendam
1944 2903 1945 2907 ’

490 2989 581 3077 ipsius
596 2991 739 3059 ecclesie
754 2994 883 3078 assequi
906 2994 1029 3074 valeat,
1045 2992 1108 3058 nisi
1131 2992 1230 3058 fuerit
1255 2993 1417 3078 presbiter
1443 3001 1545 3072 actu;
1562 3000 1596 3058 et
1621 2992 1711 3076 quod
1735 2994 1842 3060 Anto-

493 3094 605 3163 niensis
636 3104 672 3161 et
702 3095 936 3177 Cennacensis,
961 3096 1179 3162 Cameracen.
1210 3103 1245 3160 et
1275 3094 1435 3162 Leodien.
1462 3095 1593 3183 [dioc.,]
1627 3097 1841 3162 ecclesiarum

495 3200 702 3266 canonicatus
713 3208 748 3264 et
763 3202 866 3286 preb,
883 3198 1101 3283 aequandam
1114 3218 1207 3283 perp.
1224 3199 1413 3283 cappellan.
1425 3221 1449 3263 s.
1461 3200 1533 3264 cin
1547 3201 1628 3264 eccl.
1642 3200 1673 3263 S.
1687 3198 1840 3285 Dyonisii

497 3297 642 3370 leodien.
657 3304 806 3370 noscitur
817 3303 978 3382 obtinere,
990 3310 1103 3367 etc-
1116 3300 1192 3365 Fiat
1206 3301 1246 3366 R.
1259 3302 1324 3366 Sed
1334 3303 1376 3366 sit
1386 3303 1548 3387 presbiter
1564 3302 1647 3366 infra
1663 3324 1788 3367 annum
1802 3302 1841 3366 R.

531 3406 605 3475 Dat.
620 3408 722 3474 Avin.
741 3411 758 3472 6
774 3428 853 3473 non.
869 3414 967 3471 mart.
984 3411 1016 3470 a⁰
1033 3413 1075 3487 7⁰.
1093 3406 1163 3489 (17,
1187 3407 1222 3470 18
1227 3409 1286 3488 3').

463 3609 469 3658 t
540 3544 674 3630 1519.
1549 3575 1643 3638 1349,
1657 3574 1681 3636 5
1698 3577 1800 3619 marr.

463 3661 468 3756 1
532 3662 651 3750 Supp...
668 3661 865 3739 Ademarus,
881 3659 932 3724 tit.
950 3658 980 3722 S.
997 3658 1173 3722 Anastasie
1189 3661 1297 3743 presb.
1314 3658 1445 3737 card.,...
1459 3667 1550 3741 quat.
1571 3656 1763 3743 [capellano
1786 3678 1846 3722 suo

463 3827 465 3836 ,
502 3765 702 3831 commensali
718 3762 865 3841 Johanni
882 3762 974 3827 dicto
991 3762 1093 3847 Pape,
1110 3762 1190 3825 alias
1206 3762 1248 3826 de
1265 3761 1410 3841 Casleto,
1422 3760 1546 3847 presb]
1564 3760 1730 3827 Moriuen.
1747 3763 1845 3840 dioc,

503 3884 559 3934 can.
574 3879 608 3934 et
624 3871 717 3955 preb.
739 3868 821 3932 eccl.
844 3864 1043 3950 Trajecten,
1071 3886 1186 3948 quos...
1214 3864 1394 3930 Lazarinus
1424 3864 1482 3951 [de
1510 3864 1631 3945 Flisco,
1653 3866 1847 3950 capellanus

503 3966 615 4059 ipsius],
647 3971 780 4036 obtinet
810 3990 877 4034 una
908 3989 984 4034 cum
1015 3970 1250 4053 supplemento
1281 3969 1370 4034 dicte
1401 3969 1601 4054 prebende...
1627 3968 1847 4032 conferendos

503 4071 593 4139 eidem
618 4072 768 4152 Johanni
796 4093 873 4137 cum
897 4074 1097 4136 vacabunt...
1124 4071 1306 4155 dignemini
1333 4093 1523 4152 reservare;
1548 4093 1616 4136 nou
1644 4075 1730 4137 obst.
1758 4072 1847 4155 quod

502 4179 620 4256 paroch.
637 4178 720 4243 eccl.
736 4175 778 4241 de
802 4176 1020 4259 Alinghetun,
1036 4175 1126 4240 dicte
1154 4174 1252 4255 dioc,
1277 4175 1426 4240 noscitur
1451 4176 1603 4241 obtinere
1630 4184 1664 4268 et
1691 4174 1781 4258 quod
1805 4175 1846 4240 de

503 4284 602 4366 upell.
614 4302 709 4368 perp.
726 4281 790 4344 sita
807 4279 841 4343 in
858 4280 940 4344 eccl.
956 4278 998 4342 de
1023 4277 1242 4343 Hekelsbeka
1265 4281 1299 4342 in
1322 4278 1490 4360 Flandria,
1516 4280 1665 4363 ejusdem
1692 4279 1789 4359 dioc,
1815 4279 1846 4343 S.
1945 4318 1947 4322 -

504 4377 532 4448 V.
544 4407 648 4473 nuper
663 4383 723 4450 sibi
740 4383 919 4469 providit...
936 4382 1072 4446 -Fiat
1089 4381 1130 4446 R.

536 4489 608 4556 Dat.
624 4490 727 4555 Avin.
744 4508 762 4572 3
779 4508 858 4552 non.
875 4496 971 4551 mart.
989 4496 1021 4551 a⁰
1039 4496 1081 4569 7⁰.
1099 4486 1169 4570 (17,
1191 4488 1293 4570 182').

508 4630 741 4647 5——

530 4704 547 4751 l.
561 4704 621 4752 l'oir
633 4719 658 4752 n.
671 4704 770 4751 1308-9.
782 4729 813 4736 —
825 4705 847 4749 2.
863 4701 922 4748 Voir
935 4716 959 4747 11.
972 4703 1025 4760 320,
1038 4704 1090 4758 721,
1107 4704 1176 4749 11161.
1188 4729 1220 4736 -
1232 4703 1254 4749 3.
1268 4701 1329 4749 Voir
1341 4716 1365 4749 n.
1380 4702 1493 4749 12111.-
1511 4701 1532 4748 l.
1545 4702 1607 4747 Voir
1619 4715 1644 4748 n.
1658 4702 1727 4747 11111).
1741 4728 1771 4736 -
1789 4703 1812 4748 5.
1825 4700 1848 4747 ll

507 4778 588 4826 616116
598 4793 697 4826 comme
715 4776 749 4825 tel
767 4790 799 4823 611
819 4776 880 4823 1353
898 4775 1014 4835 (rur-rut
1031 4774 1062 4822 de
1075 4779 1099 4822 S.
1112 4775 1238 4833 marlei-t,
1253 4775 1295 4833 IV,
1312 4778 1362 4832 169,
1374 4776 1407 4823 cs.
1419 4777 1463 4822 181
1477 4792 1482 4827 ς
1496 4774 1569 4821 Birt
1580 4774 1643 4821 Irret.
1660 4772 1770 4821 11111ιεύ1.
1783 4772 1845 4837 ῖίέφ,

509 4842 642 4913 111113).
655 4852 678 4900 Il
690 4856 764 4911 reput
775 4855 843 4898 cutte
854 4850 929 4910 grisco
940 4847 1128 4910 d'oxpectative
1140 4849 1163 4897 le
1177 4851 1191 4896 8
1202 4849 1268 4896 avril
1283 4851 1344 4896 1316
1354 4849 1438 4909 (111111.
1453 4848 1507 4897 l'ut.
1520 4848 1591 4907 But,
1606 4848 1625 4906 1,
1639 4847 1707 4907 360).
1718 4849 1773 4895 -6.
1785 4847 1848 4895 Voir

510 4928 528 4965 ¹1.
538 4924 596 4974 1451.
