4650 6059
480 803 541 869 220
953 804 1040 879 1345,
1062 804 1102 869 23
1120 802 1253 884 juillet-4
1274 806 1352 869 aoht.

479 953 715 1019 emolumentis
738 955 915 1035 consuetis,
933 954 1081 1019 conferre
1113 974 1171 1018 seu
1199 954 1411 1019 committere
1435 954 1627 1039 dignemini.
1645 996 1688 1007 —
1704 956 1783 1023 Fiat
1797 958 1837 1026 ad

481 1061 746 1143 quinquennium
760 1059 800 1126 R.

525 1164 603 1229 Dat.
620 1165 719 1231 Avin.
741 1186 778 1231 10
793 1164 860 1231 kal.
873 1185 946 1250 aug.
963 1172 996 1231 a⁰
1011 1172 1055 1249 4⁰.
1072 1165 1121 1249 (9,
1143 1166 1245 1249 100‘).

535 1303 646 1388 889·
1509 1336 1604 1403 1345,
1621 1338 1661 1402 ²3
1673 1316 1798 1401 juillet.

526 1423 626 1510 Supp.
643 1421 854 1489 Godofredus
868 1422 910 1488 de
928 1421 1211 1511 Ruppemoyeria,
1221 1421 1409 1509 prepositus
1420 1420 1619 1504 Tholoneu,
1633 1442 1707 1510 cap.
1721 1431 1839 1506 vester,

482 1538 572 1615 quat.
594 1528 770 1615 [germano
793 1549 853 1593 suo
877 1526 1021 1613 Guigoni
1037 1525 1080 1591 de
1097 1526 1380 1614 Ruppemoyeria,
1398 1526 1489 1616 can]
1509 1526 1686 1609 Vivarien,
1704 1530 1839 1596 canoni-

482 1642 593 1700 catum
617 1632 832 1699 Cameracen.
845 1631 1138 1719 conferatispreb.
1151 1652 1231 1697 vero
1243 1652 1319 1697 cum
1330 1631 1430 1717 dign,
1443 1652 1538 1719 pers,
1552 1632 1608 1700 off.
1619 1632 1675 1697 vel
1695 1635 1773 1700 ben.
1785 1654 1841 1699 seu

482 1737 675 1819 administr,
693 1759 721 1804 0.
739 1758 766 1804 0.
783 1738 837 1801 νο1
853 1758 877 1803 s.
894 1757 934 1817 0.,
962 1736 1064 1802 etiam
1091 1736 1116 1800 si
1145 1755 1204 1822 per
1230 1735 1431 1801 electionem
1456 1736 1529 1821 quis
1553 1735 1595 1802 ad
1618 1737 1693 1803 illos
1717 1737 1772 1803 vel
1788 1737 1842 1805 illa

482 1851 678 1922 assumatur,
698 1842 789 1929 [vac.
802 1841 856 1905 vel
866 1838 1004 1926 vacat.,]
1021 1846 1125 1926 spect.
1143 1838 1187 1904 ad
1204 1838 1301 1906 coll...
1318 1841 1418 1927 episc.
1431 1847 1466 1905 et
1482 1839 1659 1930 cap.,dec.,
1672 1842 1841 1930 prepositi,

483 1947 718 2029 archidiaconi,
735 1945 927 2012 thesaurarii
952 1953 1011 2011 aut
1041 1944 1254 2031 singularium
1286 1945 1524 2012 canonicorum
1540 1943 1774 2029 Cameracen,
1791 1947 1843 2012 vel

483 2053 618 2117 alterius
634 2053 858 2138 cujuscunque
883 2053 937 2117 vel
963 2070 1238 2135 quorumcunque
1265 2057 1300 2116 et
1326 2050 1515 2136 ubicunque
1542 2050 1584 2116 de
1605 2051 1668 2117 civ.
1685 2052 1739 2116 vel
1756 2052 1843 2119 dioc.

483 2155 710 2238 Cameracen,
727 2156 950 2225 communiter
965 2156 1019 2220 vel
1034 2154 1177 2236 divisim,
1193 2153 1273 2219 dum
1300 2164 1414 2220 tamen
1441 2176 1607 2222 summam
1625 2176 1666 2240 50
1680 2156 1738 2221 lib.
1755 2155 1842 2237 Tur,

482 2282 547 2327 sec.
564 2271 632 2327 tax.
659 2262 799 2343 decime,
815 2282 883 2327 uon
907 2260 1097 2339 excedant5
1125 2279 1238 2345 quam,
1262 2281 1373 2345 quem,
1401 2260 1454 2326 vel
1481 2260 1571 2345 quod
1597 2260 1708 2327 dictus
1732 2260 1842 2345 Guigo

484 2363 711 2450 acceptandos
726 2366 780 2432 vel
796 2367 1003 2455 acceptanda
1017 2363 1158 2445 duxerit,
1180 2363 1290 2429 eidem
1311 2364 1530 2431 conferendos
1552 2365 1607 2431 vel
1631 2365 1843 2446 conferenda,

484 2468 666 2554 dignemini
693 2490 888 2549 reservare3
919 2489 987 2536 non
1014 2470 1099 2535 obst.
1125 2467 1217 2555 quod
1242 2467 1331 2533 idem
1365 2468 1474 2554 Guigo
1501 2490 1573 2537 cau.
1601 2469 1780 2552 Vivarien,
1804 2490 1844 2537 ac

485 2584 614 2663 partem
631 2575 777 2660 aliquam
803 2574 845 2641 de
869 2574 1085 2661 proventibus
1100 2573 1190 2642 dicte
1203 2572 1369 2642 Vivarien.
1386 2574 1479 2656 eccl,
1496 2583 1531 2640 et
1546 2575 1628 2641 eccl.
1644 2583 1797 2642 curatam
1813 2576 1843 2642 S.

487 2676 628 2763 Remigii
641 2678 683 2744 de
700 2678 901 2765 Solongeyo,
915 2678 1100 2764 Lingonen.
1117 2677 1214 2760 dioc,
1231 2685 1388 2745 noscatur
1403 2678 1564 2746 obtinere.
1580 2679 1690 2763 Quam
1707 2680 1845 2764 quidem

486 2802 599 2849 curam
612 2792 747 2870 paratus
764 2792 815 2850 est
830 2783 1008 2863 dimittere,
1025 2804 1102 2849 cum
1127 2803 1186 2869 per
1212 2790 1404 2868 presentem
1427 2783 1567 2869 gratiam
1583 2782 1672 2868 dign.
1684 2784 1738 2851 vel
1756 2785 1846 2851 aliud

485 2890 560 2953 ben.
582 2897 733 2954 curatum
760 2888 899 2975 pacifice
924 2887 1099 2953 obtinebit.
1121 2924 1152 2934 -
1180 2885 1257 2952 Fiat
1281 2886 1324 2952 de
1349 2908 1423 2955 can.
1439 2889 1499 2954 sub
1525 2908 1601 2975 exp.
1624 2892 1728 2976 preb,
1744 2889 1845 2975 dign,

486 3000 561 3073 010,
578 2992 611 3057 in
628 2994 710 3060 0001.
734 2991 949 3059 Cameracen.
966 2991 1006 3059 R.

530 3096 609 3164 Dat.
626 3098 724 3169 Avin.
745 3119 782 3164 10
797 3096 865 3164 kal.
882 3117 955 3182 aug.
972 3102 1005 3162 a⁰
1029 3102 1071 3182 4⁰.
1089 3097 1138 3181 (9,
1159 3098 1260 3182 roo').

539 3236 653 3321 890·
1560 3268 1654 3334 1345,
1671 3274 1690 3334 4
1713 3253 1802 3316 aona

532 3355 619 3440 Sign.
637 3356 857 3440 Engelbertus
881 3356 1008 3421 electus
1029 3353 1188 3420 Leodien.
1206 3365 1226 3435 ¹,
1250 3353 1350 3438 quod,
1374 3373 1450 3419 cum
1475 3353 1555 3419 olim
1582 3353 1670 3420 inter
1692 3354 1848 3420 dominos

489 3479 601 3544 regem
631 3459 779 3541 Boemie,
807 3459 1000 3545 archiepisc.
1028 3458 1213 3538 Colonien,
1240 3465 1275 3523 et
1305 3457 1405 3543 episc.
1432 3457 1602 3538 Leodien.,
1632 3458 1764 3525 ratione
1791 3479 1849 3524 sue

492 3564 631 3630 ecclesie
661 3563 820 3644 Leodien,
854 3572 888 3630 et
912 3564 1091 3629 nonnullos
1121 3564 1272 3642 comites,
1289 3565 1431 3628 barones
1457 3570 1491 3628 et
1521 3563 1651 3629 nobiles
1680 3583 1722 3627 ex
1752 3571 1850 3649 parte

491 3690 568 3749 una,
595 3679 629 3734 et
653 3669 742 3735 dom.
768 3668 970 3748 Johannem,
996 3668 1117 3734 ducem
1145 3668 1327 3734 Brabantie
1353 3688 1394 3731 ex
1422 3668 1539 3749 altera,
1565 3667 1702 3732 luissent
1732 3688 1851 3752 graves

490 3795 604 3859 guerre
635 3783 670 3839 et
699 3772 861 3839 discordie
877 3782 1017 3852 exorte,
1049 3781 1084 3837 et
1111 3772 1260 3851 tandem,
1293 3772 1377 3837 sicut
1409 3771 1448 3837 V.
1475 3772 1506 3836 S.
1537 3775 1623 3837 hene
1650 3772 1758 3850 novit,
1790 3772 1852 3837 fuit

491 3879 765 3966 compromissum
781 3898 840 3964 per
864 3877 970 3943 dictas
986 3886 1097 3962 partes
1124 3878 1157 3940 in
1186 3875 1430 3942 serenissimum
1446 3876 1631 3963 principem
1656 3875 1747 3941 dom.
1773 3876 1851 3941 Phi·

489 3982 626 4068 lippum,
659 3982 723 4046 Dei
750 3982 857 4066 gratia
880 4002 992 4067 regern
1021 3980 1161 4046 Francie
1188 3980 1359 4059 illustrem,
1387 3987 1547 4063 tanquam
1572 3980 1605 4047 in
1628 3980 1799 4061 arbitrum,
1817 3990 1851 4045 et

490 4088 720 4152 arbitratorem
736 4107 794 4152 seu
811 4086 1022 4152 amicabilem
1049 4083 1309 4170 compositorem
1334 4104 1432 4170 snper
1458 4084 1611 4149 omnibus
1637 4083 1769 4150 debatis
1792 4104 1850 4149 seu

489 4189 659 4254 discordiis
690 4191 812 4256 exortis
843 4191 929 4255 inter
959 4197 1071 4276 partes
1097 4188 1288 4276 predictas;
1315 4196 1349 4254 et
1376 4188 1464 4253 idem
1492 4189 1582 4253 dom.
1609 4208 1667 4252 rex
1699 4186 1850 4269 Francie,

490 4314 573 4358 onus
589 4294 776 4377 hujusmodi
793 4294 1020 4379 compromissi
1034 4294 1067 4357 in
1084 4315 1119 4357 se
1135 4293 1327 4378 suscipiens,
1344 4293 1597 4373 sententialiter,
1620 4291 1734 4377 vigore
1750 4292 1852 4380 ipsius

491 4398 729 4481 compromissi,
745 4397 977 4483 pronunciarit
993 4397 1079 4461 inter
1094 4397 1158 4461 alia
1175 4418 1273 4481 super
1287 4397 1454 4461 nonnullis
1476 4395 1622 4461 articulis
1636 4396 1852 4480 tangentibus

491 4500 597 4585 ipsum
614 4501 703 4565 dom.
714 4503 815 4587 episc.
829 4500 998 4581 Leodien.,
1023 4500 1153 4566 ratione
1170 4500 1310 4566 ecclesie
1327 4499 1496 4580 Leodien.,
1513 4520 1552 4565 ac
1568 4500 1692 4566 dictam
1710 4501 1793 4566 0001.
1810 4522 1852 4565 ex

492 4614 584 4691 parte
601 4626 677 4686 una,
694 4613 728 4669 01
744 4605 908 4690 prefatum
936 4605 1026 4669 dom.
1054 4605 1185 4685 ducem,
1209 4605 1337 4669 ratione
1364 4603 1505 4669 ducatus
1532 4604 1580 4669 sui
1609 4603 1793 4671 Brabantie
1818 4616 1852 4669 et

491 4710 626 4775 aliarum
658 4718 819 4774 terrarum
845 4710 955 4794 ipsius,
983 4709 1205 4788 laudabiliter,
1231 4709 1472 4774 rationabiliter
1487 4718 1521 4774 et
1544 4710 1633 4794 juste
1648 4707 1852 4773 declarando

490 4816 650 4881 nonnulla
663 4816 737 4900 jura
763 4816 908 4901 episcopi
926 4824 959 4879 et
976 4814 1069 4879 ducis
1093 4815 1330 4902 predictorum,
1358 4823 1493 4899 propter
1510 4835 1574 4898 que
1599 4814 1673 4899 jura
1685 4822 1766 4878 ante
1782 4814 1852 4900 ejus

489 4919 801 5007 pronunciationem
817 4941 934 5002 graves
949 4918 1113 4985 discordie
1139 4918 1328 5002 frequenter
1356 4927 1432 4984 sunt
1448 4926 1563 4986 exorte
1577 4941 1585 4997 ;
1602 4918 1761 5001 dictaque
1777 4938 1851 5003 pro

490 5024 661 5089 nunciatio
678 5026 876 5109 approbata,
893 5022 1029 5087 laudata
1046 5030 1081 5086 et
1097 5023 1287 5106 emologata
1311 5043 1464 5108 expresse
1489 5022 1550 5087 suit
1577 5030 1611 5088 et
1639 5021 1681 5087 sit
1697 5030 1734 5087 et
1749 5022 1852 5087 etiam

526 5204 544 5246 1.
559 5200 625 5246 Mna.
645 5199 698 5245 liri.
716 5199 788 5249 stat..
811 5199 828 5253 l,
847 5213 872 5245 n.
890 5200 937 5244 513
953 5213 958 5244 ι
976 5198 1009 5244 ci.
1028 5197 1083 5243 Van
1105 5197 1182 5255 llovc,
1205 5179 1287 5242 lituu
1304 5208 1349 5241 rm·
1367 5195 1401 5242 lm
1418 5195 1514 5255 rarrrdita
1530 5195 1562 5243 dc
1571 5195 1727 5258 juridiction
1747 5196 1813 5243 dana
1831 5195 1854 5241 le

490 5272 584 5320 dimine
601 5272 632 5320 dr
649 5271 725 5333 Liipe
742 5272 756 5318 ri
777 5271 887 5333 traque
903 5255 1020 5319 ‹Plirmd
1036 5270 1067 5318 de
1084 5270 1109 5316 lu
1130 5269 1229 5317 llarrd.
1248 5269 1369 5326 Iaruvairu
1384 5270 1452 5324 1900,
1466 5282 1509 5331 pp.
1522 5269 1603 5319 tro-81.
