4650 6059
478 783 535 846 414
1027 780 1114 854 1849,
1136 779 1178 843 26
1199 797 1286 844 mars

481 932 652 998 Dordraco
662 942 680 1009 ¹,
695 930 853 1016 magistro
868 931 902 995 in
919 930 1045 996 artibus
1057 939 1092 995 et
1107 930 1141 994 in
1157 930 1285 1015 legibus
1295 931 1359 1012 lic.,
1371 930 1576 1017 prebendam
1588 934 1815 1018 presbiteralen

480 1036 620 1102 ecclesie
636 1034 823 1116 Colonien,
839 1034 965 1100 dudum
982 1054 1055 1100 vac.
1071 1054 1130 1120 per
1145 1036 1200 1099 ob.
1216 1032 1235 1111 J
1239 1034 1383 1100 ohannis
1399 1033 1512 1116 Poele,
1528 1036 1624 1120 cujus
1641 1046 1749 1124 apost.
1762 1058 1815 1103 auc·

480 1141 615 1206 toritate
642 1139 819 1225 pacificam
843 1138 1089 1225 possessionem
1115 1138 1173 1204 diu
1195 1138 1313 1204 babuit
1339 1148 1375 1205 et
1399 1139 1511 1220 habet,
1537 1138 1564 1204 si
1590 1142 1814 1219 reservatam,
1847 1149 1850 1208 ζ

479 1244 661 1330 dignemini
678 1244 875 1309 confirmare
891 1266 899 1323 ;
916 1263 984 1308 non
1001 1245 1087 1308 obst.
1104 1241 1195 1323 quod
1210 1242 1431 1308 canonicatus
1442 1250 1477 1308 et
1498 1245 1592 1330 preb.
1605 1243 1640 1308 in
1653 1243 1815 1330 Trajecten.
1848 1288 1849 1292 =

480 1358 514 1414 et
531 1348 569 1413 B.
592 1347 818 1413 Waldetrudis
844 1345 1043 1427 Montensis,
1070 1344 1288 1412 Cameracen.
1315 1346 1413 1428 dioc„
1437 1346 1587 1413 noscitur
1612 1348 1770 1415 obtinere.
1787 1388 1814 1397 -

481 1452 556 1518 Fiat
573 1451 613 1518 R.

526 1613 625 1675 1538.
643 1606 731 1673 Item
747 1627 839 1692 supp.
857 1614 947 1691 quat.
964 1625 1025 1671 suo
1040 1606 1217 1690 capellano
1242 1623 1284 1670 ac
1310 1604 1463 1670 familiari
1488 1604 1591 1671 Petro
1619 1605 1663 1672 de
1691 1605 1814 1692 Leyden,
1846 1666 1850 1673 .

480 1712 663 1798 presbitero
677 1710 867 1795 Trajecten.
883 1710 970 1775 dioc.
983 1720 1003 1789 ²,
1019 1708 1062 1773 de
1078 1728 1153 1774 can.
1169 1709 1310 1774 ecclesie
1325 1706 1364 1774 B.
1376 1707 1426 1775 M.
1438 1707 1640 1793 Trajecten.,
1653 1712 1744 1797 preb.
1756 1728 1814 1773 vero
1844 1748 1850 1777 ;

482 1817 571 1902 [vac.
588 1818 641 1880 vel
667 1814 808 1900 vacat.],
834 1811 1073 1879 conserendam
1097 1811 1218 1892 eidem,
1235 1821 1311 1893 etc,
1336 1810 1519 1898 dignemini
1547 1833 1741 1894 reservare;
1764 1832 1814 1877 non

480 1925 566 1987 obst.
594 1919 685 2004 quod
709 1919 797 1985 idem
825 1919 942 1984 Petrus
969 1918 1051 1983 eccl.
1075 1916 1117 1982 de
1141 1914 1432 2001 Wemeldinghen,
1458 1915 1549 1982 dicte
1573 1915 1675 1998 dioc„
1695 1917 1815 1983 noscitur
1845 1989 1850 1998 Ι

482 2025 642 2090 obtinere.
654 2063 698 2072 -
714 2021 791 2087 Fiat
807 2021 848 2087 R.
1841 2015 1850 2034 ⁴

529 2185 628 2247 1539.
646 2178 732 2244 Item
746 2199 840 2264 supp.
857 2185 947 2262 quat.
966 2176 1043 2264 [suo
1059 2176 1181 2243 clerico
1192 2195 1232 2241 ac
1247 2174 1399 2240 familiari
1423 2173 1566 2261 Rasoni]
1585 2174 1776 2243 Theoderici
1786 2173 1815 2239 de
1845 2238 1850 2242 ,

483 2284 511 2348 T
514 2282 610 2363 hede,
623 2281 780 2347 Leodien.
796 2282 894 2362 dioc,
909 2280 952 2347 de
968 2301 1060 2366 perp.
1075 2279 1241 2346 beneficio
1256 2278 1298 2345 de
1313 2278 1451 2359 Zellaer,
1463 2278 1511 2344 sic
1526 2279 1710 2365 vulgariter
1725 2278 1814 2366 appel·
1841 2286 1850 2326 ·.

483 2388 564 2465 lat0,
576 2385 609 2449 in
625 2386 706 2450 eccl.
720 2384 751 2450 S.
765 2383 921 2449 Rumoldi
940 2382 1178 2463 Maeliniensis,
1196 2381 1413 2447 Cameracen.
1424 2381 1605 2461 dioc.,vac.
1622 2382 1713 2469 apud
1724 2380 1813 2449 sedem
1842 2412 1850 2452 ;

483 2498 590 2574 apost.
605 2509 665 2573 per
680 2492 734 2554 ob.
751 2486 947 2573 quondam]
950 2487 1092 2553 ohannis
1117 2485 1296 2552 Michaelis
1318 2485 1360 2551 de
1388 2484 1575 2551 Machlinia
1590 2496 1602 2531 ³
1618 2487 1727 2573 ipsum
1739 2489 1815 2552 bene·

483 2593 595 2657 ficium
612 2593 804 2672 obtinentis,
820 2592 912 2676 cujus
927 2590 1090 2657 beneficia
1112 2598 1191 2656 ante
1207 2591 1278 2675 ejus
1293 2592 1347 2655 ob.
1370 2596 1541 2683 reservata
1557 2589 1702 2672 fuerunt,
1727 2590 1815 2674 digne

483 2696 564 2761 mini
579 2696 754 2782 providere
769 2719 777 2776 ;
794 2716 862 2761 non
878 2699 964 2761 obst.
980 2694 1070 2780 quod
1084 2694 1118 2759 in
1135 2693 1177 2760 de
1193 2691 1422 2758 Buschoducis
1447 2700 1483 2757 et
1497 2692 1540 2758 de
1555 2690 1669 2759 Breda
1684 2689 1814 2767 ecclesiis
1843 2737 1850 2744 -

483 2799 572 2866 dicte
588 2799 748 2866 Leodien.
763 2799 861 2880 dioc,
878 2799 959 2866 duas
984 2819 1077 2885 perp.
1103 2796 1308 2882 capellanias
1332 2816 1357 2860 s.
1384 2815 1412 2861 c.
1436 2795 1588 2861 noscitur
1612 2796 1767 2862 obtinere.
1785 2828 1814 2841 -·

486 2904 561 2971 Fiat
580 2904 620 2970 R.

528 3008 573 3074 Et
596 3007 686 3093 quod
709 3015 857 3073 transeat
888 3006 959 3071 sine
984 3006 1049 3071 alia
1072 3003 1229 3083 lectione,
1257 3010 1291 3067 et
1321 3021 1463 3067 examen
1491 3002 1641 3067 absentis
1672 3000 1813 3067 remittere

483 3111 675 3196 dignemini.
692 3152 735 3161 -
751 3111 828 3175 Fiat
845 3110 885 3175 R.

527 3215 605 3280 Dat.
621 3216 721 3280 Avin.
739 3235 756 3298 7
773 3214 839 3278 kal.
857 3214 950 3298 april.
967 3222 1000 3278 a⁰
1019 3221 1051 3297 7⁰
1067 3214 1135 3292 (17,
1154 3212 1244 3294 213).

536 3368 682 3451 1540.
1520 3397 1617 3463 1349,
1635 3378 1677 3441 ao
1694 3395 1784 3441 niort.

527 3486 627 3571 Supp.
654 3485 821 3551 Henricus
843 3485 885 3550 de
912 3485 943 3550 S.
970 3484 1101 3561 Judoco
1131 3482 1174 3549 de
1204 3481 1457 3561 Thenismonte,
1488 3481 1652 3568 presbiter
1680 3478 1811 3547 Leodien.

482 3589 579 3669 dioc,
597 3598 687 3674 quat.
703 3590 764 3655 sibi
780 3591 821 3656 de
838 3591 1047 3676 cappellania
1063 3610 1154 3675 perp.
1182 3587 1221 3653 B.
1250 3587 1419 3666 Katerine,
1442 3588 1505 3652 sita
1526 3587 1560 3651 in
1588 3589 1672 3653 eccl.
1688 3580 1812 3673 parroch.

366 3716 371 3726 ¹
484 3694 514 3758 S.
533 3692 582 3759 M.
598 3693 640 3758 de
656 3693 821 3775 Venrike,
847 3695 937 3761 dicte
964 3694 1061 3774 dioc,
1088 3693 1181 3777 cujus
1208 3692 1364 3757 fructus..
1388 3710 1485 3776 supra
1500 3690 1614 3756 locum
1635 3711 1672 3776 15
1690 3690 1814 3755 florem.

484 3799 632 3862 valorem
649 3798 821 3863 annuatim
837 3819 905 3863 non
922 3798 1099 3879 excedunt,
1116 3817 1190 3861 vac.
1215 3795 1257 3861 ad
1273 3814 1409 3881 presens
1425 3794 1514 3879 apud
1529 3794 1644 3861 sedem
1661 3802 1762 3881 apost.
1776 3804 1815 3876 per

482 3905 619 3987 plenam
635 3913 669 3968 et
693 3903 832 3968 liberam
858 3904 1119 3987 resignationem
1145 3900 1284 3965 Henrici
1312 3899 1392 3964 dicti
1417 3897 1631 3979 Tsaudemiu,
1659 3890 1816 3985 presbiteri,

482 4006 589 4071 ultimi
606 4005 695 4072 dicte
711 4008 920 4092 cappellanie
944 4006 1140 4092 cappellani,
1169 4004 1224 4089 qui
1252 4004 1285 4067 in
1302 4002 1342 4068 V.
1359 4003 1390 4067 S.
1408 4002 1497 4069 curia
1521 4001 1650 4067 dictam
1678 3998 1818 4088 cappella·

483 4111 573 4174 uiam
589 4112 689 4195 plene
705 4119 740 4176 et
755 4112 857 4176 libere
874 4112 1055 4195 resignavit
1070 4119 1207 4196 propter
1224 4108 1495 4193 impetrationem
1519 4107 1553 4172 in
1580 4108 1701 4173 vestris
1725 4100 1847 4192 gratim

482 4214 690 4296 generalibus
706 4212 748 4278 de
764 4235 830 4298 qua
846 4215 997 4300 provisus
1013 4223 1073 4295 est,
1090 4235 1149 4279 seu
1171 4213 1313 4297 gratiam
1329 4212 1389 4284 sibi
1415 4211 1603 4277 taciendam
1627 4219 1664 4276 et
1688 4209 1819 4276 obtineo·

483 4315 572 4395 dam,
588 4337 645 4380 seu
661 4318 743 4381 alias
759 4317 980 4401 quovismodo
996 4327 1106 4399 vacet,
1130 4316 1222 4381 dicto
1240 4315 1390 4380 Henrico
1417 4336 1493 4379 cum
1509 4314 1666 4379 omnibus
1686 4314 1750 4379 suis
1761 4306 1820 4397 jun'·

483 4423 543 4484 bus
559 4430 593 4484 et
609 4421 819 4505 pertinentiis
834 4422 993 4487 universis
1008 4421 1190 4506 dignemini
1214 4419 1398 4506 providere,
1415 4426 1530 4484 amoto
1545 4420 1587 4484 ab
1604 4418 1677 4504 ipsa
1692 4416 1821 4504 quolibet

483 4522 659 4588 detentore
678 4546 686 4604 ;
703 4544 770 4588 non
788 4528 873 4590 obst.
890 4526 978 4609 quod
1002 4525 1091 4590 idem
1108 4523 1276 4588 Henricus
1291 4525 1367 4587 ben.
1392 4523 1473 4587 eccl.
1490 4542 1519 4586 c.
1536 4542 1564 4588 c.
1581 4523 1635 4586 vel
1652 4543 1678 4588 s.
1694 4542 1734 4601 c.,
1748 4534 1822 4607 spec·

484 4635 559 4691 tans
586 4628 810 4692 communiter
833 4630 887 4693 vel
914 4629 1045 4694 divisim
1073 4628 1116 4693 ad
1142 4626 1368 4704 collationem,
1396 4633 1461 4691 etc.
1485 4624 1606 4691 decani
1644 4635 1681 4691 et
1707 4616 1848 4711 capituli.

483 4731 622 4796 ecclesie
639 4732 714 4797 coll.
731 4731 762 4797 S.
779 4732 868 4797 Petri
885 4732 1080 4799 Leodiensis
1103 4732 1227 4796 virtute
1251 4729 1437 4794 litterarum
1453 4738 1562 4816 apost.
1578 4729 1621 4795 de
1637 4731 1756 4796 vestris
1768 4744 1824 4813 gra·
1843 4783 1847 4794 .

483 4835 537 4899 tiis
553 4836 794 4917 communibus,
811 4844 846 4901 et
868 4858 1084 4922 processuum
1111 4855 1194 4921 quos
1221 4832 1291 4897 fieri
1316 4831 1406 4913 fecit,
1430 4833 1472 4898 sit
1496 4842 1694 4919 expectans,
1721 4827 1850 4915 dequa':

484 4938 618 5021 quidem
634 4940 816 5005 collatione
832 4941 983 5007 nondum
999 4939 1135 5024 aliquod
1150 4937 1330 5004 comodum
1342 4937 1535 5021 reportavit,
1546 4956 1624 5001 cum
1635 4935 1827 5006 inhibitione,
1844 4925 1850 4972 ²

486 5131 541 5248 11}
553 5129 656 5249 Xlipolas
669 5132 749 5193 Stuyc
760 5148 765 5187 ;
776 5134 833 5179 voli·
844 5145 870 5181 n.
882 5134 997 5192 tol-252.
1012 5135 1067 5182 274.
1079 5159 1112 5168 -
1122 5136 1147 5183 2.
1159 5134 1243 5194 Brom,
1257 5135 1332 5185 Ruti.
1345 5135 1460 5199 Trojact„
1473 5149 1498 5184 n.
1511 5128 1827 5183 1264.-3.Voirn.11tl.
1845 5071 1850 5174 ἰ

536 5205 556 5257 li,
602 5208 640 5252 55.
