4650 6059
478 779 542 843 320
960 775 1049 851 1347,
1071 774 1106 839 21
1125 772 1249 855 juin-lel
1256 773 1366 856 juillet

482 930 678 1017 Raynnldus
693 938 728 997 et
744 928 855 997 Maria
870 928 1053 1015 supradicti
1064 928 1099 991 in
1115 927 1222 993 tercio
1237 935 1272 993 et
1287 936 1408 1012 quarto
1423 948 1464 994 ac
1480 926 1689 993 inferioribus
1696 949 1839 996 consan-

476 1034 652 1121 guinitatis
661 1034 819 1120 gradibus
830 1036 873 1099 ab
889 1040 1031 1116 utroque
1046 1033 1152 1098 latere
1168 1031 1315 1098 invicem
1324 1052 1360 1097 se
1369 1031 1580 1117 contingunt,
1592 1033 1841 1100 matrimonium

480 1139 668 1224 hujusmodi
684 1138 845 1225 perficere
859 1145 1033 1222 nequeunt
1059 1137 1132 1202 sine
1157 1136 1410 1221 dispensatione
1425 1137 1612 1222 apostolice
1635 1136 1841 1206 Sanctitatis

481 1243 594 1325 Quare
609 1242 716 1328 suppl.
727 1250 820 1327 quat.
831 1242 1043 1310 committere
1058 1239 1243 1324 dignemini
1253 1240 1420 1325 episcopis
1429 1238 1636 1321 Laudunen.,
1647 1239 1842 1309 Claromon·

480 1353 550 1412 ten.
566 1354 601 1412 et
617 1345 775 1412 Parisien.
790 1344 913 1430 quod...
929 1344 1123 1429 dispensare
1138 1344 1311 1409 valeant...
1322 1383 1366 1394 -
1382 1342 1461 1409 Fiat
1476 1342 1517 1410 R.

525 1449 605 1515 Dat.
620 1450 721 1517 Avin.
741 1469 776 1514 11
795 1448 861 1515 kal.
874 1448 947 1534 julii
963 1454 997 1514 a⁰
1015 1452 1057 1514 6⁰.
1074 1448 1145 1531 (13,
1158 1449 1245 1532 45').

535 1586 669 1669 1219.
1547 1614 1643 1681 1347,
1660 1618 1702 1661 21
1713 1596 1801 1678 juin.

524 1704 613 1790 Sign.
624 1703 697 1769 S.V.
708 1701 979 1787 archiepiscopus
989 1698 1174 1764 Ravennas
1185 1708 1193 1734 ¹
1206 1699 1297 1783 quod
1306 1707 1380 1765 orta
1389 1698 1688 1780 dudum,videlicet
1700 1721 1742 1766 20
1752 1699 1844 1766 annis

477 1817 516 1873 et
531 1808 674 1893 amplius
689 1805 818 1891 elapsis,
835 1804 923 1870 inter
937 1802 1087 1868 nobilem
1102 1802 1211 1867 virum
1223 1801 1361 1868 Petrum
1370 1802 1506 1888 Agapiti
1521 1801 1564 1867 de
1581 1800 1775 1889 Columpna
1786 1814 1797 1839 ²
1810 1811 1843 1869 et

482 1910 652 1996 quondam
667 1909 804 1974 Petrum
824 1907 867 1973 de
884 1905 1046 1974 Masculis
1057 1907 1099 1973 de
1116 1905 1285 1973 Cremona
1303 1927 1403 1993 super
1417 1928 1491 1973 can.
1508 1914 1543 1971 et
1558 1909 1651 1992 preb.
1667 1908 1842 1993 collegiata

483 2017 565 2080 eccl.
582 2014 614 2079 S.
630 2012 814 2079 Andomari
829 2011 872 2077 de
888 2010 920 2076 S.
936 2012 1140 2091 Andomaro‚
1163 2009 1333 2077 Morinen.
1356 2010 1454 2092 dioc,
1471 2011 1527 2095 qui
1542 2031 1603 2096 per
1618 2014 1672 2077 ob.
1698 2010 1789 2077 Petri
1803 2012 1840 2078 de

486 2118 567 2183 Ruis
582 2123 796 2197 vacaverant,
812 2122 847 2181 et
862 2135 947 2200 quos
962 2123 1101 2199 uterque
1117 2114 1266 2200 ipsomm
1290 2113 1334 2179 ad
1349 2134 1385 2179 se
1400 2113 1443 2180 de
1455 2115 1529 2200 jure
1541 2121 1694 2200 spectare
1710 2116 1839 2181 dicebat

484 2221 626 2286 materia
642 2220 826 2305 questionis
852 2226 887 2284 et
902 2239 1004 2284 causa
1019 2217 1209 2303 hujusmodi
1227 2218 1261 2282 in
1278 2217 1377 2284 Rom.
1393 2218 1483 2285 curia
1509 2218 1634 2284 diutius
1649 2220 1839 2285 ventilata...

484 2325 573 2389 idem
600 2323 750 2407 P(etrus)
781 2321 824 2388 de
851 2319 1020 2401 Masculis,
1046 2324 1219 2407 pendente
1244 2321 1489 2407 oppositione...
1512 2322 1665 2388 debitum
1697 2323 1840 2388 naturale

483 2427 654 2513 persolvit.
670 2425 794 2490 Verum
810 2424 998 2491 Bemardus
1012 2424 1055 2490 de
1071 2424 1156 2491 Vico
1183 2423 1325 2491 Niscino
1348 2425 1392 2491 de
1416 2424 1592 2492 Placentia
1617 2435 1697 2512 post
1716 2427 1840 2492 obitum

482 2530 564 2595 dicti
581 2529 703 2612 P(etri)
719 2528 762 2592 de
788 2526 957 2607 Masculis,
973 2534 1131 2613 pretextu
1155 2526 1329 2612 cujusdam
1344 2529 1461 2612 gratie,
1478 2536 1515 2595 ut
1530 2529 1661 2610 dicitur,
1678 2531 1740 2596 sibi
1756 2529 1839 2596 facte

483 2654 542 2719 per
556 2634 646 2699 dom.
662 2632 681 2710 J
685 2634 855 2698 ohannem
870 2651 994 2718 papam
1009 2629 1124 2711 XXII,
1142 2651 1291 2696 asserens
1306 2652 1341 2696 se
1357 2632 1390 2695 in
1407 2632 1505 2698 dictis
1520 2654 1593 2699 can.
1609 2643 1645 2700 et
1665 2638 1783 2721 preb...
1794 2634 1842 2719 jus

482 2738 604 2802 habere
619 2735 663 2802 ad
678 2736 804 2802 litem...
821 2735 953 2801 Deinde
976 2735 1085 2801 dictus
1112 2734 1262 2819 P(etms)
1287 2736 1422 2822 Agapiti
1448 2746 1542 2803 extra
1566 2739 1694 2805 dictam
1722 2739 1842 2805 curiam

482 2840 763 2907 matrimonium...
780 2840 978 2906 contraxit...
995 2838 1081 2904 Cum
1092 2838 1235 2924 predicti
1251 2859 1324 2905 can.
1337 2843 1473 2925 etpreb.
1490 2842 1686 2908 continuam
1701 2842 1842 2909 residen-

481 2944 568 3008 ciam
581 2942 750 3028 requirant
765 2963 807 3008 ac
821 2942 1014 3008 diaconales
1029 2941 1188 3023 existant,
1198 2962 1295 3028 supp.
1304 2943 1415 3009 dictus
1430 2945 1735 3032 archiepiscopus..
1752 2954 1841 3031 quat.

482 3048 516 3112 in
531 3067 709 3133 personam
724 3046 832 3112 Alexii
851 3045 1028 3126 Frederici,
1046 3045 1194 3111 cantoris
1208 3046 1299 3112 dicte
1314 3048 1397 3114 eccl.
1410 3048 1442 3112 S.
1457 3048 1653 3130 Andomari,
1677 3049 1840 3136 capellani

483 3149 523 3214 R.
554 3150 590 3215 P.
621 3151 711 3216 dom.
742 3149 940 3234 Jo(hannis)
972 3150 1015 3214 de
1041 3148 1232 3236 Columpna
1271 3152 1459 3233 cardinalis,
1487 3154 1667 3238 specialem
1697 3156 1840 3239 gratiam

480 3252 650 3333 iacientes,
681 3252 837 3318 eumdem
866 3251 1023 3317 Alexium
1047 3253 1082 3317 in
1108 3253 1202 3318 omni
1222 3254 1296 3338 jure
1320 3263 1355 3320 et
1379 3255 1423 3321 ad
1447 3277 1547 3321 omne
1564 3258 1700 3342 jusque
1717 3258 1841 3324 eisdem

483 3355 615 3439 P(etro)
640 3356 776 3440 Agapiti
803 3363 837 3419 et
865 3355 999 3439 P(etro)
1025 3356 1067 3420 de
1094 3355 1287 3423 Masculis..
1314 3362 1532 3445 competebat
1562 3382 1620 3426 seu
1648 3373 1842 3447 competere

481 3466 616 3541 poterat
636 3459 670 3522 in
687 3479 759 3523 can.
776 3466 810 3522 et
827 3462 918 3544 preb.
934 3460 1124 3544 predictis..
1137 3461 1352 3545 dignemini...
1365 3465 1552 3548 subrogare,
1564 3485 1633 3530 non
1650 3468 1737 3531 obst.
1754 3466 1842 3550 quod

476 3562 589 3628 dictus
604 3563 742 3627 Alexius
757 3564 952 3644 cantoriam,
969 3584 1041 3629 can.
1067 3573 1101 3628 et
1114 3585 1255 3650 parvam
1271 3571 1364 3651 preb.
1377 3568 1411 3632 in
1427 3568 1518 3634 dicta
1535 3568 1566 3633 S.
1583 3568 1769 3635 Andomari
1783 3581 1795 3618 ³
1809 3581 1842 3635 et

479 3668 572 3750 preb.
585 3665 618 3729 in
629 3665 660 3730 S.
674 3664 849 3730 Laurencii
859 3665 902 3730 de
914 3666 977 3729 Dei
994 3667 1155 3747 custodia,
1167 3667 1298 3734 Tullen.
1310 3669 1408 3750 dioc„
1426 3672 1584 3752 ecclesiis,
1592 3672 1742 3738 noscitur
1758 3674 1842 3739 obti-

481 3790 601 3850 nere,...
617 3770 665 3834 ita
680 3778 796 3834 tamen
811 3769 901 3854 quod
917 3770 1044 3836 dictam
1060 3791 1198 3856 parvam
1215 3775 1445 3858 preb.necnon
1462 3795 1536 3841 can.
1549 3784 1584 3841 et
1592 3778 1685 3862 preb.
1698 3777 1733 3841 in
1745 3777 1842 3843 dictis

477 3874 511 3939 S.
528 3873 702 3940 Laurencii
718 3873 866 3940 ecclesiis
881 3873 1050 3938 dimittere
1074 3883 1240 3942 teneatur.
1263 3914 1295 3924 -
1317 3876 1393 3942 Fiat
1410 3877 1449 3943 R.

523 3978 602 4044 Dat.
619 3978 717 4043 Avin.
739 3999 772 4042 11
791 3976 858 4043 kal.
870 3976 954 4061 junii
971 3984 1005 4041 a⁰
1023 3982 1064 4041 6⁰.
1082 3978 1152 4061 (13,
1172 3982 1233 4063 bl).

536 4114 675 4195 1220.
1547 4153 1642 4217 1347,
1656 4155 1702 4217 30
1711 4134 1800 4215 jm'n.

524 4230 624 4296 Motu
637 4232 769 4316 proprio
784 4230 999 4316 providemus
1014 4251 1098 4315 mag.
1115 4231 1297 4299 Guillelmo
1313 4233 1593 4316 Clavelli,clerico
1609 4237 1769 4303 carissimi
1786 4240 1844 4304 filii

480 4335 584 4399 nostri
597 4335 682 4417 regis
700 4334 850 4413 Francie,
865 4333 996 4399 decan.
1012 4342 1047 4398 et
1067 4338 1160 4419 preb.
1177 4337 1269 4401 eccl..
1287 4336 1502 4405 Cameracen.
1527 4360 1601 4405 vac.
1619 4340 1762 4408 incuria
1785 4363 1844 4429 per

478 4440 535 4502 ob.
551 4438 731 4502 Alamandi
747 4438 788 4504 de
805 4436 1012 4519 Bellosimili,
1029 4440 1085 4522 qui
1102 4449 1197 4505 extra
1224 4441 1322 4509 Rom.
1349 4444 1476 4510 curiam
1491 4445 1580 4510 diem
1597 4447 1718 4512 clausit
1734 4458 1844 4514 extre·

481 4561 584 4621 mum,
609 4541 701 4625 cujus
720 4541 883 4605 beneficia
909 4549 989 4605 ante
1017 4543 1088 4626 ejus
1103 4543 1234 4608 obitum
1260 4567 1319 4632 per
1345 4568 1407 4613 nos
1431 4548 1565 4613 fuerunt
1580 4558 1786 4618 reservata...
1801 4591 1844 4602 —

483 4639 558 4704 Fiat
575 4640 614 4705 R.
632 4681 675 4689 -
699 4639 798 4705 Motu
814 4644 960 4730 proprio.
974 4643 1014 4709 R.

524 4745 602 4810 Dat.
618 4746 716 4809 Avin.
735 4767 751 4809 2
769 4746 836 4813 kal.
848 4749 921 4832 julii
943 4757 976 4813 a⁰
994 4754 1034 4815 6⁰.
1051 4751 1120 4834 (13,
1135 4753 1219 4835 64l).

534 4882 665 4962 1221.
1510 4925 1571 4990 134
1576 4923 1605 4987 7,
1623 4912 1666 4970 1⁰²
1675 4906 1800 4987 juillet.

523 5000 658 5086 Suppl...
675 4998 858 5084 Philippus
881 5022 938 5067 rex
967 5001 1118 5085 Francie,
1146 5014 1181 5071 et
1205 5005 1388 5090 Johannes,
1410 5010 1481 5094 ejus
1504 5010 1760 5096 primogenitus,
1775 5012 1840 5079 dux

515 5185 536 5229 l.
549 5182 683 5230 Nicolinus
695 5182 792 5230 Canali.
805 5212 835 5219 -
852 5186 874 5232 2.
893 5184 954 5233 Voir
971 5200 995 5233 n.
1015 5188 1093 5244 1162;
1112 5188 1209 5247 nullut,
1228 5204 1253 5239 n.
1266 5194 1322 5240 513.
1334 5220 1366 5230 -
1378 5194 1399 5241 3.
1413 5192 1495 5251 Vidal,
1508 5206 1533 5241 n.
1545 5194 1617 5253 3820,
1631 5194 1704 5248 7470.
