4650 6059
558 778 597 841 70
1117 769 1204 842 1343,
1228 767 1248 831 7
1268 783 1358 831 mars.

558 930 619 991 bus
656 924 833 989 sustentari
859 923 1031 1000 debuerat,
1062 918 1263 1004 prepeditus,
1292 926 1326 981 et
1351 916 1558 982 baccalarius
1594 917 1628 981 in
1653 916 1833 995 medicina,
1866 917 1921 999 qui

560 1049 677 1112 omues
690 1048 803 1092 cursus
818 1026 943 1090 dudum
959 1024 1040 1108 legit
1068 1024 1101 1086 in
1118 1044 1169 1101 ea,
1186 1028 1278 1105 quat.
1294 1020 1336 1087 de
1363 1041 1437 1086 can.
1453 1021 1536 1085 ecel.
1560 1020 1591 1085 S.
1608 1019 1699 1086 Petri
1726 1018 1922 1098 Insulensis,

560 1132 649 1199 dicte
665 1130 762 1209 dioc,
788 1129 848 1194 sibi
875 1127 1058 1211 dignemini
1077 1125 1263 1213 providere,
1281 1133 1316 1189 et
1342 1126 1434 1209 preb.
1453 1122 1544 1210 [vac.
1569 1144 1627 1190 seu
1652 1122 1793 1209 vacat.,]
1813 1122 1922 1188 eidem

562 1233 809 1311 conferendam,
826 1231 996 1298 collationi
1027 1237 1136 1315 apost.
1157 1249 1326 1300 reservare
1341 1249 1429 1307 ;non
1457 1231 1544 1293 obst.
1561 1227 1651 1312 quod
1677 1228 1821 1293 alteram
1847 1247 1923 1312 por-

562 1340 689 1404 tionem
705 1337 858 1422 parroclr.
873 1337 955 1401 eccl.
971 1336 1013 1401 de
1036 1334 1210 1413 Ghistella,
1227 1332 1376 1417 predicte
1399 1332 1498 1412 dioc,
1522 1331 1676 1397 obtineat
1693 1330 1725 1395 in
1753 1329 1922 1411 Flandria,

563 1442 595 1504 in
613 1461 678 1524 qua
691 1448 828 1524 propter
843 1438 1011 1503 interdicti
1027 1436 1249 1516 fonnidinem,
1262 1437 1314 1501 cui
1330 1435 1422 1501 dicta
1438 1443 1526 1501 terra
1542 1434 1697 1501 Flandrie
1712 1434 1837 1501 dicitur
1851 1455 1922 1499 esse

563 1545 722 1628 subjecta,
739 1541 882 1607 residere
897 1562 965 1605 non
982 1542 1093 1606 audet.
1115 1578 1147 1588 -
1169 1539 1244 1604 Fiat
1262 1539 1301 1625 R.

609 1647 652 1710 Et
669 1645 828 1729 quoniam
844 1646 1055 1730 quamplures
1071 1654 1148 1709 sunt
1165 1644 1365 1710 auctoritate
1375 1643 1407 1709 S.
1420 1642 1460 1707 V.
1473 1642 1660 1727 prebendas
1683 1642 1718 1707 in
1733 1642 1826 1708 dicta
1841 1644 1922 1709 eccl.

564 1751 595 1815 S.
614 1750 700 1813 Petri
719 1747 900 1814 Insulensis
915 1755 1144 1833 expectantes,
1161 1756 1198 1812 ut
1221 1747 1376 1813 diuturna
1392 1744 1583 1831 expectatio
1597 1745 1720 1830 aliquo,
1737 1746 1817 1813 lioet
1833 1747 1922 1813 labo

564 1856 661 1931 rioso,
678 1852 837 1936 suffragio
851 1853 1027 1930 relevetur,
1044 1873 1139 1937 supp.
1152 1852 1242 1917 idem
1255 1851 1275 1929 J
1279 1852 1440 1931 ohannes,
1456 1850 1512 1936 qui
1529 1850 1563 1915 in
1578 1852 1746 1916 scolamm
1762 1850 1923 1937 regimine

564 1959 714 2023 laborare
731 1956 872 2021 fideliter
887 1956 1072 2037 consuevit,
1094 1966 1184 2041 quat.
1201 1957 1348 2041 regimen
1368 1976 1425 2021 seu
1442 1951 1590 2020 officium
1605 1953 1746 2019 rectorie
1759 1955 1923 2019 scolarum

565 2061 645 2127 dicti
669 2061 733 2125 loci
762 2082 820 2125 seu
835 2061 914 2124 ville
931 2058 1121 2140 Insulensis,
1137 2061 1179 2125 de
1196 2080 1261 2145 qua
1278 2059 1366 2126 idem
1382 2058 1401 2136 J
1405 2059 1557 2124 ohannes
1581 2057 1740 2123 oriundus
1765 2065 1829 2138 est,
1845 2078 1924 2124 con-

565 2174 697 2229 suetum
712 2184 772 2249 per
786 2163 950 2229 decanum
967 2173 1001 2227 et
1018 2185 1090 2248 cap.
1115 2164 1206 2229 dicte
1230 2164 1323 2244 eccl,
1341 2162 1384 2229 ad
1411 2161 1548 2246 aliquod
1571 2169 1705 2247 tempus
1731 2162 1924 2247 prefinitum

565 2271 606 2333 ab
623 2268 680 2344 eis,
696 2268 775 2332 solis
790 2267 957 2351 magistris
973 2268 1005 2330 in
1023 2276 1083 2332 art.
1101 2268 1271 2352 assignari,
1288 2267 1536 2352 quamprimum
1561 2264 1724 2330 terminus
1738 2254 1925 2351 assignatus

566 2371 622 2451 illi,
639 2371 693 2455 qui
711 2391 766 2434 eas
782 2370 866 2454 regit
882 2369 924 2435 ad
939 2391 1085 2456 presens,
1102 2374 1233 2457 elapsus
1249 2370 1357 2450 fuerit,
1371 2370 1480 2436 eidem
1496 2368 1516 2447 J
1518 2370 1645 2435 ohanni
1657 2369 1819 2436 mandare
1834 2390 1925 2436 corn·

565 2473 653 2536 mitti
681 2482 715 2537 et
741 2472 898 2556 assignari
922 2473 1127 2558 dignemini„
1143 2484 1251 2560 apost.
1279 2481 1366 2540 auct.
1389 2473 1574 2540 tenendum
1597 2481 1633 2538 et
1647 2473 1833 2559 regendum
1849 2494 1924 2540 cum

566 2575 802 2641 emolumentis
823 2578 1000 2658 consuetis,
1011 2577 1120 2644 donec
1136 2578 1340 2665 prebendam
1358 2577 1390 2641 in
1407 2578 1498 2643 dicta
1514 2578 1655 2643 ecclesia
1671 2569 1770 2642 fuerit
1786 2578 1926 2663 pacifice

566 2686 745 2744 assecutus.
760 2720 804 2728 —
822 2678 896 2744 Fiat
912 2680 953 2745 ad
968 2681 1142 2746 biennium
1156 2681 1196 2746 R.
1601 2699 1604 2704 ·

609 2783 689 2847 Dat.
705 2803 758 2868 ap.
775 2781 1022 2849 Villamnovam
1038 2805 1118 2851 non.
1134 2794 1231 2850 mart.
1248 2793 1282 2850 a⁰
1302 2792 1340 2851 1⁰.
1358 2786 1408 2868 (2,
1423 2787 1491 2868 89).

568 3019 570 3024 Δ
615 2921 731 3005 334.
1628 2955 1724 3020 1345,
1742 2954 1762 3020 7
1778 2957 1883 3002 mars.

608 3040 697 3125 Sign.
710 3040 741 3106 S.
755 3038 794 3105 V.
811 3038 867 3104 ille
877 3049 897 3120 ¹,
911 3039 966 3123 qui
983 3039 1016 3103 in
1032 3042 1187 3105 columbe
1199 3040 1309 3125 specie
1325 3060 1384 3126 per
1400 3060 1582 3106 cavemam
1594 3039 1739 3105 macerie
1749 3054 1760 3080 ²
1770 3060 1878 3127 nuper
1892 3040 1923 3104 in

565 3154 640 3210 orto
652 3166 744 3210 suam
761 3144 1039 3230 supplicationem
1055 3146 1212 3229 porrexit,
1229 3145 1262 3209 in
1279 3167 1353 3230 qua,
1371 3155 1408 3210 ut
1420 3145 1451 3210 S.
1464 3145 1504 3211 V.
1515 3145 1729 3210 clementiam
1744 3145 1787 3210 ad
1805 3144 1922 3211 facien·
1960 3129 1967 3144 ⁸

565 3250 644 3314 dum
657 3250 717 3312 sibi
730 3250 869 3332 gratiam
887 3248 1012 3313 facilius
1039 3249 1223 3330 inclinaret,
1247 3271 1323 3315 cum
1350 3250 1547 3334 quibusdam
1572 3250 1721 3315 versibus
1736 3259 1771 3314 et
1795 3250 1922 3315 rithmis

566 3354 694 3417 motiva
715 3373 779 3435 que
806 3359 963 3416 secuntur
982 3353 1157 3438 premisit:
1189 3354 1289 3441 Supp.
1317 3354 1348 3419 S.
1366 3353 1405 3420 V.
1430 3353 1564 3418 humilis
1588 3361 1623 3418 et
1643 3353 1788 3420 devotus
1813 3361 1923 3420 orator

568 3465 678 3519 vester
689 3454 863 3532 Jobannes
889 3456 1040 3537 Gilberti,
1072 3458 1225 3523 sacerdos
1251 3459 1338 3524 dioc.
1363 3458 1559 3539 Tomacen,
1585 3478 1672 3542 mag.
1697 3458 1730 3522 in
1755 3467 1820 3524 art.
1836 3457 1923 3524 Pari·

567 3558 642 3639 sius,
659 3559 738 3624 licet
754 3560 786 3623 in
800 3559 1013 3624 confectione
1027 3562 1211 3626 rotulorum
1236 3562 1467 3647 magistromm
1492 3560 1717 3626 universitatis
1732 3559 1924 3628 Parisiensis

566 3683 633 3726 non
651 3662 835 3727 interfuerit
851 3662 1027 3727 occasione
1042 3684 1232 3747 guenarunr
1246 3663 1411 3745 Flandrie,
1422 3665 1456 3728 in
1467 3665 1586 3749 quibus
1597 3663 1740 3751 perdidit
1753 3685 1794 3729 ea
1807 3665 1923 3750 quibus

566 3766 742 3832 sustentari
769 3766 938 3845 debuerat,
965 3768 1166 3852 prepeditus,
1194 3776 1228 3832 et
1250 3768 1436 3833 bacalarius
1463 3769 1495 3832 in
1522 3768 1700 3849 medicina,
1723 3768 1780 3853 qui
1807 3788 1924 3834 omnes

565 3892 678 3936 cursus
689 3870 813 3936 dudum
830 3870 910 3954 legit
926 3869 959 3932 in
972 3891 1023 3950 ea,
1040 3879 1204 3954 quatenus
1228 3872 1290 3936 sibi
1315 3872 1494 3956 specialem
1520 3872 1660 3956 gratiam
1685 3871 1850 3937 facientes
1860 3880 1923 3938 etc.

567 3974 666 4058 quod,
679 3974 863 4039 secundum
876 3973 922 4037 rei
941 3974 1129 4054 veritatem,
1146 3974 1231 4039 sicut
1247 3984 1365 4060 postea
1388 3996 1430 4039 ex
1446 3975 1562 4059 majori
1587 3974 1829 4041 deliberatione
1851 3995 1924 4060 per·

564 4078 690 4164 pendit,
711 4086 863 4164 ternpore
887 4077 1108 4143 confectionis
1129 4078 1295 4143 dictorum
1320 4079 1504 4143 rotulomm
1533 4078 1766 4164 magistrorum
1794 4078 1925 4144 univer-

565 4183 672 4246 sitatis
689 4181 892 4262 ParisiensiS,
903 4202 1020 4265 guerra
1035 4202 1104 4246 non
1128 4182 1249 4246 eratin
1268 4181 1434 4262 Flandria,
1455 4182 1514 4248 sed
1537 4182 1644 4267 magis
1664 4190 1791 4268 treuge,
1816 4192 1853 4247 et
1880 4184 1925 4249 ita

564 4284 672 4349 dictus
688 4285 887 4369 supplicans
900 4285 978 4349 licet
994 4306 1063 4349 non
1080 4284 1177 4349 fuerit
1187 4296 1267 4350 tunc
1284 4286 1444 4372 temporis
1461 4285 1612 4368 Parisius,
1637 4286 1714 4370 quin
1731 4294 1848 4351 tamen
1865 4287 1924 4351 ibi-

564 4388 640 4453 dem
654 4398 734 4453 tunc
749 4389 895 4473 potuerit
908 4389 1076 4466 interesse,
1089 4409 1156 4454 non
1174 4389 1234 4454 fuit
1246 4391 1421 4455 occasione
1436 4411 1627 4475 guerrarum
1641 4389 1924 4478 Flandrie‘pre'pe-

563 4492 662 4570 ditus,
674 4492 706 4555 in
717 4492 835 4575 quibus
845 4492 948 4556 etiarn
959 4502 993 4557 et
1005 4493 1030 4557 si
1044 4502 1174 4577 partem
1186 4515 1387 4574 eorum,n0n
1400 4502 1514 4559 tarnen
1528 4494 1640 4560 omnia
1652 4495 1796 4581 perdidit
1806 4496 1926 4581 quibus

563 4594 723 4659 debuerat
732 4595 920 4660 sustentari.
937 4596 1161 4681 Quapropter,
1172 4617 1214 4661 ne
1231 4608 1367 4683 propter
1383 4598 1572 4683 hujusmodi
1585 4599 1714 4664 motiva
1726 4599 1759 4663 in
1772 4609 1926 4686 pretacta

518 4761 521 4766 ,
562 4698 806 4784 supplicatione
818 4720 878 4784 per
889 4721 957 4765 non
975 4701 1220 4766 advertentiam
1240 4723 1309 4768 non
1335 4703 1493 4782 totaliter,
1520 4711 1619 4788 prout
1635 4712 1742 4785 erant,
1759 4725 1925 4791 expressa,

561 4802 668 4884 gratia
684 4801 775 4867 dicto
791 4803 992 4888 supplicanti
1016 4803 1105 4869 facta
1130 4806 1319 4891 surreptitia
1349 4807 1485 4871 forsitan
1512 4807 1687 4888 virleatu13
1715 4828 1811 4894 supp.
1836 4809 1924 4875 idem

561 4905 580 4983 J
584 4906 736 4971 ohannes
751 4914 841 4990 quat.
858 4913 908 4972 s¹¹¹l
920 4928 1039 4972 uranus
1056 4917 1166 4973 vestra
1184 4910 1338 4993 dignetur
1352 4912 1384 4973 in
1401 4908 1680 4998 presenti—'cedula
1698 4911 1789 4996 prius
1800 4912 1924 4999 scripta

596 5125 618 5169 l.
632 5122 708 5169 Cotta·
725 5122 870 5244 supppquq
890 5124 934 5185 qui
955 5130 994 5172 est
1014 5125 1036 5173 le
1057 5127 1178 5173 curratis
1195 5125 1227 5175 de
1246 5127 1270 5174 la
1290 5124 1361 5191 pibcc
1379 5126 1539 5191 precedente,
1559 5133 1597 5177 est
1614 5128 1647 5178 de
1664 5128 1688 5178 la
1707 5126 1791 5179 meme
1809 5129 1878 5180 date.
1893 5154 1926 5165 -

561 5200 583 5245 2.
597 5197 671 5244 Cant.
685 5197 766 5247 carn..
808 5234 813 5253 ,
829 5199 865 5247 ll.
