4650 6059
985 470 1254 573 srxmme
1292 476 1503 571 nunes

817 753 877 836 19
914 753 1016 834 mai
1056 751 1184 840 1347
1221 798 1264 810 -
1307 754 1364 836 18
1401 753 1503 834 mai
1541 753 1672 839 1348

618 1139 751 1221 1214.
1651 1170 1748 1238 1347,
1765 1171 1785 1238 7
1794 1152 1880 1236 jum.

607 1259 739 1344 Supp...
759 1254 958 1336 Galhardus,
975 1254 1007 1321 S.
1024 1253 1128 1321 Lucie
1139 1255 1174 1320 in
1190 1254 1289 1321 Silice
1304 1254 1391 1323 diac.
1408 1255 1509 1338 card,
1526 1264 1618 1342 quat.
1635 1259 1816 1344 capellano
1831 1257 1920 1324 fami·

563 1364 634 1428 liari
645 1371 680 1429 et
690 1360 907 1428 commensali
919 1380 980 1426 suo
993 1357 1137 1425 Matheo
1152 1358 1196 1425 de
1210 1359 1353 1442 Sanctis,
1363 1363 1482 1448 presb,
1495 1370 1504 1396 ¹
1517 1359 1559 1426 de
1574 1380 1668 1447 perp.
1680 1361 1869 1447 capellania
1883 1359 1922 1427 de

565 1466 781 1551 Houvigniel,
799 1463 966 1531 Morinen.
982 1461 1080 1545 dioc,
1093 1464 1187 1549 cujus
1202 1463 1368 1531 fructus...
1388 1484 1428 1530 20
1458 1464 1515 1531 lib.
1532 1463 1636 1530 Par...
1667 1485 1737 1531 non
1757 1463 1924 1531 excedunt

564 1579 599 1635 et
626 1591 728 1654 quam
752 1568 925 1654 quondam
949 1566 1123 1645 Johannes
1147 1566 1321 1649 Cardonis,
1348 1568 1498 1654 ejusdem
1523 1568 1702 1634 cardinalis
1726 1568 1871 1633 famulus
1891 1576 1924 1633 et

565 1673 809 1753 commensalis,
815 1672 871 1756 qui
883 1692 989 1758 nuper
1005 1669 1095 1757 apud
1110 1679 1219 1757 apost.
1234 1672 1349 1737 sedem
1364 1671 1559 1753 decessit...
1578 1672 1796 1753 obtinebat...,
1812 1671 1924 1757 digne-

563 1776 645 1841 mini
660 1776 836 1862 providere
851 1799 860 1857 3
877 1796 945 1841 non
962 1778 1048 1841 obst.
1064 1773 1155 1858 quod
1171 1773 1260 1840 idem
1277 1773 1436 1842 Matheus
1450 1775 1605 1863 parroch.
1621 1776 1703 1842 eccl.
1722 1775 1765 1841 de
1785 1774 1925 1859 Quarta,

564 1878 783 1945 Cameracen.
799 1878 897 1960 dioc,
913 1879 1062 1946 noscitur
1077 1878 1239 1945 obtinere.
1255 1878 1391 1946 —Fiat
1407 1879 1448 1947 R.

609 1983 690 2050 Dat.
705 1983 805 2049 Avin.
823 2001 841 2068 7
866 1981 910 2049 id.
923 1982 1008 2069 junii
1023 1989 1058 2048 a⁰
1075 1986 1108 2047 6⁰
1124 2032 1133 2049 .
1148 1983 1218 2066 (13,
1236 1986 1303 2068 31),

619 2120 751 2204 l2l5.
1175 2182 1177 2187 -
1630 2151 1726 2218 1347,
1743 2153 1785 2218 19
1795 2131 1885 2214 juin.

606 2240 695 2325 Sign.
711 2238 886 2317 Johannes
901 2236 1053 2318 Artaudi,
1069 2236 1155 2321 regis
1179 2235 1321 2302 Francie
1338 2236 1517 2321 equitator,
1533 2236 1624 2321 quod
1638 2239 1744 2303 abbas
1764 2236 1823 2321 qui
1838 2256 1927 2302 nunc

563 2352 614 2409 est
628 2342 822 2409 monasterii
839 2343 870 2407 S.
889 2340 1053 2419 Johannis
1073 2340 1108 2404 in
1133 2348 1250 2406 monte
1263 2341 1359 2425 juxta
1385 2338 1567 2422 Morinum,
1590 2338 1633 2405 Ο.
1648 2340 1681 2406 S.
1697 2338 1747 2424 B„
1774 2339 1927 2406 Waltero

563 2446 606 2512 de
631 2445 876 2531 Masingehem,
904 2443 1052 2529 ejusdem
1074 2442 1269 2509 monasterii
1287 2442 1471 2524 monacho,
1497 2444 1540 2509 de
1569 2443 1720 2529 prioratu
1749 2441 1793 2508 de
1823 2442 1926 2523 Sains,

565 2547 733 2614 Morinen.
760 2547 858 2628 dioc,
881 2547 943 2632 ipsi
967 2546 1174 2612 monasterio
1200 2544 1393 2612 immediate
1420 2546 1572 2632 subjecto
1596 2554 1632 2612 et
1654 2566 1715 2633 per
1740 2546 1927 2612 monachos

564 2652 665 2737 ipsius
702 2650 896 2718 monasterii
932 2650 1032 2716 solito
1061 2649 1246 2733 gubernari,
1284 2648 1379 2716 duxit
1406 2649 1570 2716 canonice
1607 2648 1865 2735 providendum,
1892 2657 1926 2715 et

563 2755 687 2819 virtute
699 2753 796 2840 hujus
811 2752 1011 2840 provisionis
1025 2752 1195 2839 predictus
1210 2752 1378 2818 Waltems
1400 2754 1585 2840 prioratum
1605 2754 1715 2840 ipsum
1729 2752 1882 2840 possedit
1892 2762 1927 2822 et

563 2858 714 2945 possidet
728 2858 870 2945 pacifice
882 2865 917 2923 et
933 2858 1056 2941 quiete.
1069 2855 1158 2941 Quia
1181 2864 1297 2922 tamen
1323 2864 1460 2943 propter
1484 2857 1738 2938 reservationes,
1754 2877 1820 2943 que
1836 2856 1927 2946 apud

562 2961 678 3028 sedem
704 2970 812 3048 apost.
837 2961 880 3027 de
906 2961 1079 3027 beneficiis
1102 2961 1337 3027 ecclesiasticis
1361 2960 1589 3027 indifferenter
1603 2961 1673 3027 fieri
1699 2962 1879 3030 consuevit
1893 2968 1927 3027 et

427 3097 429 3102 ·
561 3066 701 3147 fraudes,
715 3087 779 3151 que
794 3066 882 3132 inter
896 3087 1055 3153 personas
1064 3066 1308 3132 ecclesiasticas
1317 3066 1499 3151 aliquando
1515 3067 1784 3149 committuntur,
1795 3066 1929 3133 dubitet

560 3170 650 3236 idem
665 3170 832 3236 Walterus
847 3191 945 3256 posse
961 3171 995 3234 in
1008 3171 1080 3255 jure
1096 3191 1156 3235 suo
1173 3169 1320 3235 indebite
1337 3170 1520 3252 molestari,
1543 3191 1638 3257 supp.
1654 3179 1749 3259 quat.
1765 3171 1928 3258 provisio-

560 3294 637 3338 nem
654 3274 840 3359 predictam
852 3283 961 3339 ratam
978 3281 1012 3338 et
1027 3282 1157 3358 gratam
1171 3274 1345 3354 habentes,
1362 3295 1438 3339 eam
1450 3273 1632 3359 dignemini
1651 3281 1741 3340 auct.
1757 3282 1928 3341 vestraex

561 3386 652 3443 certa
667 3378 806 3443 scientia
822 3378 1031 3457 confirmare,
1056 3378 1252 3463 supplentes
1276 3398 1414 3444 omnem
1430 3377 1623 3458 deffectum,
1639 3378 1665 3442 si
1689 3378 1764 3461 quis
1786 3378 1925 3444 forsitan

561 3480 777 3546 intervenerit
793 3482 827 3545 in
843 3479 971 3560 eadem,
989 3487 1047 3545 aut
1063 3481 1248 3565 prioratum
1264 3481 1452 3567 predictum
1468 3480 1579 3547 eidem
1601 3479 1752 3547 Waltero
1768 3480 1811 3547 de
1833 3502 1926 3550 novo

562 3582 721 3662 conferre,
737 3584 1017 3649 reservationibus
1032 3584 1231 3669 specialibus
1247 3593 1282 3649 et
1296 3584 1506 3670 generalibus
1520 3584 1785 3669 quibuscumque
1800 3594 1837 3652 et
1853 3587 1927 3652 aliis

561 3707 630 3752 non
658 3689 743 3753 obst.
767 3726 808 3736 -
833 3686 1060 3769 Providemus,
1091 3687 1196 3752 etiam
1226 3688 1253 3754 si
1283 3687 1380 3756 fuerit
1410 3688 1613 3773 generaliter
1649 3688 1706 3753 vel
1736 3688 1927 3775 specialiter

561 3798 757 3855 reservatus.
775 3791 815 3856 R.

605 3894 683 3959 Dat.
699 3896 799 3961 Avin.
820 3917 856 3980 13
874 3895 938 3961 kal.
952 3896 1023 3980 julii
1040 3902 1074 3961 a⁰
1091 3899 1133 3960 6⁰.
1150 3895 1199 3979 (6,
1225 3896 1309 3979 38l).

616 4030 749 4113 1216.
1625 4044 1882 4131 1547,197'uin.

603 4149 797 4235 Supplicant
820 4149 921 4215 vestri
937 4147 1110 4226 Johannes
1126 4148 1309 4231 Guittardi,
1335 4160 1346 4185 ²
1372 4150 1512 4216 clericus
1527 4149 1706 4232 Tutellen.,
1728 4151 1927 4217 bacallarius

559 4252 593 4316 in
609 4252 762 4333 decretis,
791 4273 863 4318 can.
890 4253 1046 4319 secularis
1073 4254 1155 4320 eccl.
1186 4253 1216 4320 S.
1245 4253 1420 4319 Gertrudis
1445 4253 1657 4334 Nivellensis,
1674 4261 1711 4319 et
1736 4252 1926 4322 Bernardus

594 4457 617 4504 l.
629 4457 690 4504 Voir
701 4472 726 4506 n.
739 4458 793 4506 936.
805 4486 837 4494 -
848 4461 870 4506 2.
883 4460 945 4508 Voir
957 4475 980 4509 n.
995 4462 1056 4508 1145
1069 4476 1075 4518 ;
1089 4461 1187 4519 Kirsclr,
1201 4460 1275 4520 Keil,
1288 4463 1344 4512 281.
