4650 6059
485 768 547 831 844
978 766 1066 844 1347,
1091 765 1177 830 18-19
1199 766 1363 830 novembre.

488 928 523 984 et
539 918 714 996 Jobannes
724 918 778 985 del
796 918 905 985 Haste
921 940 996 985 can.
1009 927 1044 986 et
1060 920 1152 1004 preb.
1169 918 1251 984 eccl.
1269 916 1520 1003 Hogardiensis,
1536 919 1628 987 dicte
1652 921 1749 1004 dioc,
1763 944 1824 1007 quos

488 1030 570 1087 tunc
585 1023 747 1108 temporis
771 1024 981 1105 obtinebant,
997 1045 1039 1088 ex
1065 1042 1166 1088 causa
1192 1022 1453 1108 perrnutacionis
1468 1024 1572 1089 libere
1595 1026 1822 1111 resignaverint

487 1148 527 1192 ac
542 1125 759 1212 postmodum
774 1127 937 1194 beneficia
953 1128 1024 1213 ipsa
1039 1127 1166 1193 eisdem
1193 1124 1373 1213 Baldoyno
1389 1135 1423 1192 et
1439 1125 1459 1204 J
1462 1128 1587 1193 ohanni
1603 1149 1646 1193 ex
1662 1150 1758 1198 causa
1771 1151 1822 1217 per·

487 1231 690 1297 mutacionis
705 1233 829 1299 collata
845 1232 1009 1299 canonice
1024 1232 1210 1298 extiterunt
1236 1252 1342 1316 eaque
1359 1232 1420 1318 ipsi
1436 1240 1561 1299 extunc
1577 1232 1833 1318 possederunte·

487 1335 597 1401 adhoc
612 1336 785 1422 possident
801 1336 942 1421 pacifice
965 1344 1000 1401 et
1016 1335 1138 1420 quiete.
1154 1333 1240 1399 Cum
1265 1344 1379 1401 autem
1394 1335 1504 1402 dictus
1519 1334 1703 1404 Balduinus
1717 1336 1821 1404 dubitet

487 1436 577 1521 quod
592 1439 756 1505 beneficia
774 1437 913 1506 Milonis
928 1438 970 1506 de
989 1438 1121 1519 Meldis,
1147 1439 1202 1523 qui
1228 1438 1430 1524 quandoque
1457 1459 1531 1505 can.
1547 1448 1583 1505 et
1597 1443 1691 1528 preb.
1707 1441 1821 1508 ecclesie

489 1536 729 1626 Hu'gardiensis
744 1542 854 1608 tenuit
881 1552 915 1608 et
930 1542 1089 1629 possedit,
1114 1542 1223 1608 forent
1239 1551 1317 1608 ante
1346 1542 1614 1627 resignacionem
1630 1552 1667 1609 et
1693 1544 1821 1611 collado

487 1666 566 1709 nem
603 1645 792 1731 hujusmodi
824 1647 1024 1732 generaliter
1053 1646 1108 1711 vel
1143 1646 1333 1732 specialiter
1366 1654 1544 1727 reservata,
1582 1667 1702 1733 supp...
1738 1648 1821 1715 dcto

488 1747 683 1834 Baldoynus
697 1757 789 1834 quat.
804 1749 847 1816 ad
863 1748 964 1835 ipsius
980 1750 1149 1815 cautelam
1167 1748 1201 1812 in
1217 1769 1353 1814 omnem
1376 1755 1538 1814 eventum
1565 1749 1779 1816 collationem
1797 1757 1821 1814 et

486 1846 710 1935 'provisionem
726 1852 768 1917 de
778 1851 877 1917 dictis
892 1872 967 1918 can.
977 1860 1012 1917 et
1027 1850 1409 1937 prebHugardiensibus
1419 1872 1460 1916 ex
1471 1871 1572 1917 eausa
1587 1851 1821 1938 pennutacionis

486 1954 635 2038 predicte
651 1955 711 2021 sibi
729 1955 866 2020 factas...
879 1954 1062 2039 dignemini
1079 1953 1259 2020 decernere
1274 1975 1314 2021 ac
1329 1955 1356 2019 si
1371 1956 1559 2051 reservacio
1575 1976 1652 2041 gen.
1668 1958 1722 2022 vel
1733 1976 1819 2044 spec..
1855 2011 1861 2020 .

486 2058 623 2122 minime
639 2059 835 2124 extitisset...
849 2098 892 2108 -
905 2056 980 2124 Fiat
998 2056 1038 2124 R.

530 2161 606 2224 Dat.
623 2161 722 2225 Avin.
743 2166 781 2225 16
797 2160 863 2227 kal.
880 2161 953 2228 dec.
970 2168 1004 2226 a⁰
1022 2166 1060 2225 6⁰.
1086 2162 1157 2245 (13,
1173 2165 1244 2246 39*)

542 2314 681 2399 1302.
1450 2349 1541 2414 1547,
1559 2335 1602 2396 rS
1619 2334 1790 2399 reovembre.

528 2431 659 2515 Supp...
677 2432 835 2496 Albertus
842 2442 860 2511 ¹,
877 2435 978 2517 episc.
997 2430 1185 2512 Mimaten.,
1202 2441 1292 2515 quat.
1311 2432 1471 2520 [Matheo
1486 2434 1529 2500 de
1545 2433 1759 2518 Hombleriis,
1773 2434 1820 2501 ele·

484 2533 553 2600 rico
570 2533 764 2601 Laudunen.
785 2535 883 2615 dioc„
905 2536 1044 2618 antiquo
1065 2533 1192 2599 famulo
1202 2533 1313 2621 suo...]
1326 2536 1570 2621 parroch.ecel.
1581 2535 1637 2603 SS.
1649 2535 1786 2603 Comelii
1795 2543 1821 2599 et

484 2636 628 2723 Cipriani
644 2637 687 2704 de
702 2638 808 2719 Altra,
824 2638 1012 2705 Tornacen.
1039 2637 1137 2719 dioc„
1163 2639 1266 2723 cujus
1279 2639 1434 2705 fructus...
1453 2660 1493 2723 50
1513 2640 1570 2706 lib.
1586 2639 1713 2707 Toron.
1728 2661 1819 2728 parv..

483 2762 551 2806 non
567 2742 745 2823 excedunt,
761 2741 804 2808 ad
819 2762 955 2829 presens
969 2763 1043 2809 vac.
1058 2762 1118 2827 per
1128 2744 1188 2808 ob.
1213 2742 1382 2827 quondam
1399 2742 1557 2810 Bernardi
1572 2742 1615 2810 de
1632 2742 1820 2820 Maricalino,

483 2843 637 2910 officialis
648 2843 835 2925 Mimaten.,
848 2845 957 2911 ultimi
972 2846 1063 2912 dicte
1079 2846 1161 2911 eccl.
1178 2846 1324 2926 rectoris,
1341 2846 1396 2929 qui
1413 2867 1520 2933 nuper
1534 2846 1568 2912 in
1584 2848 1649 2913 civ.
1667 2847 1820 2914 Mimaten.

484 2946 573 3013 diem
590 2948 708 3014 clausit
724 2956 922 3029 extremum,
938 2949 1122 3035 dignemini
1135 2969 1313 3015 reservare.
1330 2991 1373 2999 -
1389 2948 1466 3016 Fiat
1482 2949 1522 3016 R.

528 3051 608 3117 Dat.
624 3052 724 3118 Avin.
746 3074 781 3136 14
799 3052 864 3118 kal.
881 3051 954 3118 dec.
971 3059 1005 3117 a⁰
1022 3058 1063 3118 6⁰.
1082 3053 1151 3137 (13,
1169 3075 1187 3137 4
1192 3054 1252 3136 3').

524 3208 683 3292 '1303·
1444 3239 1539 3305 1347,
1556 3225 1598 3287 18
1615 3226 1791 3289 novembre.

528 3324 651 3407 Supp...
668 3320 686 3399 J
691 3322 842 3387 ohannes
857 3321 899 3386 de
917 3319 1093 3387 Malbodio
1119 3322 1161 3386 de
1187 3320 1412 3388 Valenchenis
1423 3333 1443 3404 ²,
1470 3324 1609 3390 clericus
1624 3324 1824 3392 Cameraeen

483 3427 697 3509 dioc.,quat...
713 3427 790 3489 ben.
806 3423 962 3490 eccl...ad
972 3425 1047 3489 coll.
1063 3426 1139 3490 abb.
1149 3433 1184 3489 et
1194 3446 1291 3491 conv,
1304 3426 1497 3493 monasterii
1509 3426 1541 3493 S.
1553 3427 1696 3494 Dionisii
1713 3430 1746 3494 in
1762 3428 1826 3496 Bro

484 3549 644 3613 queroya,
660 3528 702 3593 Ο.
719 3527 750 3595 S.
767 3525 816 3607 B.
833 3526 923 3593 dicte
938 3528 1036 3608 dioc„
1053 3528 1146 3613 cujus
1158 3528 1317 3604 fructus...
1328 3529 1354 3594 si
1371 3550 1400 3595 c.
1414 3550 1441 3595 c.
1460 3532 1511 3612 80,
1524 3530 1550 3595 si
1566 3551 1647 3596 vero
1665 3553 1691 3598 s.
1708 3528 1827 3600 afuerit

487 3638 526 3697 60
542 3633 615 3696 libr.
631 3631 755 3696 Toron.
768 3650 883 3717 parv...
900 3652 969 3697 non
994 3631 1174 3712 excedunt,
1195 3630 1285 3717 [vac.
1301 3632 1355 3698 vel
1370 3632 1498 3720 vacat]
1520 3632 1721 3720 [dignemini
1741 3653 1828 3701 reser-

483 3736 623 3823 vare...]
641 3756 709 3801 non
726 3738 811 3801 obst.
829 3735 918 3819 quod
934 3734 1022 3801 idem
1039 3734 1213 3813 Johannes
1229 3756 1326 3822 super
1340 3738 1531 3823 provisione
1556 3738 1709 3805 facienda
1725 3740 1785 3807 sibi
1796 3738 1829 3803 de

483 3845 560 3909 ben.
576 3843 680 3908 eccl...
696 3840 740 3907 ad
756 3841 832 3907 coll.
848 3840 1019 3928 prepositi,
1039 3841 1157 3906 decani
1174 3849 1209 3905 et
1229 3842 1367 3928 capituli
1391 3844 1473 3910 eccl.
1498 3842 1537 3908 B.
1557 3841 1606 3910 M.
1623 3842 1829 3920 Condatenis,

482 3947 574 4032 pred.
590 3947 700 4027 dioc.,³
715 3946 749 4009 in
765 3945 937 4011 communi
953 3944 1059 4011 forma
1075 3944 1279 4031 impetravit,
1296 3967 1396 4030 quarn
1411 3947 1555 4032 gratiam
1581 3946 1765 4032 dignemini
1780 3944 1829 4012 sibi

482 4071 660 4118 reservare.
676 4090 719 4099 —
744 4048 821 4113 Fiat
838 4047 878 4114 R.

527 4154 606 4218 Dat.
622 4153 721 4217 Avin.
742 4173 778 4235 14
795 4150 860 4217 kal.
873 4151 945 4217 dec.
962 4159 994 4216 a⁰
1018 4157 1058 4217 6⁰.
1076 4152 1135 4235 (13
1163 4154 1232 4237 45).

536 4307 680 4391 1304.
1446 4338 1597 4406 1547,19
1614 4324 1795 4389 reovembre.

526 4424 649 4509 Supp...
665 4420 684 4499 J
688 4421 838 4486 ohannes
848 4418 890 4485 de
903 4420 1102 4506 Colunrpna‚
1115 4421 1146 4487 S.
1156 4422 1278 4507 Angeli
1294 4424 1380 4490 diac.
1393 4423 1525 4505 card...
1534 4432 1627 4509 quat.
1639 4426 1788 4492 Arnaldo
1795 4424 1830 4490 de

482 4528 567 4593 Dale
577 4539 597 4609 ⁴,
614 4526 737 4593 clerico
752 4545 822 4605 suo,
839 4524 969 4591 decan.
985 4526 1066 4591 eccl.
1080 4524 1111 4591 S.
1128 4525 1267 4591 Servatii
1284 4525 1517 4612 Traiectensis,
1528 4524 1690 4596 Leodien.
1702 4525 1830 4607 dioc...

479 4630 662 4716 dignemini
689 4627 876 4716 providere,
892 4630 984 4715 preb.
1001 4628 1044 4693 ad
1059 4649 1196 4715 presens
1219 4650 1294 4696 vac.
1309 4631 1364 4695 vel
1390 4630 1543 4716 proxime
1569 4638 1714 4698 vacat...
1738 4650 1830 4697 reser-

479 4743 618 4814 vantes3
638 4754 706 4800 non
732 4734 817 4797 obst.
844 4732 935 4815 quod
959 4731 1048 4796 idern
1072 4732 1239 4799 Amaldus
1254 4733 1287 4797 in
1313 4734 1394 4799 eccl.
1421 4733 1451 4799 S.
1469 4732 1562 4799 Pauli
1586 4731 1748 4801 Leodien.
1764 4753 1828 4801 can.

479 4839 611 4904 obtinet
624 4845 659 4902 et
674 4836 820 4923 preb.—
837 4835 914 4901 Fiat
931 4835 972 4901 R.

472 5002 474 5004 ,
524 4942 599 5007 Dat.
615 4941 713 5006 Avin.
734 4961 770 5024 13
787 4940 855 5005 kal.
871 4939 944 5005 dec.
960 4947 993 5003 a⁰
1010 4945 1050 5004 6⁰.
1067 4941 1137 5020 (13,
1154 4940 1234 5024 44').

509 5202 530 5247 l.
544 5201 633 5249 Albcrt
647 5199 750 5246 Lordoti
763 5197 867 5260 (Eubol,
882 5197 901 5254 1,
915 5196 984 5257 358).
996 5222 1027 5230 -
1039 5200 1062 5244 2.
1075 5198 1137 5246 l'oir
1148 5213 1174 5247 n.
1187 5198 1242 5246 833.
1254 5225 1285 5231 -
1298 5199 1319 5245 3.
1327 5197 1388 5244 Voir
1400 5212 1424 5244 n.
1437 5199 1492 5245 833.
1505 5226 1536 5232 —
1549 5198 1636 5249 4.Voir
1646 5199 1731 5263 videl.
1743 5217 1767 5252 11.
1778 5200 1821 5250 549.
