4650 6059
482 820 537 882 142
984 819 1071 892 1344,
1097 819 1179 882 1217
1198 816 1327 899 janvier.

481 971 572 1036 roclr.
590 972 671 1035 eccl.
688 971 730 1036 de
747 970 1031 1050 Montemauriuo,
1050 970 1190 1035 Remea.
1207 970 1337 1050 dioc.,...
1354 969 1386 1033 S.
1414 967 1453 1034 V.
1479 990 1586 1055 nuper
1610 969 1742 1036 duxerit
1768 993 1844 1058 pro·

482 1073 674 1138 videndum.
690 1116 733 1123 -
750 1073 827 1139 Fiat
844 1074 884 1140 R.

526 1178 604 1241 Dat.
620 1178 720 1241 Avin.
739 1198 755 1260 3
774 1177 817 1242 id.
830 1179 958 1261 januar.
975 1187 1007 1243 a⁰
1025 1187 1066 1243 2⁰.
1085 1183 1133 1262 (3,
1151 1178 1188 1242 P.
1207 1176 1252 1258 Il,
1274 1178 1360 1260 118).

533 1313 642 1396 619.
690 1335 693 1339 ’
1490 1349 1585 1414 1344,
1603 1349 1643 1391 12
1653 1325 1799 1409 jarmier.

525 1434 625 1519 Supp.
642 1455 699 1497 rex
717 1430 864 1509 Boemie,
881 1439 973 1516 quat.
993 1431 1157 1518 [Joliauni
1174 1432 1216 1497 de
1231 1431 1423 1519 Hetziugin,
1437 1432 1531 1520 clen]
1551 1430 1729 1497 Colonien.
1745 1431 1841 1509 dioc,

481 1539 522 1603 de
539 1560 611 1602 can.
628 1537 709 1601 eccl.
727 1535 757 1599 S.
774 1535 914 1600 Servatii
940 1534 1174 1619 Trajectensis,
1192 1534 1351 1601 Leodien.
1376 1538 1473 1618 dioc,
1502 1536 1592 1623 [vac.
1620 1537 1676 1600 vel
1702 1534 1840 1621 vacatd,

481 1642 663 1726 dignemini
680 1640 864 1727 providere.
880 1679 924 1687 -
940 1637 1017 1702 Fiat
1035 1637 1074 1703 R.
1093 1648 1111 1703 ¹.

526 1744 612 1808 Item
640 1766 734 1830 supp.
752 1744 840 1809 idem
856 1762 914 1818 rex
939 1740 1088 1821 Boemie,
1105 1750 1195 1826 quat.
1224 1741 1443 1829 [Hermanno
1468 1744 1511 1809 de
1533 1742 1730 1827 Hetzingin,
1747 1740 1838 1827 cler]

481 1850 572 1913 dicte
589 1848 765 1914 Colonien.
781 1847 878 1928 dioc,
895 1846 937 1911 de
953 1866 1027 1911 can.
1043 1847 1125 1911 eccl.
1143 1845 1181 1910 B.
1199 1845 1248 1912 M.
1265 1848 1440 1931 Aquensis,
1458 1846 1618 1913 Leodien.
1633 1845 1733 1927 dioc,
1753 1844 1839 1933 [vac.

483 1954 535 2016 vel
553 1951 693 2036 vacat.],
710 1949 892 2035 dignemini
909 1948 1094 2034 providere.
1110 1989 1154 1997 -
1171 1948 1248 2014 Fiat
1265 1949 1305 2016 R.
1321 1960 1341 2016 ².

526 2056 606 2120 Dat.
623 2056 722 2120 Avia.
741 2076 757 2119 2
775 2053 819 2118 id.
832 2054 962 2137 januar.
979 2060 1013 2117 a⁰
1030 2062 1071 2118 2⁰.
1089 2053 1137 2135 (3,
1156 2052 1192 2119 P.
1210 2051 1255 2133 II,
1276 2056 1364 2141 119).

533 2191 649 2272 620.
1488 2224 1583 2289 1344,
1603 2225 1643 2269 ra
1654 2202 1799 2286 jcrnm'er.

525 2311 626 2394 Supp.
642 2308 830 2394 provisores
847 2308 970 2373 fabrice
986 2308 1068 2374 eccl.
1086 2307 1124 2372 B.
1142 2306 1192 2373 M.
1208 2308 1519 2394 Ardernburgensis,
1540 2308 1729 2374 Tomacen.
1745 2308 1838 2386 dioc,

481 2424 584 2496 quat,
602 2434 678 2476 cum
695 2413 728 2475 in
745 2411 834 2477 dicta
851 2413 933 2478 ecel.
949 2412 1188 2497 pretiosissime
1215 2412 1362 2497 reliquie,
1378 2412 1537 2478 videlicet
1556 2413 1694 2498 pretiosi
1711 2411 1840 2497 sangui·

481 2517 534 2581 nis
549 2516 769 2600 redemptoris
786 2513 831 2580 N.
849 2515 890 2581 D.
907 2514 938 2591 J.
963 2515 1011 2596 C,
1028 2515 1165 2599 singulis
1180 2516 1297 2581 diebus
1312 2516 1447 2582 fluentis
1459 2537 1517 2581 seu
1533 2516 1706 2596 currentis,
1719 2524 1755 2580 et
1763 2515 1839 2600 ligni

481 2640 560 2683 rere
577 2618 701 2699 Crucis,
720 2618 751 2681 iu
769 2640 836 2703 quo
851 2620 960 2685 dictus
984 2620 1176 2705 redemptor
1202 2628 1317 2685 noster
1340 2640 1401 2705 pro
1427 2622 1535 2685 salute
1553 2619 1697 2684 humani
1714 2619 1842 2704 generis

482 2744 599 2809 passus
609 2722 680 2803 fuit,
696 2742 736 2786 ac
751 2723 850 2788 lactis
866 2723 1064 2788 intemerate
1082 2722 1121 2787 V.
1139 2721 1260 2788 Matris
1275 2723 1355 2808 ejus,
1375 2732 1410 2788 et
1430 2722 1614 2788 'multorum
1631 2723 1773 2788 aliorum
1790 2723 1841 2788 SS.

483 2828 723 2912 apostolorum,
751 2836 946 2911 martyrum,
964 2826 1191 2892 confessorum
1207 2834 1308 2911 atque
1333 2826 1497 2913 virginum
1520 2826 1733 2906 habeantur;
1762 2848 1842 2912 quo·

481 2952 553 2995 rum
567 2930 743 2995 occasione
759 2930 949 2996 Altissimus
964 2938 977 2964 ¹²
993 2930 1099 2995 multa
1114 2930 1194 2995 inibi
1220 2931 1380 2996 miracula
1406 2939 1573 3017 operatur,
1590 2939 1624 2995 et
1640 2930 1683 2996 ad
1698 2931 1841 2997 eandem

482 3036 631 3100 confluat
658 3035 935 3101 circoi'icinorum
962 3035 1109 3100 fidelium
1139 3034 1330 3117 multitudo,
1361 3035 1544 3121 dignemini
1575 3035 1733 3101 onmibus
1765 3055 1842 3101 vere

482 3139 710 3223 penitentibus
726 3148 760 3204 et
776 3139 945 3218 confessis,
962 3139 1017 3223 qui
1036 3139 1114 3203 feria
1139 3140 1238 3203 tertia
1264 3148 1342 3224 post
1368 3139 1490 3205 festum
1507 3138 1759 3205 Pentbecosten
1776 3139 1843 3205 dic·

482 3253 552 3308 tam
569 3244 683 3308 villam
700 3244 991 3329 processionaliter
1006 3264 1082 3308 curn
1098 3244 1196 3309 dictis
1207 3243 1352 3328 reliquiis
1368 3243 1424 3308 illa
1439 3243 1493 3309 die
1508 3243 1640 3329 publice
1655 3242 1844 3309 deferendis

484 3346 706 3426 circuiveriut,
723 3347 869 3431 quinque
886 3368 994 3412 annos
1021 3356 1054 3411 et
1081 3347 1227 3432 quinque
1243 3347 1482 3433 quadragenas,
1499 3367 1632 3412 necnon
1649 3346 1713 3412 illis
1736 3346 1793 3431 qui
1811 3346 1842 3410 in

484 3449 652 3532 quiuderra
667 3448 830 3535 prefatam
847 3450 981 3514 tertiam
999 3450 1114 3514 feriam
1131 3450 1325 3515 immediate
1350 3458 1512 3535 sequente
1527 3450 1654 3516 dictam
1666 3449 1844 3515 ecclesiam

485 3553 703 3630 visitaverint,
719 3563 753 3618 et
770 3575 888 3618 manus
903 3554 946 3619 ad
962 3552 1121 3618 fabricam
1146 3554 1237 3619 dicte
1264 3554 1404 3619 ecclesie
1429 3554 1637 3639 porrexerint
1664 3553 1845 3637 adjutrices

484 3666 620 3720 centum
645 3656 725 3736 dies,
751 3656 888 3741 singulis
914 3657 1071 3722 videlicet
1098 3656 1215 3721 diebus
1243 3657 1344 3742 ipsius
1369 3657 1548 3743 quindene,
1573 3657 1692 3741 quibus
1716 3656 1844 3723 dictam

484 3761 659 3826 ecclesiam
685 3760 879 3841 visitabunt,
896 3768 931 3824 et
955 3781 1072 3825 manus
1097 3760 1276 3844 adjutrices
1302 3760 1519 3846 porrexerint,
1547 3761 1589 3826 de
1616 3760 1775 3845 injunctis
1798 3760 1846 3825 eis

484 3863 679 3949 penitentiis
702 3864 959 3930 misericorditer
988 3866 1159 3944 relaxare;
1187 3885 1266 3929 nam
1293 3864 1346 3929 fel.
1373 3886 1438 3930 rec.
1463 3865 1554 3930 dom.
1571 3862 1729 3929 Clemens
1756 3884 1844 3951 papa

485 3967 513 4028 V
541 3969 665 4034 similes
680 3968 904 4052 indulgentias
931 3967 1071 4033 ecclesie
1087 3966 1119 4031 S.
1136 3965 1250 4031 Basilii
1267 3967 1309 4032 de
1333 3966 1459 4054 Brugis,
1476 3968 1567 4034 dicte
1582 3968 1680 4048 dioc,
1696 3967 1847 4034 noscitur

485 4072 688 4138 concessisse
705 4089 726 4138 ³.
742 4112 785 4123 —-
803 4071 878 4136 Fiat
895 4071 927 4135 in
944 4071 998 4136 die
1014 4071 1103 4136 dicte
1128 4071 1349 4156 processionis
1373 4072 1416 4137 de
1431 4093 1500 4137 uno
1515 4092 1606 4138 anno
1621 4079 1656 4137 et
1671 4093 1742 4157 pua,
1766 4093 1847 4160 qua·

484 4173 638 4258 dragena,
655 4184 690 4240 et
707 4176 779 4242 aliis
794 4175 911 4241 diebus
938 4184 1019 4241 octo
1045 4175 1270 4260 sequentibus,
1287 4166 1435 4261 qualibet
1460 4175 1524 4257 die,
1549 4176 1753 4243 decentum
1778 4175 1848 4241 die-

484 4280 555 4343 bus.
573 4278 613 4344 R.

531 4381 608 4448 Dat.
625 4383 725 4448 Avin.
743 4404 760 4447 2
779 4383 821 4448 id.
834 4384 965 4467 januar.
982 4392 1014 4447 a‘·
1031 4392 1072 4448 2⁰.
1090 4388 1138 4467 (3,
1160 4383 1197 4449 P.
1215 4381 1259 4463 Il,
1281 4384 1367 4466 129).

537 4519 643 4602 621.
1486 4555 1581 4620 1344,
1605 4534 1803 4619 17janvier.

530 4638 584 4701 §¹¹¹⁰
602 4638 709 4702 Pater.
727 4637 812 4702 Cum
830 4637 870 4703 R.
888 4638 923 4703 P.
940 4638 1030 4703 dom.
1046 4637 1253 4722 Jfoliannes)
1270 4638 1311 4703 de
1340 4639 1538 4723 Columpna,
1564 4639 1595 4705 S.
1611 4640 1733 4725 Angeli
1758 4630 1847 4706 diac.

486 4742 586 4820 card,
604 4764 676 4807 can.
704 4752 738 4807 et
765 4744 856 4827 preb.
885 4742 1052 4821 Parisien,
1080 4750 1114 4807 et
1142 4742 1314 4827 Philippus
1338 4743 1380 4808 de
1406 4742 1569 4808 nrbosio⁴
1584 4741 1787 4808 decanatum
1815 4742 1849 4807 S.

518 4948 547 5009 a)
565 4947 620 4993 (bd.
636 4948 774 4998 altissimo.

491 5088 750 5098 -—-—

521 5183 543 5230 1.
565 5181 631 5228 blm.
650 5180 704 5227 lar.
717 5180 788 5231 lan..
802 5182 822 5230 1.
836 5196 861 5229 n.
873 5184 927 5230 affl.
940 5185 995 5229 285,
1058 5183 1080 5228 2.
1103 5179 1147 5230 Il..
1167 5182 1220 5238 2111,
1234 5181 1289 5228 2811.
1312 5209 1344 5214 —-
1363 5182 1384 5229 3.
1406 5181 1442 5229 Le
1463 5181 1495 5227 1⁸
1506 5179 1562 5241 juin
1577 5182 1640 5229 1310
1651 5181 1785 5244 (Miratus
1802 5183 1850 5246 (lp.

488 5252 559 5318 dipl,
577 5255 622 5310 lll,
639 5255 741 5300 lau-157
758 5254 902 5312 ;(lilliodt.s.
918 5255 991 5306 llll.
1006 5256 1118 5312 (brattea,
1132 5254 1151 5311 l,
1165 5254 1233 5314 3⁴13).
1247 5283 1275 5288 —
1289 5256 1311 5303 l.
1324 5254 1386 5301 Von-
1397 5269 1421 5301 ιι.
1436 5254 1489 5302 185.
