4650 6059
1003 817 1091 894 1848,
1116 818 1182 882 6-12
1204 820 1284 883 aoht
1764 818 1827 885 873

481 993 516 1038 ac
529 970 645 1036 deinde
661 969 694 1035 S.
709 967 751 1034 V.
767 968 802 1033 in
816 967 969 1053 hospicio
981 967 1131 1053 ejusdem
1147 968 1179 1034 S.
1193 967 1233 1034 V.
1245 970 1331 1034 ultra
1348 968 1527 1035 Rodanum
1543 990 1603 1055 per
1621 973 1660 1034 16
1675 988 1782 1034 annos
1794 979 1828 1035 et

485 1077 556 1140 ultra
571 1074 735 1141 continuo
749 1070 896 1151 servivit,
911 1081 1004 1155 quat.
1017 1071 1127 1137 eidem
1142 1073 1185 1138 de
1202 1092 1276 1138 can.
1293 1080 1328 1137 et
1342 1076 1434 1159 preb.
1450 1073 1591 1138 ecclesie
1606 1073 1737 1139 Tollen.
1753 1095 1827 1141 vac.

431 1231 433 1270 ;
488 1180 607 1244 incuria
623 1177 723 1242 Rom.
739 1197 799 1261 per
814 1178 868 1241 ob.
884 1174 1015 1240 Thome
1030 1176 1072 1241 de
1086 1176 1270 1261 Domparie
1282 1186 1331 1240 ¹...
1345 1176 1525 1260 dignemini
1542 1177 1716 1262 providere
1732 1201 1739 1257 ;
1756 1199 1825 1244 non

431 1273 436 1337 l
491 1285 556 1348 obst.
580 1280 669 1366 quod
686 1279 774 1345 idem
800 1276 962 1344 Nicolaus
989 1298 1062 1343 can.
1087 1287 1122 1343 et
1145 1282 1237 1364 preb.
1262 1280 1344 1345 eccl.
1371 1280 1547 1364 collegiate
1574 1280 1827 1359 RothnacensfS,

492 1384 686 1451 Cameracen.
701 1383 800 1463 dioc,
816 1382 857 1447 de
885 1381 1004 1465 quibus
1030 1383 1139 1448 adhuc
1161 1391 1299 1468 propter
1324 1403 1459 1467 guerras
1483 1384 1652 1449 modicum
1679 1384 1829 1469 percepit

493 1508 521 1552 ac
532 1490 606 1557 eccl.
622 1487 776 1577 parroch.
792 1486 834 1551 de
851 1484 1013 1565 Moussin,
1029 1485 1215 1552 Tomacen.
1240 1486 1338 1568 dioc,
1354 1508 1454 1571 quam
1481 1507 1587 1573 nuper
1609 1488 1722 1572 vigore
1739 1487 1828 1552 litte-

493 1610 580 1657 ramm
595 1600 824 1656 vestrarum...
842 1588 954 1654 extitit
981 1588 1120 1674 pacifice
1145 1598 1327 1671 assecutus,
1344 1592 1436 1675 cujus
1463 1590 1587 1656 fructus
1614 1592 1699 1656 ultra
1717 1612 1733 1655 2
1739 1612 1756 1675 3
1773 1591 1829 1656 lib.

493 1691 574 1761 Paris.
589 1716 657 1759 non
673 1698 894 1759 accensantur
909 1691 1096 1773 annuatim,
1112 1692 1154 1758 de
1171 1702 1205 1758 et
1221 1714 1319 1779 super
1334 1694 1452 1778 quibus
1468 1695 1642 1759 solvuuttu
1657 1696 1779 1762 clerico
1796 1695 1829 1762 in

492 1798 588 1862 eadem
604 1795 805 1864 deservienti
827 1816 886 1861 100
909 1795 1003 1861 solidi
1021 1793 1197 1862 annuatim
1214 1806 1248 1862 et
1264 1800 1351 1864 ultra
1367 1798 1430 1863 hec
1442 1797 1611 1864 decimam
1623 1809 1829 1880 consuetam,

491 1903 618 1967 noscitur
635 1901 800 1966 obtinere.
816 1941 859 1949 -
876 1898 953 1964 Fiat
971 1899 1010 1963 R.

431 2029 434 2084 ¹,
522 2004 593 2070 Dat.
608 2005 711 2070 Avin.
729 2024 746 2068 2
763 2025 843 2068 non.
860 2023 934 2086 aug.
952 2010 985 2067 a⁰
1003 2011 1044 2086 7⁰.
1059 2004 1129 2087 (15,
1148 2005 1236 2088 181).

528 2150 672 2235 1403.
1551 2168 1647 2250 1348,
1663 2166 1683 2228 6
1700 2171 1787 2230 aaut.

520 2266 638 2354 Supp...
655 2264 854 2344 Galhardus,
867 2263 898 2328 S.
916 2261 1018 2330 Lucie
1035 2264 1067 2327 in
1084 2264 1177 2330 silice
1192 2264 1278 2330 diac.
1289 2265 1423 2347 card.,...
1435 2276 1527 2351 quat.
1542 2268 1585 2333 de
1601 2268 1736 2353 paroch.
1749 2271 1831 2335 eccl.

431 2369 435 2442 l
488 2366 518 2432 de
529 2369 833 2455 Amulphamonte,
850 2366 1099 2451 Rothomagen.
1115 2367 1247 2447 dioc.,...
1265 2367 1409 2435 Matheo
1429 2371 1471 2437 de
1496 2371 1637 2454 sanctie,
1658 2373 1833 2458 capellano

487 2470 622 2538 familiari
639 2479 674 2536 et
690 2469 907 2537 commensali
923 2469 1004 2535 dicti
1021 2470 1199 2537 cardinalis
1215 2488 1236 2553 ²,
1252 2471 1433 2557 dignemini
1449 2475 1624 2561 providere
1638 2498 1646 2554 ;
1663 2496 1731 2542 non
1747 2480 1833 2542 obst.

485 2578 560 2659 quod
574 2578 618 2643 de
635 2597 710 2642 can.
726 2586 761 2640 et
776 2576 868 2661 preb.
884 2574 966 2639 eccl.
991 2574 1022 2639 S.
1038 2572 1057 2650 J
1061 2574 1205 2640 ohannis
1229 2574 1379 2648 Leodien
1406 2597 1512 2663 nuper
1538 2578 1569 2643 S.
1586 2578 1658 2664 ipsa
1686 2579 1729 2645 ad
1752 2579 1832 2645 dicti

484 2682 646 2747 cardinalis
662 2679 946 2765 supplicacionem
970 2678 1116 2763 providit
1140 2679 1250 2744 eidem
1277 2689 1311 2746 et
1338 2682 1499 2768 capellan.
1522 2703 1616 2768 perp.
1642 2683 1683 2749 de
1707 2683 1834 2749 Hoiva·

481 2786 568 2866 gniel,
586 2782 756 2849 Morinen.
771 2783 870 2861 dioc,
886 2782 1036 2848 noscitur
1051 2775 1213 2848 obtinere.
1230 2823 1270 2833 -
1288 2783 1365 2850 Fiat
1383 2785 1421 2850 R.

516 2889 595 2954 Dat.
611 2888 712 2952 Avin.
729 2889 747 2951 8
764 2886 808 2952 id.
824 2906 899 2970 aug.
915 2893 948 2952 a⁰
965 2894 1007 2970 7⁰.
1025 2888 1096 2971 (15,
1117 2889 1220 2971 184V).

526 3027 677 3109 1404.
1534 3041 1628 3122 1348,
1646 3026 1686 3104 rr
1703 3040 1791 3105 aaut.

516 3146 641 3230 Supp...
669 3142 810 3207 servitor
836 3150 870 3206 et
895 3162 998 3225 coqus
1022 3149 1133 3205 vester
1163 3140 1337 3219 Johannes
1365 3139 1512 3220 Postelli,
1544 3151 1636 3225 quat.
1666 3142 1833 3227 [familiari

480 3271 535 3314 suo
552 3248 735 3313 Guillelmo
759 3245 938 3324 CandoinS,
955 3244 1093 3330 clerico]
1125 3244 1302 3308 Ebroicen.
1318 3244 1457 3323 dioc.,...
1476 3243 1518 3309 de
1545 3246 1682 3330 paroch.
1698 3248 1780 3312 eccl.
1797 3245 1834 3310 B.

480 3352 524 3418 ll.
541 3353 584 3417 de
600 3351 805 3435 Aquilavilla
830 3370 929 3434 supra
952 3349 1156 3427 Passiacum,
1173 3348 1263 3412 dicte
1279 3347 1355 3412 dioc
1359 3398 1409 3426 .....
1430 3347 1604 3432 providere
1630 3349 1834 3433 dignemini;

479 3478 540 3522 non
560 3437 647 3522 obst.
664 3455 753 3539 quod
776 3453 886 3518 eidem
902 3451 1083 3516 Guillelmo
1100 3451 1131 3516 S.
1148 3450 1188 3516 V.
1205 3450 1246 3514 de
1263 3452 1399 3535 paroch.
1416 3453 1498 3515 eccl.
1514 3451 1556 3515 de
1574 3452 1697 3532 HeriiS,
1714 3452 1831 3517 Came·

478 3582 583 3627 racen.
600 3561 698 3637 dioc,
715 3558 845 3623 noviter
861 3555 1048 3641 providit...
1066 3555 1118 3620 cui
1135 3563 1270 3639 paratus
1286 3564 1336 3619 est
1352 3556 1557 3620 renunciare.
1573 3596 1615 3604 -
1633 3555 1708 3621 Fiat
1728 3556 1767 3621 R.

520 3666 599 3730 Dat.
616 3663 716 3727 Avin.
735 3684 752 3744 3
770 3662 813 3726 id.
829 3681 902 3744 aug.
919 3669 951 3725 a⁰
968 3668 1009 3742 7⁰.
1027 3662 1097 3742 (15,
1119 3661 1206 3741 199).

530 3800 675 3882 1405.
1537 3811 1629 3891 1548,
1648 3829 1687 3872 12
1705 3817 1792 3874 uortf.

519 3920 619 3984 Pater
632 3915 874 3982 sanctissime...
887 3912 905 3990 J
909 3914 1035 3978 ohanni
1051 3913 1093 3979 de
1110 3914 1276 3992 Toruaco,
1287 3912 1454 3977 advocato
1467 3913 1500 3976 in
1513 3914 1723 3998 parlamento
1738 3914 1833 3996 regis,

484 4022 658 4107 dignemini
675 4019 850 4106 providere
866 4018 907 4084 de
924 4039 998 4082 can.
1015 4026 1048 4082 et
1073 4021 1164 4102 preb.
1191 4017 1330 4082 ecclesie
1356 4016 1572 4081 Cameracen.
1588 4037 1659 4080 vac.
1683 4036 1742 4101 per
1758 4017 1835 4079 libe-

485 4145 546 4189 ram
574 4124 840 4207 resignacionem
868 4122 901 4185 in
929 4122 1081 4185 manibus
1107 4121 1188 4186 dicti
1213 4120 1340 4185 domini
1365 4122 1493 4185 abbatis
1522 4121 1576 4207 [=
1597 4118 1777 4196 Guillelmi,
1805 4119 1836 4184 S.

487 4226 610 4293 Taurini
637 4224 878 4311 Ebroicensis],
895 4225 1019 4290 factam
1040 4235 1074 4289 et
1101 4225 1280 4290 admissam
1309 4246 1367 4309 per
1390 4234 1642 4310 procuratorem
1666 4222 1835 4288 Guillelmi

431 4349 432 4418 ,
489 4331 622 4413 Choleti,
645 4332 725 4397 olim
741 4331 831 4397 dicte
848 4332 929 4395 eccl.
947 4352 1021 4395 can.
1037 4330 1233 4415 prebendati
1250 4341 1270 4394 ³.
1287 4370 1329 4378 -
1347 4328 1422 4393 Fiat
1440 4328 1479 4393 R.

431 4475 433 4534 7
525 4437 600 4503 Dat.
616 4437 715 4502 Avin.
734 4457 750 4500 2
768 4436 812 4501 id.
829 4456 902 4519 aug.
920 4442 953 4499 af‘
968 4443 1011 4514 7⁰.
1029 4437 1099 4519 (15,
1121 4441 1223 4518 192¹).

431 4537 433 4592 1
533 4575 675 4657 1406.
1535 4586 1792 4666 1348,12a01ff.

528 4693 644 4779 Supp...
661 4691 903 4773 Gfuillelmus),
921 4690 951 4753 S.
970 4688 1018 4752 uf.
1036 4690 1069 4751 in
1086 4689 1266 4755 Cosmedin
1281 4690 1365 4755 diac.
1382 4690 1502 4768 card.,..
1513 4688 1602 4772 quod
1620 4686 1658 4752 Ε.
1675 4687 1706 4751 S.
1723 4686 1836 4770 digne-

495 4798 536 4856 tur
548 4797 677 4881 prefato
692 4796 831 4861 domino
847 4792 993 4871 Johanni
1013 4792 1067 4877 [z
1083 4792 1231 4869 Johanni
1246 4793 1350 4857 Pleno
1366 4793 1542 4871 amoribus,
1559 4792 1641 4855 alias
1655 4790 1697 4856 de
1715 4791 1836 4874 Reges-

498 4901 547 4977 ῖῐο,
568 4899 716 4966 familiari
742 4897 833 4983 suol,
858 4897 913 4981 qui
938 4896 1020 4960 alias
1037 4906 1115 4960 octo
1132 4897 1227 4961 annis
1243 4896 1410 4960 continuis
1427 4895 1465 4960 V.
1483 4896 1513 4960 S.
1531 4894 1672 4959 fideliter
1697 4902 1731 4958 et
1758 4915 1836 4958 con-

500 4998 577 5068 tinuo
599 5003 745 5084 servivit,
762 5003 804 5067 de
831 5021 905 5066 can.
922 5008 956 5063 et
979 5003 1070 5084 preb.
1083 5001 1166 5064 eccl.
1183 4998 1398 5064 Cameracen.
1425 5020 1498 5063 vac.
1514 5019 1573 5084 per
1588 5008 1730 5062 mortem
1747 4998 1837 5062 dom.

501 5151 723 5171 Ὢ

529 5240 546 5284 l-
558 5242 648 5298 hirsch,
663 5244 738 5303 liulf,
753 5246 805 5299 168,
820 5245 872 5300 115,
887 5244 940 5297 alo,
955 5243 1008 5288 2111.
1023 5243 1076 5287 221.
1090 5268 1119 5273 -
1132 5243 1154 5286 2.
1174 5239 1235 5286 Voir
1247 5254 1271 5287 n.
1290 5240 1343 5297 936,
1364 5240 1433 5286 1111.
1446 5266 1476 5272 -
1490 5240 1511 5285 3.
1530 5239 1591 5285 l'oir
1604 5251 1628 5284 n.
1642 5237 1710 5282 13113.
