4650 6059
898 1163 1172 1264 orxusme
1208 1168 1418 1263 nuntie

736 1420 793 1503 19
830 1421 932 1501 mai
972 1420 1089 1506 1351
1129 1467 1180 1479 —
1217 1422 1275 1502 18
1314 1420 1415 1500 mai
1455 1421 1581 1506 1352

527 1774 672 1857 2155.
1542 1802 1640 1866 1351,
1662 1806 1704 1869 ²4
1722 1786 1795 1850 mai.

520 1894 609 1977 Sign.
626 1894 657 1957 S.
674 1891 714 1956 V.
730 1890 968 1971 Theodericus,
985 1911 1099 1956 comes
1117 1890 1299 1970 Losseusis,
1324 1889 1414 1974 quod
1437 1888 1456 1966 J
1460 1889 1612 1955 ohannes
1635 1889 1680 1955 de
1705 1888 1829 1975 Hesus

477 2001 567 2082 berg,
591 1996 752 2060 diaconus
774 1994 934 2060 Leodien.
957 1995 1055 2076 dioc.,
1079 1996 1149 2080 ejus
1172 1994 1311 2060 clericus
1332 1993 1548 2073 domesticus,
1573 1993 1733 2078 parroch.
1761 1993 1831 2060 eccl
1870 2051 1872 2058 .

481 2101 514 2164 in
532 2100 672 2185 Eytorp,
690 2098 864 2164 Colonien.
880 2098 978 2180 dioc.,
1004 2100 1097 2184 cujus
1119 2106 1316 2184 patronatus
1340 2097 1383 2162 ad
1406 2098 1515 2183 ipsum
1537 2096 1705 2163 comitem
1727 2096 1831 2183 digno-

481 2204 583 2269 scitur
597 2203 774 2288 pertinere,
791 2202 954 2267 canonice
971 2211 1150 2283 assecutus,
1163 2223 1239 2267 eam
1255 2222 1314 2287 per
1330 2202 1533 2288 octo‘gannos
1547 2201 1602 2265 vel
1619 2201 1713 2266 circa
1728 2201 1834 2277 tenuit,
1869 2229 1872 2334 i

481 2310 607 2391 absque
622 2305 873 2391 dispensatione
889 2306 1038 2390 legitima
1063 2307 1097 2370 in
1121 2306 1340 2392 presbiterum
1363 2325 1432 2370 non
1454 2311 1642 2389 promotus
1664 2304 1832 2372 fructus...
1870 2337 1872 2369 ÷

481 2411 547 2495 qui,
564 2409 747 2474 secundum
762 2410 971 2474 taxationem
985 2409 1116 2475 decime
1139 2410 1304 2475 hactenus
1319 2409 1498 2494 persolute,
1513 2409 1616 2473 trium
1631 2410 1833 2475 marcharum
1870 2387 1872 2470 i

480 2514 607 2599 argenti
624 2514 775 2579 valorem
801 2534 950 2579 annuum
975 2535 1044 2580 non
1071 2514 1249 2593 excedunt,
1275 2513 1462 2599 percipiens
1478 2533 1519 2577 ex
1541 2512 1673 2595 eadem,
1702 2514 1834 2598 quosiu

481 2618 571 2682 dicte
587 2618 728 2682 ecclesie
744 2625 778 2681 et
794 2638 871 2683 suos
883 2618 986 2682 etiam
1009 2618 1161 2703 proprios
1171 2638 1248 2683 usus
1258 2617 1428 2704 expendit.
1439 2617 1551 2699 Quare
1563 2637 1662 2703 supp.
1673 2626 1769 2702 quat.
1783 2616 1834 2683 sibi

481 2722 513 2785 in
531 2741 708 2805 personam
723 2720 864 2806 predicti
882 2720 992 2786 clerici
1016 2720 1065 2785 sui
1076 2721 1218 2804 gratiam
1241 2720 1403 2784 facientes
1418 2740 1518 2805 spec,
1535 2741 1674 2785 omnem
1691 2720 1833 2788 inhabili·

482 2825 560 2890 tatis
575 2826 756 2905 maculam,
772 2825 798 2888 si
815 2845 916 2908 quam
932 2823 1052 2889 exinde
1076 2823 1255 2904 contraxit,
1280 2824 1416 2889 abolere
1437 2833 1472 2889 et
1495 2824 1529 2889 in
1555 2824 1728 2909 integrum
1753 2825 1834 2891 resti·

482 2936 586 3008 tuere,
614 2948 655 2993 ac
682 2927 807 2993 fructus
831 2935 1010 3013 perceptos
1032 2927 1202 2992 remittere
1226 2927 1355 3012 sibique
1380 2927 1423 2992 de
1449 2927 1541 2992 dicta
1564 2928 1723 3011 ecclesia,
1746 2948 1834 3013 quam

483 3032 584 3097 etiam
601 3033 711 3118 plures
727 3031 776 3096 sui
793 3031 1053 3116 predecessores,
1069 3041 1223 3117 gerentes
1239 3053 1274 3097 se
1290 3053 1351 3117 pro
1374 3033 1557 3098 rectoribus
1572 3033 1678 3118 ipsius
1693 3033 1834 3108 ecclesie,
1870 3061 1872 3126 p

483 3136 668 3201 successive
684 3135 779 3199 armis
795 3135 942 3219 pluribus
968 3135 1159 3200 detinentes
1180 3136 1221 3201 de
1245 3136 1337 3200 sacto
1360 3145 1512 3201 cessante
1529 3157 1631 3202 causa
1654 3135 1832 3204 rationabili

482 3261 551 3305 non
569 3239 700 3303 fuerunt
717 3239 749 3301 in
770 3239 991 3323 presbiterum
1015 3239 1169 3318 ordinati,
1194 3239 1241 3304 sic
1264 3240 1317 3303 vel
1342 3240 1422 3304 alias
1450 3240 1675 3324 quovismodo
1691 3247 1831 3315 vacante,
1870 3227 1872 3252 '

482 3344 524 3407 de
541 3364 631 3407 novo
647 3342 828 3426 dignemini
856 3342 1054 3427 providere;
1080 3364 1148 3407 non
1175 3346 1260 3407 obst.
1284 3344 1373 3426 quod
1401 3343 1489 3408 idem
1516 3342 1694 3420 Johannes
1721 3349 1830 3410 canet

482 3449 574 3531 preb.
603 3447 636 3509 in
662 3446 744 3510 eccl.
773 3445 1057 3531 Heynsbergensi,
1077 3447 1238 3512 Leodien.
1265 3448 1363 3526 dioc.,
1389 3448 1547 3526 obtinet;
1575 3468 1654 3512 cum
1678 3449 1750 3514 aliis
1774 3465 1828 3511 nou

483 3552 590 3614 obst...
609 3549 653 3613 Et
668 3549 822 3632 dignetur
839 3549 878 3614 V.
895 3550 927 3614 S.
944 3550 1130 3615 concedere
1146 3560 1184 3615 ut
1199 3551 1334 3635 petitur,
1359 3553 1412 3614 vel
1440 3572 1566 3636 ponere
1590 3560 1704 3618 vestra
1728 3561 1828 3618 sancta

485 3674 588 3717 manu
604 3653 836 3736 quovismodo.
852 3695 895 3702 —
913 3654 1140 3718 Habilitamus
1156 3662 1190 3718 et
1208 3655 1422 3739 providemus
1441 3655 1480 3720 R.

528 3756 607 3820 Dat.
624 3778 676 3841 ap.
694 3756 942 3821 Villamnovam
960 3779 977 3837 9
994 3756 1059 3821 kal.
1073 3757 1156 3841 junii
1175 3766 1207 3821 a⁰
1228 3765 1288 3822 10⁰.
1307 3759 1378 3841 (21,
1397 3759 1442 3839 9).

536 3893 679 3976 2156.
1553 3929 1593 3992 13
1596 3928 1651 3989 51,
1668 3931 1709 3991 24
1726 3910 1793 3973 anai.

528 4013 629 4097 Supp.
647 4012 767 4092 Guido,
785 4033 898 4076 comes
915 4011 1080 4090 Forensis,
1097 4019 1188 4095 quat.
1216 4011 1418 4097 [Bertrando
1434 4012 1476 4076 de
1501 4012 1690 4095 Botheone,
1715 4011 1823 4083 clerico,
1865 4055 1870 4078 ,ι

486 4118 554 4182 filio
581 4118 751 4182 camerarii
779 4118 839 4195 sui,
866 4116 1039 4181 Falconeti
1066 4117 1108 4180 de
1133 4116 1320 4196 Botheone,
1344 4117 1511 4182 domicelli
1536 4116 1733 4201 Lugdunen.
1747 4114 1823 4186 dioc-2

485 4223 527 4287 de
544 4242 618 4286 can.
634 4230 668 4285 et
684 4224 775 4305 preb.
793 4222 874 4284 eccl.
892 4221 923 4283 S.
941 4219 1078 4285 Martini
1106 4220 1297 4300 Rncceusis,
1321 4220 1407 4285 dioc.
1432 4219 1602 4299 Leodien,
1626 4241 1701 4285 vac.
1717 4238 1771 4304 per
1783 4216 1821 4278 ob.

489 4324 705 4408 Englrelberti
722 4323 763 4387 (le
780 4323 867 4387 Rivo
884 4324 983 4387 alde
1007 4322 1099 4387 Beke
1116 4335 1134 4402 ¹,
1152 4324 1207 4406 qui
1225 4331 1318 4387 extra
1343 4324 1441 4389 Rom.
1465 4323 1590 4389 curiam
1613 4322 1704 4387 diem
1726 4315 1821 4387 clausit

487 4437 684 4506 extremum,
701 4427 881 4510 dignemini
898 4427 1073 4512 providere
1089 4450 1097 4505 3
1122 4448 1190 4491 non
1208 4432 1293 4493 obst.
1310 4427 1400 4511 quod
1427 4427 1515 4492 idem
1541 4425 1680 4491 clericus
1705 4426 1737 4489 in
1751 4428 1821 4487 etate

487 4533 607 4598 decem
622 4552 785 4596 annorum
801 4533 855 4595 vel
872 4531 960 4595 circa
977 4530 1086 4594 adhuc
1113 4531 1246 4610 existat,
1274 4552 1332 4596 seu
1359 4530 1449 4614 quod
1465 4530 1507 4595 ad
1534 4530 1610 4594 coll.
1636 4526 1776 4615 episcopi
1796 4527 1820 4583 et

489 4637 625 4722 capituli
643 4636 893 4701 Claromonterr.
910 4635 952 4699 sit
968 4642 1160 4719 expectans.
1179 4676 1219 4683 —
1238 4635 1313 4699 Fiat
1330 4635 1369 4699 R.

532 4741 611 4805 Dat.
628 4762 680 4825 ap.
699 4740 948 4805 l'illanmovam
967 4760 984 4819 o
1001 4737 1068 4803 kal.
1082 4739 1165 4823 junii
1183 4747 1216 4803 a0
1237 4748 1297 4804 10⁰.
1315 4743 1386 4822 (21,
1402 4739 1468 4821 30).

541 4879 680 4961 2157.
1562 4908 1655 4971 1351,
1673 4911 1711 4972 24
1729 4882 1793 4951 moi.

535 4997 589 5060 ὃυιρ
605 5006 709 5082 pater.
728 4996 813 5062 Cum
839 4996 964 5062 dudum
982 4995 1021 5060 R.
1039 4994 1076 5059 P.
1092 4996 1182 5060 dom.
1208 4994 1318 5073 Petro,
1346 5000 1428 5057 tunc
1455 4992 1644 5077 patriarche
1671 4976 1825 5067 jherosoli-

489 5122 726 5131 ι---

528 5190 547 5234 l.
560 5187 621 5234 Yuil'
633 5202 657 5234 n.
669 5190 740 5233 2151).
