4650 6059
573 786 634 850 288
818 816 820 819 ·
1053 786 1141 864 1346,
1167 785 1263 849 23-26
1285 788 1451 852 novembre.

573 936 758 1001 litterarum
783 944 977 1017 vestrarum,
1005 945 1039 1002 et
1063 937 1097 1001 in
1122 934 1161 1001 B.
1191 934 1240 1002 M.
1263 936 1305 1002 de
1325 937 1536 1019 Annoniaco,
1553 938 1595 1005 O.
1612 938 1644 1005 S.
1659 941 1757 1025 Aug„
1774 940 1937 1006 Viennen.

573 1041 670 1120 dioc,
687 1042 805 1107 eccles.
831 1042 1026 1107 clericatum
1043 1041 1134 1107 chori
1150 1061 1209 1105 seu
1225 1041 1421 1123 chorariam,
1438 1042 1573 1108 solitam
1592 1043 1720 1109 clericis
1736 1045 1936 1110 secularibus

573 1145 741 1229 assignari,
758 1165 797 1209 ac
818 1145 860 1210 de
885 1146 979 1210 terris
1002 1145 1092 1210 dicte
1113 1145 1254 1210 ecclesie
1277 1144 1442 1225 Anicien„
1463 1146 1632 1212 consuetis
1655 1147 1828 1214 canonicis
1851 1148 1934 1214 dicte
1975 1128 1976 1181 l

574 1248 713 1314 ecclesie
729 1248 906 1314 dumtaxat
921 1248 956 1313 in
972 1269 1066 1334 perp.
1081 1250 1158 1313 ben.
1175 1248 1257 1314 eccl.
1273 1248 1441 1333 assignari,
1454 1269 1559 1332 usque
1570 1249 1613 1315 ad
1624 1250 1774 1316 valorem
1791 1271 1853 1316 100
1865 1252 1933 1316 soli-

573 1352 691 1419 dorum
706 1373 798 1438 parv.
814 1353 938 1418 Turon.
954 1354 1102 1420 noscitur
1117 1352 1279 1419 obtinere.
1295 1394 1338 1401 —
1355 1351 1430 1418 Fiat
1447 1351 1487 1418 R.

618 1457 696 1521 Dat.
712 1456 813 1521 Avin.
831 1477 848 1536 9
865 1455 931 1522 kal.
947 1456 1021 1522 dec.
1037 1463 1069 1521 a⁰
1087 1463 1129 1539 5⁰.
1142 1456 1214 1539 (12,
1235 1455 1323 1537 111).

627 1609 765 1692 1106.
1537 1625 1631 1708 1346,
1648 1645 1687 1708 23
1705 1628 1890 1690 novembre.

618 1728 719 1814 Supp.
746 1727 895 1793 notarius
921 1735 1041 1805 vester,
1066 1724 1263 1810 Raynaldus
1278 1725 1321 1791 de
1338 1724 1430 1792 Filiis
1454 1725 1532 1794 Ursi
1550 1740 1571 1807 ¹,
1588 1735 1680 1811 quat.
1707 1727 1769 1792 sibi
1786 1748 1877 1814 spec.
1891 1748 1930 1813 gr.

574 1832 743 1911 facientes,
776 1832 886 1897 eidem
910 1830 952 1895 de
977 1850 1049 1895 can.
1075 1838 1109 1894 et
1133 1832 1225 1914 preb.
1260 1829 1343 1895 eccl.
1366 1829 1586 1911 Lincolnien„
1609 1840 1644 1895 et
1667 1831 1930 1898 archidiaconatu

574 1934 767 2020 Leycestrie
781 1935 813 1999 in
827 1934 946 1999 eadem
959 1934 1051 2012 eccl,
1064 1952 1138 1998 vac.
1151 1933 1195 1999 ad
1207 1953 1342 2018 presens
1354 1934 1444 2020 apud
1459 1934 1574 2000 sedem
1589 1943 1697 2021 apost.
1713 1955 1775 2020 per
1790 1938 1845 2002 ob.
1861 1938 1931 2001 bon.

574 2060 675 2104 mem.
698 2039 789 2104 dom.
809 2037 1011 2123 Raymundi,
1028 2036 1059 2101 S.
1078 2035 1127 2101 M.
1144 2035 1246 2102 Nove
1261 2036 1348 2103 diac.
1364 2038 1454 2104 card.
1470 2047 1490 2121 ²,
1507 2039 1636 2104 etiamsi
1652 2038 1762 2104 dictus
1778 2039 1932 2105 archidia-

578 2151 719 2207 conatus
742 2163 855 2208 curam
880 2142 1003 2206 habeat
1026 2140 1222 2222 animarum,
1246 2140 1427 2225 dignemini
1444 2141 1619 2228 providere
1634 2163 1643 2222 ς
1660 2162 1729 2207 non
1746 2144 1834 2208 obst.
1850 2140 1933 2226 quod

577 2246 686 2312 dictus
698 2245 894 2331 Raynaldus
908 2245 942 2310 in
959 2244 1127 2326 Paduam,
1147 2252 1181 2310 et
1193 2244 1384 2311 Tholetana
1407 2267 1448 2312 ac
1470 2246 1630 2312 Leodien.
1642 2246 1794 2312 ecclesiis
1817 2268 1891 2313 can.
1905 2256 1935 2311 et

577 2353 679 2435 preb„
710 2359 745 2414 et
772 2350 805 2413 in
837 2350 954 2415 eadenr
989 2349 1150 2415 Leodien.
1181 2350 1323 2417 ecclesia
1360 2350 1670 2417 archidiaconatum
1708 2360 1863 2417 curatum
1899 2352 1934 2417 de

578 2453 754 2538 Campinia
770 2463 781 2497 ³
797 2453 945 2532 obtinet;
966 2463 1000 2519 et
1024 2453 1113 2537 quod
1129 2452 1255 2519 dudum
1277 2452 1337 2519 sibi
1359 2453 1401 2519 de
1424 2475 1497 2520 can.
1521 2463 1555 2520 et
1578 2457 1669 2539 preb.
1691 2454 1844 2539 ejusdem
1859 2456 1935 2521 eccl.

578 2556 796 2637 Lincolnien.,
822 2566 905 2623 tunc
928 2577 988 2642 per
1014 2558 1069 2622 lib.
1096 2556 1357 2642 resignationem
1374 2557 1453 2624 Ursi
1480 2557 1522 2623 de
1549 2558 1624 2624 filiis
1641 2558 1730 2639 Ursi,
1747 2557 1860 2624 fratris
1882 2559 1936 2637 sui,

575 2682 659 2742 vac„
686 2661 887 2747 providistis,
912 2662 991 2726 licet
1015 2661 1147 2726 illorum
1163 2661 1409 2747 possessionem
1424 2682 1595 2745 nunqnam
1611 2662 1760 2747 potuerit
1775 2662 1915 2748 adipisci
1928 2684 1936 2740 ;

575 2786 658 2850 quos
680 2766 815 2850 quidem
839 2787 912 2831 can.
937 2775 971 2831 et
994 2767 1086 2851 preb.
1103 2773 1138 2830 et
1153 2765 1207 2849 jus
1222 2765 1284 2830 sibi
1300 2773 1498 2851 competens
1514 2765 1546 2830 in
1563 2765 1699 2848 eisdem,
1715 2776 1795 2852 post
1810 2787 1937 2832 assecu-

575 2870 701 2934 tionem
728 2870 904 2955 pacificam
932 2868 1121 2953 hujusmodi
1147 2889 1206 2953 gr.,
1233 2877 1284 2933 est
1310 2868 1501 2933 renuntiare
1527 2877 1686 2955 paratus;
1714 2889 1793 2934 cum
1820 2869 1937 2936 eodem

577 2973 755 3059 Raimaldo
770 2982 808 3038 ut
823 2973 951 3038 dictum
967 2972 1279 3038 archidiaconatum
1291 2972 1484 3057 Leycestrie
1496 2972 1598 3037 iibere
1610 2972 1769 3058 recipere,
1782 2981 1818 3038 et
1831 2974 1936 3060 ipsum

574 3098 639 3141 una
653 3098 729 3141 cum
746 3076 1018 3141 archidiaconatu
1027 3076 1069 3139 de
1081 3074 1259 3161 Campinia
1270 3083 1305 3139 et
1318 3095 1390 3140 can.
1402 3083 1436 3139 et
1447 3078 1539 3162 preb.
1552 3075 1711 3162 predictis
1721 3076 1814 3142 licite
1826 3078 1935 3142 valeat
1975 3106 1976 3160 i

573 3181 725 3261 retinere,
753 3181 914 3264 generalis
942 3179 1073 3245 concilii
1101 3189 1136 3245 et
1159 3179 1308 3262 qualibet
1331 3179 1395 3243 alia
1418 3179 1660 3245 constitutione
1683 3180 1855 3245 contraria
1872 3201 1934 3244 non
1975 3165 1976 3169 ¹

574 3287 669 3363 obst„
686 3283 927 3369 dispensantes.
944 3324 987 3332 —
1004 3283 1080 3347 Fiat
1096 3291 1130 3347 et
1147 3282 1377 3367 dispensamus
1396 3282 1436 3348 R.

617 3388 695 3452 Dat.
712 3388 811 3451 Avin.
829 3408 846 3466 9
864 3387 929 3451 kal.
945 3386 1018 3452 dcc.
1034 3396 1066 3451 a*¹
1085 3388 1125 3469 ζ’.
1143 3388 1215 3469 (12,
1238 3388 1325 3471 111).

626 3539 763 3620 1107.
1536 3552 1631 3635 1346,
1649 3551 1692 3616 26
1708 3554 1894 3617 novembre.
1974 3586 1976 3618 r

616 3656 717 3741 Supp.
735 3656 886 3735 Karolus,
905 3655 967 3720 Dei
984 3657 1090 3740 gratia
1108 3656 1140 3719 in
1160 3655 1390 3720 Romanorum
1417 3676 1531 3740 regem
1552 3657 1689 3735 electuS,
1713 3665 1749 3721 et
1765 3654 1934 3735 Gerlaeus,
1973 3650 1976 3764 J

573 3760 635 3825 Dei
652 3770 686 3825 et
703 3767 813 3825 vestra
828 3760 934 3844 gratia
950 3761 1144 3846 archiepisc.
1174 3759 1364 3844 Maguntin.
1379 3771 1399 3840 ⁴,
1426 3768 1517 3842 quat.
1545 3759 1670 3824 eisdem
1695 3759 1729 3823 in
1757 3780 1934 3845 personam

572 3863 708 3949 Rutgeri
725 3865 767 3929 de
784 3863 1028 3944 Ghenehoven,
1046 3866 1134 3944 cler„
1152 3865 1387 3929 commensalis
1412 3863 1493 3928 dicti
1519 3861 1709 3947 Maguntin.
1727 3864 1934 3949 archiepisc„
1971 3871 1976 3917 r·

570 3989 658 4053 spec.
674 3990 721 4053 gr.
738 3968 909 4047 iacientes,
935 3968 1044 4031 eidem
1069 3968 1110 4032 de
1138 3989 1212 4033 can.
1238 3977 1272 4032 et
1297 3970 1387 4053 preb.
1416 3969 1497 4032 eccl.
1525 3968 1557 4032 S.
1582 3953 1747 4044 Johannis
1763 3966 1934 4047 Leodien.,

570 4079 673 4155 spect.
691 4071 732 4135 ad
749 4072 824 4135 coll.
852 4070 953 4154 episc.
971 4070 1141 4151 Leodien.,
1157 4091 1230 4135 vac.
1254 4091 1313 4155 per
1330 4073 1383 4134 ob.
1400 4069 1572 4154 quondam
1589 4070 1766 4136 Giselberti
1783 4071 1827 4137 de
1843 4071 1934 4137 Didi·
1974 4114 1976 4121 ·

570 4174 678 4251 chem,
696 4175 750 4257 qui
768 4182 862 4238 extra
882 4174 979 4238 Rom.
996 4194 1063 4237 cur.
1089 4173 1178 4237 diem
1204 4195 1300 4238 suum
1325 4174 1447 4239 clausit
1474 4183 1670 4254 extremum,
1699 4174 1885 4240 dummodo
1901 4175 1932 4239 iu

570 4276 617 4340 eis
632 4297 700 4340 nou
719 4278 761 4340 sit
778 4277 871 4340 alteri
885 4277 938 4360 jus
955 4277 1131 4359 quesitum,
1148 4277 1332 4360 dignemini
1348 4279 1562 4363 providere...
1580 4301 1588 4358 3
1606 4299 1674 4342 non
1691 4282 1778 4344 obst.
1807 4287 1932 4345 statuto

570 4378 671 4461 ipsius
688 4380 852 4462 eccl.,quo
868 4380 977 4443 caveri
993 4380 1123 4459 dicitur,
1141 4380 1232 4463 quod
1247 4381 1328 4445 nulli
1346 4381 1387 4445 de
1403 4388 1512 4445 morte
1534 4381 1689 4447 canonici
1702 4382 1858 4463 creditur,
1871 4382 1930 4446 nisi

571 4485 728 4566 probetur
743 4503 802 4566 per
817 4482 899 4546 duos
916 4485 1164 4549 concanonicos
1181 4487 1261 4549 cccl.
1278 4493 1466 4549 memorate
1482 4508 1490 4563 ;
1516 4485 1596 4549 duur
1618 4495 1734 4550 tamen
1752 4484 1842 4550 idem
1858 4506 1929 4570 sup·

530 4614 535 4618 ·
570 4586 698 4670 plicans
715 4586 813 4650 iidem
830 4587 910 4650 alias
927 4587 1027 4651 iaciat
1044 4588 1200 4652 idoneam
1218 4588 1260 4651 (le
1284 4597 1391 4653 morte
1419 4588 1498 4653 dicti
1528 4587 1705 4652 Giselberti
1722 4610 1731 4667 ;
1760 4609 1829 4653 non
1846 4592 1927 4653 obst.

570 4690 671 4752 etianr
689 4689 778 4771 quod
793 4710 890 4772 super
903 4692 1007 4753 altare
1024 4691 1093 4755 sive
1110 4691 1235 4755 vicaria
1252 4692 1283 4755 S.
1302 4690 1451 4771 Martini,
1463 4693 1562 4755 situnr
1575 4692 1608 4755 in
1621 4693 1704 4756 eccl.
1721 4691 1753 4756 S.
1770 4690 1927 4756 Gereonis

571 4792 756 4866 Colonien.‚
773 4794 921 4857 noscitur
938 4796 1078 4878 litigare.
1095 4838 1138 4843 —
1155 4794 1232 4859 Fiat
1251 4795 1288 4859 R.

613 4897 692 4961 Dat.
710 4896 807 4960 Avin.
827 4902 843 4959 6
861 4897 925 4961 kal.
942 4899 1013 4962 (lec.
1032 4909 1065 4962 a⁰
1083 4907 1124 4981 5⁰.
1141 4902 1210 4979 (12,
1233 4905 1328 4979 112').

568 5053 818 5063 ———--—-

604 5150 622 5194 l.
644 5147 663 5192 ll
684 5147 773 5193 derint
792 5146 850 5207 plus
870 5148 927 5193 turri
948 5148 1062 5193 cardinal
1082 5147 1117 5192 ‹lu
1139 5150 1199 5195 titre
1218 5148 1249 5195 do
1268 5150 1291 5194 8²
1304 5148 1398 5196 ⁴hlrierr
1415 5164 1420 5204 ;
1439 5148 1596 5194 voir11.503.
1669 5146 1918 5196 2.voirn.1o.·6.·-
1970 5164 1976 5254 1

570 5223 590 5267 ³.
603 5220 634 5265 «lc
647 5221 741 5274 'ilicum
756 5220 787 5276 ll.
799 5222 880 5266 ulan
894 5248 903 5252 --
919 5249 921 5251 -
937 5222 957 5265 l.
972 5220 1038 5268 lion,
1057 5220 1108 5267 riu.
1123 5221 1193 5276 Bou„
1209 5222 1227 5278 l,
1241 5237 1265 5267 n.
1279 5224 1333 5269 ⁸16.
