4650 6059
960 781 1048 857 1345,
1070 782 1156 846 15-18
1179 781 1296 847 levrici.
1576 819 1579 825 ·
1759 786 1816 851 193
1877 849 1880 854 ,

1467 919 1770 1037 1345,515sevrier.

497 1054 572 1116 789.
586 1048 692 1134 Supp.
708 1048 900 1135 Stephanus
915 1047 1091 1130 Balistarii,
1106 1049 1284 1115 hostiarius
1293 1058 1413 1132 vester,
1424 1059 1516 1136 quat.
1529 1053 1621 1119 socio
1636 1074 1706 1134 suo,
1722 1053 1815 1120 sami-

470 1152 521 1215 lian‘
534 1151 625 1217 dom.
635 1151 769 1217 ducisse
785 1151 985 1237 Burgundic,
1010 1156 1088 1219 nob.
1104 1153 1177 1219 viro
1202 1153 1372 1220 Bernardo
1398 1154 1441 1220 de
1457 1155 1657 1238 Sicamilitis,
1673 1158 1715 1223 de
1741 1178 1814 1224 can.

471 1256 532 1321 eccl.
554 1254 719 1322 Leodien.
735 1259 796 1321 sub
812 1276 887 1342 exp.
904 1259 995 1343 preb.
1014 1256 1213 1343 [dignemini
1229 1258 1436 1345 providere].
1451 1258 1584 1325 —Fiat
1600 1260 1640 1326 R.

501 1359 571 1426 Dat.
584 1359 688 1427 Avin.
709 1381 745 1445 15
762 1361 831 1427 kal.
847 1369 944 1426 mart.
960 1368 993 1425 a⁰
1009 1368 1051 1444 3⁰.
1070 1362 1118 1444 (6,
1137 1364 1206 1446 34).

505 1496 619 1580 790.
964 1572 966 1575 ,
1469 1534 1564 1598 1345,
1581 1516 1623 1579 18
1630 1515 1772 1602 febrier.
1808 1555 1812 1563 ·

498 1613 593 1680 Pater
608 1615 675 1679 ΒΜ.
693 1614 779 1678 Cum
795 1614 958 1700 magistri,
968 1614 1079 1700 jur'ati,
1091 1618 1332 1700 gubernatores
1347 1624 1383 1682 et
1393 1617 1641 1698 'consiliarii'et
1657 1620 1816 1685 nonnulle

464 1718 516 1783 alie
523 1719 709 1803 singulares
719 1738 871 1802 persone,
882 1739 921 1784 ac
931 1709 1154 1784 communitas
1163 1720 1253 1806 opidi
1266 1720 1439 1805 Hoyensis
1450 1741 1566 1787 causas
1576 1723 1817 1808 apellationum

463 1843 512 1906 pro
525 1831 624 1909 parte
638 1843 698 1887 sua
711 1843 731 1886 a
742 1821 941 1906 quibusdam
954 1823 1172 1909 processibus,
1184 1831 1219 1888 et
1230 1825 1407 1889 sententiis
1420 1826 1817 1906 excommunicationum,

463 1937 489 1990 et
502 1926 672 1992 interdicti
697 1925 1030 2010 promulgationibus,
1051 1926 1237 1992 inflictione
1263 1948 1425 2013 penarum
1454 1930 1659 2019 terribilium,
1687 1939 1721 1996 et
1745 1931 1818 1996 aliis

463 2031 756 2116 aggrasationibus,
770 2029 868 2095 factis
885 2038 918 2094 et
934 2031 1020 2110 latis,
1031 2039 1068 2095 ut
1084 2030 1238 2112 creditur,
1250 2031 1415 2117 injuriose,
1425 2032 1572 2099 indebite
1588 2042 1622 2099 et
1638 2028 1773 2120 injuste,
1783 2044 1818 2099 et

462 2157 511 2220 per
521 2137 613 2202 dom.
631 2134 650 2213 J
654 2137 833 2214 ohannem,
850 2136 951 2220 episc.
969 2135 1149 2201 Forlivien.
1167 2152 1187 2217 ¹,
1212 2145 1331 2202 contra
1348 2136 1530 2223 Hoyenses
1545 2138 1703 2224 prefatos,
1717 2139 1816 2203 inter-

462 2242 638 2324 positarum
655 2239 689 2303 in
705 2239 795 2304 curia
814 2239 845 2303 S.
871 2237 910 2304 V.
936 2243 1181 2325 prosequantur
1205 2240 1376 2321 instanter,
1393 2241 1570 2307 credentes
1586 2263 1621 2307 se
1635 2245 1760 2308 bonam
1783 2251 1818 2307 et

462 2345 572 2413 iustam
589 2363 726 2409 causam
742 2342 857 2407 fovere
873 2365 881 2422 ;
903 2363 1044 2428 parsque
1060 2344 1199 2409 adversa
1225 2344 1269 2409 ad
1295 2344 1393 2424 aliud,
1412 2352 1448 2409 ut
1465 2345 1618 2426 creditur,
1635 2367 1704 2430 non
1727 2348 1819 2411 labo-

462 2459 510 2527 ret,
527 2449 591 2514 nisi
608 2456 647 2514 ut
662 2449 752 2534 ipsos
769 2448 951 2532 Hoyenses
966 2447 1103 2533 prefatis
1119 2448 1478 2513 excommunicationis
1494 2457 1535 2513 et·
1553 2448 1722 2538 interdicti
1745 2470 1819 2514 sen-

462 2553 566 2618 tentiis
601 2572 643 2617 ac
673 2552 962 2618 diffamationibus
992 2558 1026 2615 et
1057 2552 1230 2637 vituperiis
1259 2560 1375 2616 teneat
1407 2552 1608 2635 vinculatos.
1635 2552 1691 2618 Ne
1721 2554 1820 2638 igitur

462 2666 591 2743 propter
607 2658 742 2741 culpam
758 2656 817 2736 eis,
834 2665 871 2720 ut
886 2656 1036 2736 credunt,
1055 2655 1140 2721 falso
1166 2655 1369 2741 impositam,
1396 2656 1458 2741 ipsi
1476 2655 1658 2740 Hoyenses
1681 2656 1820 2741 punian-

462 2780 516 2835 tur,
532 2769 570 2825 et
584 2760 760 2829 Altissimo
775 2760 952 2825 missarum
968 2759 1118 2824 solennia
1143 2766 1178 2823 et
1202 2759 1342 2823 aliarum
1358 2759 1560 2839 orationum,
1576 2768 1611 2824 et
1626 2761 1732 2824 multa
1754 2760 1819 2824 alia

465 2864 562 2929 audis
588 2863 760 2948 preconia,
792 2864 911 2946 quibus
942 2863 1059 2928 diebus
1096 2862 1232 2946 singulis
1265 2863 1463 2948 placaretur,
1494 2863 1701 2928 cessantibus
1728 2862 1819 2943 inibi,

463 2976 593 3054 >ropter
608 2967 825 3032 interdictum
842 2967 883 3032 de
900 2967 991 3032 facto
1002 2967 1160 3052 positum,
1175 2966 1296 3048 divinis
1312 2965 1431 3032 officiis
1446 2967 1685 3031 subtrahantur
1699 2989 1706 3045 3
1723 2986 1819 3051 supp.

463 3071 628 3136 lumiliter
642 3081 677 3136 et
703 3068 827 3137 devote
855 3072 1036 3157 Hoyenses
1061 3072 1191 3157 prefati,
1214 3080 1304 3156 quat.
1331 3072 1496 3137 honorem
1521 3079 1555 3135 et
1579 3056 1820 3135 exaltationem

463 3175 558 3237 livini
586 3175 742 3254 nominis,
770 3176 893 3254 odiose,
920 3185 956 3240 ut
980 3176 1144 3255 asseritur,
1174 3175 1293 3239 ultioni
1326 3174 1583 3239 misericorditer
1605 3174 1818 3259 preferentes,

462 3292 487 3341 et
519 3282 662 3342 obtentu
693 3279 844 3362 augende
878 3280 1068 3344 devotionis
1105 3281 1231 3364 populi,
1265 3301 1328 3363 que
1361 3280 1486 3343 facilius
1524 3282 1719 3364 plerumque
1757 3278 1820 3342 hiis

463 3384 572 3447 ‚liebus
599 3384 710 3469 potius
737 3384 895 3447 minuitur
922 3405 1023 3467 quam
1048 3393 1196 3466 augetur,
1225 3383 1440 3447 interdictum
1468 3383 1498 3445 in
1532 3384 1820 3459 communitatem,

462 3487 622 3563 suburbia,
648 3487 815 3550 territoria
832 3497 866 3550 et
882 3487 1049 3551 districtus
1073 3488 1162 3573 opidi
1190 3487 1360 3571 Hoyensis
1388 3487 1471 3550 etin
1498 3488 1603 3571 ipsum
1626 3487 1761 3572 opidum
1778 3486 1820 3549 de

462 3590 549 3654 iacto
564 3611 625 3675 per
642 3590 786 3654 eundem
804 3592 905 3674 episc.
918 3594 1356 3676 promulgatum,perunum
1369 3612 1494 3654 armum
1512 3592 1694 3675 aproxime
1712 3591 1821 3654 l'uturo

463 3693 586 3757 Pasche
606 3694 741 3757 Domini
770 3693 856 3779 [die]
877 3679 1151 3779 compntandum,
1170 3695 1280 3778 quoad
1305 3715 1439 3758 omnem
1457 3695 1505 3757 sui
1523 3695 1690 3772 effectum,
1709 3694 1821 3775 (ligne-

463 3799 537 3861 mini
570 3800 746 3874 relaxare;
786 3800 960 3882 presertim
992 3821 1068 3863 cum
1098 3799 1178 3863 dicti
1217 3798 1396 3882 Hoyenses
1434 3797 1575 3861 offerant
1613 3819 1647 3861 se
1685 3804 1822 3881 paratos

463 3924 578 3967 cavere
613 3911 647 3966 et
674 3903 782 3967 facere
814 3905 926 3968 omnia
953 3915 991 3969 et
1011 3906 1149 3989 *singula
1182 3925 1245 3988 que
1272 3905 1358 3966 circa
1383 3901 1542 3986 premissa
1572 3901 1693 3963 fuerint
1725 3920 1822 3983 opor-

463 4022 538 4072 tuna
551 4031 559 4085 ;
578 4028 648 4070 non
673 4011 758 4071 obst.
782 4009 870 4090 quod
887 4029 985 4092 super
1009 4009 1177 4092 premissis
1202 4008 1255 4070 vel
1280 4008 1392 4089 aliquo
1420 4004 1600 4068 eorundem
1622 4004 1661 4067 lis
1677 4002 1822 4087 pendeat

463 4132 573 4174 coram
605 4110 644 4174 R.
673 4110 1062 4197 P.u0m.<[Gu511e1m0],
1091 4101 1249 4177 cardinali
1277 4108 1486 4174 Montisoliri
1504 4126 1525 4185 ²,
1552 4129 1592 4170 ex
1611 4107 1648 4171 t.
1672 4108 1703 4170 S.
1730 4127 1821 4170 com-

463 4216 617 4279 missione
634 4215 694 4277 sibi
712 4214 800 4278 iacta
819 4216 965 4299 speciali,
979 4218 1065 4279 inter
1081 4217 1169 4279 dom.
1183 4216 1377 4299 episcopum
1397 4212 1574 4276 Forlivien.
1588 4219 1622 4275 et
1642 4211 1822 4294 Hoyenses

463 4318 608 4400 prelatos
625 4341 632 4396 ;
651 4338 764 4382 coram
780 4340 846 4401 quo
863 4341 965 4402 usque
991 4320 1033 4384 ad
1060 4320 1234 4383 dationem
1259 4319 1360 4381 libelli
1383 4326 1417 4379 et
1434 4317 1612 4379 nonnullos
1629 4316 1712 4379 alios
1728 4323 1822 4378 actus

464 4433 509 4484 est
526 4421 690 4485 inclusive
706 4442 908 4505 processum.
922 4464 964 4470 —
980 4417 1217 4507 Suspendimus
1233 4423 1360 4486 dictum
1376 4419 1590 4483 interdictum
1618 4420 1660 4483 ad
1687 4440 1821 4497 annum,

466 4524 501 4588 R.
519 4527 571 4589 De
588 4527 795 4610 plenitudine
812 4527 989 4610 potestatis
1018 4526 1056 4589 R.
1085 4527 1127 4590 Et
1150 4526 1239 4608 quod
1261 4533 1412 4589 transeat
1438 4524 1508 4586 sine
1528 4524 1591 4586 alia
1608 4523 1762 4587 lectione.
1779 4561 1822 4569 -—

468 4627 536 4693 Fiat
556 4630 596 4693 R.

508 4734 584 4796 Dat.
601 4754 653 4816 ap.
671 4733 917 4797 Villamnovam
938 4754 973 4796 12
991 4731 1056 4797 kal.
1073 4741 1169 4797 mart.
1183 4742 1215 4796 a⁰
1233 4739 1274 4814 3⁰.
1292 4738 1341 4814 (6,
1361 4737 1443 4813 μγ).

473 4855 716 4865 ᾖ

500 4916 518 4959 l.
532 4915 655 4976 L'drbrue
666 4917 698 4963 dc
712 4917 778 4963 Forli
791 4919 860 4964 avait
875 4916 915 4963 cto
928 4916 1022 4978 ‹loputo
1035 4932 1081 4978 pm·
1094 4915 1211 4962 Clc'meut
1225 4915 1259 4960 Vl
1273 4929 1337 4975 [irim
1350 4915 1471 4960 tmnrincr
1492 4911 1527 4959 les
1546 4909 1687 4956 ditioronds
1699 4923 1823 4956 survenus

475 4998 535 5034 entre
547 4989 702 5049 l‘dvirruedc
715 4989 790 5050 Liegu
811 5000 835 5038 et
851 4991 886 5036 les
906 4992 983 5038 villus.
997 4989 1130 5036 ‹livisdsrle
1143 4990 1294 5035 sentimum<
1315 5002 1357 5034 sur
1378 4984 1591 5052 l‘iutorprdtatiou
1612 4982 1643 5029 du
1664 4982 1687 5053 lu
1710 4983 1772 5028 l'aix
1792 4981 1823 5027 de

478 5058 552 5107 l'exbo
564 5063 685 5122 (Hm-tom
705 5079 747 5125 ap.
761 5064 932 5125 Chapcavillc,
950 5063 1032 5111 Gesta.
1042 5067 1110 5125 potat,
1124 5062 1205 5119 Laod,
1220 5062 1254 5119 11,
1268 5061 1374 5107 lob-470
1388 5075 1392 5109 ;
1414 5057 1534 5104 Zantfliot
1554 5051 1595 5116 ap.
1609 5049 1694 5114 diupi
1705 5051 1778 5107 volt,
1792 5050 1822 5109 V,

480 5133 603 5194 latam:
622 5139 676 5183 roir
688 5137 818 5198 pluebant
833 5146 860 5183 n⁰
873 5140 955 5183 «naor
972 5136 1073 5198 dercz,
1091 5136 1199 5184 (labimur
1217 5135 1259 5192 Π,
1281 5148 1305 5179 n.
1319 5135 1372 5191 277,
1386 5133 1441 5178 280.
1460 5159 1491 5165 -
1515 5134 1536 5176 2.
1555 5128 1700 5174 (luilluumc
1721 5126 1823 5182 d'AUffl·

482 5207 557 5252 ancien
568 5209 631 5256 abbe
642 5209 675 5255 de
687 5208 830 5258 Montolicu
844 5212 948 5272 (Euboi,
963 5212 982 5267 l,
998 5212 1047 5271 li).

529 5296 583 5334 nnat
598 5297 644 5338 vn.
663 5297 722 5346 belg.
1755 5303 1777 5339 ¹³
