4650 6059
480 778 541 841 208
1046 772 1134 843 1845.
1158 772 1273 853 rjun.

479 925 661 1011 dignemini
689 924 884 1010 indulgere3
910 922 1185 1002 contradictores,
1210 930 1286 1003 etc,
1310 920 1605 989 consuetudinibus
1627 932 1685 988 aut
1707 925 1842 989 statutis

480 1030 682 1114 quibuslibet
696 1050 766 1095 non
782 1032 868 1095 obst.
885 1029 971 1094 utin
987 1028 1104 1093 fonua.
1120 1066 1164 1077 —
1180 1024 1257 1091 Fiat
1272 1026 1314 1092 de
1330 1048 1361 1110 4.
1380 1026 1419 1091 R.

525 1192 608 1252 835.
625 1183 713 1250 Item
728 1205 823 1270 supp.
844 1182 922 1271 [pro
938 1183 1005 1250 ind.
1022 1184 1056 1248 in
1071 1192 1133 1250 art.
1149 1184 1285 1272 mortis]
1304 1185 1391 1251 utin
1408 1185 1525 1253 fomra.
1547 1225 1579 1235 -
1600 1184 1676 1252 Fiat
1694 1186 1735 1253 R.

526 1290 613 1355 Item
638 1310 733 1375 supp.
760 1297 852 1374 quat.
876 1288 938 1354 sibi
954 1297 989 1354 et
1004 1288 1210 1354 monasterio
1225 1309 1297 1370 suo,
1313 1289 1558 1375 quodpropter
1580 1291 1842 1376 oppressionem,

482 1394 582 1459 situm
599 1393 700 1478 ipsius
719 1392 913 1459 monasterii
933 1392 1019 1458 inter
1033 1399 1203 1478 potentes,
1220 1392 1275 1478 qui
1291 1392 1334 1459 ad
1348 1395 1438 1459 bona
1463 1401 1499 1458 et
1519 1394 1594 1478 jura
1610 1393 1712 1479 ipsius
1727 1415 1844 1461 mona-

482 1498 571 1564 sterii
587 1518 706 1563 manus
718 1518 793 1563 suas
809 1498 952 1563 libenter
974 1496 1172 1577 extendunt,
1189 1504 1224 1581 et
1240 1498 1342 1562 etiam
1357 1505 1497 1583 propter
1511 1492 1644 1583 guerras
1660 1505 1711 1563 est
1728 1498 1762 1562 in
1779 1499 1844 1563 suis

478 1603 605 1688 juribus
629 1611 664 1666 et
687 1587 871 1666 redditibus
894 1601 1074 1686 plurimum
1096 1598 1310 1681 diminutum,
1327 1609 1580 1668 conservatores
1594 1610 1777 1687 perpetuos
1793 1605 1843 1666 vel

482 1706 573 1784 alias,
584 1704 767 1770 secundum
779 1693 870 1788 quod
880 1704 921 1770 V.
935 1704 1098 1791 placuerit
1110 1702 1152 1784 S,
1166 1703 1351 1770 concedere
1366 1698 1549 1789 dignemini
1562 1704 1597 1769 in
1609 1697 1716 1770 forma
1733 1706 1844 1771 conci-

482 1810 516 1874 lii
534 1809 783 1875 Viennensis·
805 1807 882 1900 Fiat
898 1807 941 1873 ad
955 1807 1135 1872 triennium
1153 1807 1193 1873 R.

528 1972 610 2031 836.
642 1963 740 2044 Item,
765 1970 802 2028 ut
827 1961 975 2027 fidelium
1001 1970 1160 2045 augeatur
1186 1959 1334 2043 devotio,
1360 1983 1455 2048 supp.
1474 1971 1566 2047 quat.
1585 1962 1741 2029 omnibus
1764 1985 1841 2029 vere

486 2069 714 2155 penitentibus
729 2075 764 2130 et
780 2066 950 2144 confessis,
967 2065 1023 2149 qui
1039 2064 1168 2130 dictum
1180 2065 1420 2131 monasterium
1436 2066 1471 2130 in
1487 2066 1622 2152 singulis
1638 2065 1669 2132 S.
1686 2065 1844 2149 Bavonis,

489 2171 554 2258 [8.]
587 2170 763 2251 Macharii,
790 2170 823 2234 S.
849 2167 1037 2234 Landoaldi
1063 2167 1150 2233 conf.
1177 2169 1350 2253 sanctique
1376 2158 1486 2234 Livini
1511 2170 1612 2256 episc.
1635 2178 1670 2235 et
1692 2171 1845 2253 martiris,

487 2297 628 2361 quorum
648 2274 786 2359 reliquie
812 2273 846 2337 in
871 2272 964 2338 dicto
989 2273 1196 2338 monasterio
1222 2273 1444 2357 requiescunt,
1469 2264 1705 2340 festivitatibus
1729 2294 1769 2340 ac
1793 2274 1846 2340 die

487 2379 756 2445 Circumcisionis
772 2377 909 2443 Domini
926 2377 1144 2458 visitaverint,
1164 2365 1302 2444 'necnon
1323 2366 1543 2444 confratribus
1565 2378 1847 2445 confraternitatis

486 2483 518 2548 S.
529 2482 639 2547 Livini
653 2503 729 2547 cum
741 2481 896 2547 omnibus
907 2480 1089 2566 peregrinis
1105 2481 1159 2565 qui
1173 2501 1287 2547 secum
1299 2482 1515 2563 fuerint,dum
1532 2482 1690 2548 feretrum
1705 2483 1847 2568 predicti

486 2586 517 2651 S.
543 2584 654 2649 Livini
679 2585 721 2650 de
745 2584 949 2649 monasterio
974 2583 1018 2649 ad
1032 2584 1154 2649 locum
1179 2584 1228 2649 sui
1253 2584 1390 2669 martirii
1406 2606 1446 2650 ac
1462 2585 1604 2670 sepulcri
1625 2575 1779 2670 portatur
1795 2589 1847 2651 vel

486 2697 674 2774 reportatur
690 2699 709 2767 ¹,
725 2697 792 2753 tres
807 2708 914 2753 annos
930 2697 965 2753 et
983 2697 1051 2752 tres
1073 2687 1302 2772 quadragenas
1323 2688 1377 2752 vel
1393 2688 1485 2769 alias
1502 2688 1684 2754 secundum
1701 2691 1793 2774 quod
1807 2690 1847 2756 V.

485 2793 646 2878 placuerit
662 2792 757 2874 sue
768 2792 925 2876 injunctis
940 2791 988 2869 eis
1003 2781 1197 2877 pernitentiis
1212 2792 1394 2877 dignemini
1407 2793 1564 2871 relaxare.
1574 2834 1618 2842 -
1631 2792 1706 2858 Fiat
1722 2793 1765 2858 de
1781 2815 1849 2860 uno

485 2917 576 2961 anno
592 2905 626 2961 et
642 2917 708 2961 una
724 2888 946 2981 quadragena.
964 2895 1004 2959 R.
1120 2969 1122 2974 ⁴
1235 2970 1237 2974 ,
1369 2968 1370 2976 ἵ

530 2998 617 3064 Item
642 3021 738 3086 supp.
763 3010 855 3084 quat.
880 3000 941 3065 sibi
967 3008 1004 3065 ut
1027 2999 1109 3064 duas
1131 3020 1293 3086 personas
1316 3000 1466 3086 ydoneas
1482 3000 1514 3064 in
1531 3001 1679 3067 notarios
1694 3002 1848 3086 publicos

485 3115 593 3189 apost.
621 3113 708 3169 auct.
735 3104 896 3189 preficere
923 3104 1035 3168 valeat
1061 3111 1096 3168 et
1123 3123 1243 3168 creare·
1265 3104 1384 3169 vestris
1413 3104 1533 3168 litteris
1560 3105 1592 3168 in
1618 3104 1724 3170 forma
1749 3106 1849 3171 solita

485 3207 527 3272 de
543 3228 632 3292 spec.
648 3208 755 3292 gratia
773 3207 957 3272 concedere
973 3206 1155 3290 dignemini
1173 3207 1378 3273 facultatem.
1394 3248 1436 3256 —
1453 3207 1528 3273 Fiat
1547 3208 1585 3273 R.

529 3308 607 3374 Dat.
625 3330 676 3395 ap.
693 3309 942 3375 Villamnovam
958 3329 974 3372 2
991 3330 1070 3390 non.
1083 3309 1151 3392 jun.
1169 3316 1203 3373 a⁰
1218 3317 1261 3393 4⁰.
1275 3311 1322 3392 (9,
1343 3311 1403 3393 19).

539 3465 651 3550 837.
884 3538 888 3546 ,
987 3543 990 3548 ,
1067 3490 1069 3493 ’
1575 3499 1669 3563 1345,
1688 3499 1706 3563 7
1716 3477 1804 3560 juin.

530 3585 631 3669 Supp.
648 3582 767 3663 Gnido,
784 3584 835 3649 tit.
852 3583 884 3654 S.
901 3582 1024 3648 Cecilie
1039 3586 1147 3667 presb.
1166 3583 1265 3663 card,
1281 3592 1372 3667 quat.
1387 3582 1609 3669 [procuratori
1620 3603 1690 3662 sun,
1702 3581 1846 3649 Matheo

418 3701 421 3706 ’
486 3688 528 3752 de
552 3687 580 3752 F
582 3688 734 3767 eukeriis,
755 3687 1079 3772 presbAmbianen.
1103 3686 1201 3764 dioc,
1219 3707 1291 3770 cap.
1307 3686 1417 3772 perp]
1436 3687 1470 3750 in
1486 3688 1568 3752 eccl.
1586 3685 1753 3755 Morinen.
1769 3696 1790 3764 ²,
1806 3685 1848 3751 de

486 3812 572 3877 pers.
603 3792 702 3856 rurali
729 3792 771 3857 de
799 3790 951 3869 Flechin,
969 3789 1137 3855 Morinen.
1165 3788 1262 3868 dioc,
1285 3791 1377 3875 cujus
1401 3790 1581 3856 redditus..
1601 3811 1636 3854 12
1661 3791 1717 3855 lib.
1745 3789 1848 3856 Paris.

486 3897 636 3960 valorem
652 3917 800 3961 annuum
817 3895 1042 3961 communiter
1058 3913 1126 3957 non
1144 3894 1321 3974 excedunt,
1338 3915 1412 3959 vac.
1430 3895 1519 3980 apud
1534 3892 1648 3958 sedern
1664 3901 1772 3978 apost.
1789 3914 1849 3979 per

486 4000 626 4063 liberam
636 3998 755 4081 resign.
768 3997 928 4062 Willelmi
939 3998 1020 4063 dicti
1031 3996 1079 4061 Le
1090 3996 1204 4076 Cirier,
1218 3998 1300 4062 alias
1315 3998 1356 4063 de
1372 3996 1513 4078 Celario,
1524 3996 1557 4061 in
1573 3997 1728 4061 manibus
1745 3996 1847 4082 ipsius

488 4101 576 4166 card.
602 4101 735 4179 factam,
752 4109 786 4165 et
802 4122 861 4186 per
877 4122 954 4166 eum
970 4101 1150 4166 admissam
1166 4100 1208 4165 de
1224 4101 1384 4166 mandato
1408 4102 1446 4167 S..
1456 4099 1495 4167 V.
1512 4101 1572 4166 sibi
1588 4100 1742 4185 primitus
1758 4101 1848 4166 facto

488 4206 624 4268 oraculo
649 4205 724 4267 vive
752 4205 854 4285 vocis,
879 4204 1059 4287 dignemini
1076 4204 1253 4289 providere
1268 4226 1276 4284 ;
1294 4225 1362 4269 non
1378 4207 1464 4270 obst.
1481 4204 1571 4288 quod
1586 4203 1711 4268 dictam
1727 4206 1847 4290 capell.

488 4307 640 4370 obtinere
666 4315 823 4371 noscatur
846 4307 1003 4390 quodque
1031 4307 1200 4391 quandam
1227 4307 1368 4390 gratiam
1383 4307 1424 4372 de
1441 4307 1551 4389 aliqua
1567 4308 1686 4391 capell.
1703 4327 1795 4392 perp.
1812 4307 1847 4371 in

489 4409 606 4473 eadem
622 4410 703 4473 eccl.
721 4408 889 4474 Morinen.
906 4414 946 4474 ab
964 4411 1081 4475 eadem
1098 4410 1129 4474 S.
1146 4409 1295 4474 noscitur
1318 4410 1509 4474 obtinuisse.
1525 4450 1567 4500 -‚
1585 4408 1661 4475 Fiat
1677 4409 1717 4474 R.

534 4512 611 4578 Dat.
627 4532 680 4597 ap.
697 4512 944 4579 Villamnovam
962 4534 979 4598 7
997 4515 1040 4579 id.
1053 4515 1123 4598 jun.
1140 4520 1173 4577 a⁰
1189 4521 1233 4596 4⁰.
1247 4514 1295 4596 (9,
1315 4514 1381 4597 20).

647 4726 656 4744 .
1578 4701 1594 4744 r
1625 4721 1627 4726 -
1741 4703 1807 4745 urar.

533 4665 641 4870 ξιῗξ
662 4784 879 4862 Sicardallrus,
905 4785 984 4848 olim
1012 4785 1100 4869 prior
1127 4784 1292 4869 prioratus
1308 4783 1338 4846 S.
1356 4782 1443 4847 Salvi
1471 4805 1576 4870 prope
1593 4697 1848 4870 IZIenIZenasl,

490 4888 685 4954 Cluniacen.
711 4889 779 4953 ord.
805 4896 838 4951 et
865 4888 950 4953 dioc.
979 4888 1206 4967 Cameracen,
1227 4896 1261 4951 et
1286 4886 1483 4953 Guillelmus
1499 4889 1540 4953 de
1557 4888 1750 4969 Clucinac0,
1767 4888 1847 4953 olim

525 5133 545 5178 l.
558 5132 607 5178 Sur
618 5138 687 5178 cotto
700 5132 842 5191 procession
854 5130 974 5178 annncllc
986 5133 1000 5177 ir
1016 5129 1326 5182 Hautcrn-Snint-Lidvin,
1339 5130 1395 5175 voir
1406 5128 1471 5174 Acta
1491 5127 1639 5175 Srrrrrfmvrm
1653 5123 1740 5185 Belpe'i
1752 5122 1848 5178 relecta,

491 5210 509 5252 t.
525 5205 570 5260 Ill,
587 5209 630 5252 127
644 5221 649 5261 ;
664 5206 771 5262 Dieritx,
787 5203 916 5250 :lifrnoirer
926 5219 972 5249 vrri·
985 5204 1009 5249 la
1025 5205 1082 5250 rifle
1093 5204 1123 5250 de
1139 5203 1221 5262 (brad,
1235 5203 1307 5260 11,2‘
1320 5208 1392 5264 port..
1406 5202 1519 5248 390-403.
1530 5227 1561 5234 -
1581 5202 1603 5246 2.
1617 5198 1849 5252 l'oirn.448,.821.
