4650 6059
1000 803 1089 883 1310,
1113 802 1198 868 11-18
1220 820 1308 868 mars.
1591 766 1593 770 ’
1783 806 1834 871 111

472 1005 518 1020 .....
536 953 670 1019 dictam
685 955 768 1020 eccl.
784 962 933 1020 curatam
949 952 991 1018 de
1007 950 1216 1038 Landingen,
1234 951 1401 1020 Morinen.
1417 953 1515 1036 dioc,
1530 954 1706 1040 providere
1721 954 1836 1040 digne-

471 1058 564 1123 mini.
581 1097 627 1108 —
643 1056 722 1123 Fiat
738 1057 779 1124 R.

511 1162 597 1228 Dat.
614 1162 716 1229 Avin.
732 1182 812 1229 non.
829 1169 928 1228 mart.
946 1167 979 1226 a⁰
995 1166 1037 1243 7⁰.
1055 1159 1124 1244 (17,
1145 1161 1249 1244 184').

523 1297 827 1381 1525-1526.
1515 1331 1611 1395 1349,
1628 1331 1668 1375 rr
1686 1333 1790 1377 mars.

513 1416 642 1502 Supp...
658 1414 776 1482 Petrus
790 1414 875 1503 Lupi
891 1415 933 1481 de
951 1414 1127 1484 Montibus
1142 1428 1162 1499 ¹,
1180 1418 1258 1482 cler.
1274 1414 1489 1481 Cameracen.
1507 1414 1604 1495 dioc,
1620 1435 1709 1499 mag.
1725 1415 1758 1480 in
1772 1424 1834 1481 art.

474 1527 505 1584 et
522 1520 557 1584 in
573 1519 754 1601 medicina,
767 1520 908 1585 nuncius
921 1519 1159 1588 Universitatis
1176 1519 1346 1600 Parisien.,
1363 1526 1455 1604 quat.
1471 1518 1576 1599 sibi...
1592 1519 1678 1604 patri
1695 1527 1730 1584 et
1742 1519 1833 1584 fratri

473 1623 538 1687 suis
554 1622 706 1708 dictique
720 1622 831 1688 fratris
845 1624 939 1689 uxori
955 1626 1092 1711 plenam
1109 1625 1199 1692 ind...
1217 1623 1402 1690 concedere
1418 1622 1609 1707 dignemini.
1625 1661 1668 1673 -
1686 1621 1762 1687 Fiat
1779 1622 1819 1689 R.

516 1726 597 1791 Dat.
614 1725 715 1792 Avin.
733 1744 750 1810 5
766 1725 811 1792 id.
826 1734 924 1792 mart.
940 1734 973 1792 a⁰
990 1735 1032 1811 7⁰.
1055 1728 1123 1811 (17,
1144 1726 1248 1812 197').

518 1866 623 1930 1526.
641 1863 765 1950 Supp...
780 1862 953 1941 Johannes
976 1863 1108 1930 Thome
1135 1864 1178 1930 de
1203 1863 1365 1930 Huesden
1380 1874 1401 1945 ²,
1425 1884 1513 1948 mag.
1539 1864 1573 1928 in
1596 1872 1667 1945 art,
1691 1864 1834 1930 nuncius

473 1963 714 2033 Universitatis
729 1966 949 2054 Parisienpro
964 1967 1102 2033 natione
1119 1966 1509 2053 Anglicana,Trajecten.
1525 1967 1622 2048 dioc,
1633 1976 1723 2052 quat.
1740 1968 1833 2034 sibi...

471 2069 512 2135 de
524 2070 698 2137 decanatu
713 2070 854 2137 ecclesie
866 2073 942 2137 coll.
959 2071 990 2137 S.
1008 2070 1147 2137 Martini
1163 2071 1397 2152 Embricensis,
1410 2071 1499 2138 dicte
1510 2071 1639 2152 dioc.,...
1651 2072 1832 2157 dignemini

471 2174 649 2258 providere
664 2198 672 2255 ;
689 2194 758 2240 non
774 2177 859 2241 obst.
876 2195 951 2241 can.
967 2188 1002 2241 et
1017 2175 1154 2242 dimidia
1177 2175 1348 2262 prebenda
1372 2174 1512 2241 ecclesie
1528 2175 1604 2241 coll.
1620 2174 1651 2241 S.
1670 2174 1718 2241 M.
1739 2178 1834 2261 Ayn-

471 2278 644 2360 curiensis,
661 2276 822 2344 Leodien.
838 2278 935 2359 dioc,
953 2299 1093 2363 quorum
1108 2280 1354 2365 possessionem
1369 2278 1520 2344 nondum
1536 2286 1587 2343 est
1602 2278 1775 2365 adeptus...
1798 2317 1828 2328 -

471 2377 552 2447 Fiat
567 2380 610 2448 R.

527 2517 825 2601 1527-1528.
1516 2553 1611 2617 1349,
1629 2553 1668 2618 15
1687 2555 1789 2598 mars.

516 2637 620 2723 Supp.
635 2636 655 2715 J
659 2637 811 2702 ohannes
825 2635 867 2702 de
883 2635 1080 2701 Wamerrua
1095 2645 1116 2716 ³,
1144 2635 1178 2700 in
1194 2656 1286 2701 sacra
1302 2635 1473 2721 theologia
1499 2636 1628 2717 doctor,
1656 2647 1748 2721 quat.
1772 2636 1831 2701 sibi

471 2742 514 2807 de
545 2762 621 2807 can.
652 2749 688 2806 et
716 2744 809 2827 preb.
839 2741 981 2807 ecclesie
1011 2738 1202 2822 Belvacen,
1233 2740 1356 2825 inqua
1386 2742 1498 2807 nullus
1524 2741 1643 2807 doctor
1672 2742 1706 2806 in
1737 2743 1833 2808 theo-

473 2843 562 2929 logia
577 2852 630 2910 est
645 2844 749 2910 modo
764 2844 1000 2931 prebendatus,
1015 2864 1089 2910 vac.
1107 2843 1198 2930 apud
1224 2844 1338 2909 sedem
1364 2852 1472 2929 apost.
1499 2864 1558 2929 per
1582 2845 1832 2930 promotionem

472 2946 514 3014 R.
531 2948 568 3013 P.
586 2947 629 3013 D.
645 2946 665 3025 J
668 2948 813 3014 ohannis
827 2947 869 3014 de
886 2947 1028 3013 Pistorio
1042 2959 1054 2991 ⁴
1069 2948 1102 3012 in
1119 2947 1314 3033 episcopum
1329 2946 1516 3013 Tridentin.
1532 2949 1632 3014 electi
1664 2957 1700 3014 et
1715 2969 1833 3024 conse-

473 3053 566 3133 crati,
582 3051 694 3117 eidem
709 3050 855 3129 Johanni
872 3072 948 3117 cum
978 3052 1133 3117 omnibus
1145 3050 1272 3136 juribus
1294 3059 1330 3116 et
1344 3051 1554 3137 pertinentiis
1569 3052 1636 3117 suis
1650 3052 1832 3137 dignemini

474 3155 660 3239 providere,
677 3176 753 3221 cum
770 3155 978 3235 inhibitione,
1002 3156 1237 3235 reservatione,
1254 3154 1391 3220 decreto
1417 3162 1451 3219 et
1478 3156 1624 3220 clausula
1648 3155 1803 3220 anteferri
1824 3179 1831 3235 ;

476 3279 542 3325 non
558 3264 644 3326 obst.
661 3261 751 3346 quod
767 3261 855 3325 idem
884 3258 1057 3336 lohannes
1072 3259 1273 3325 decanatum
1289 3280 1330 3324 ac
1345 3279 1419 3325 can.
1445 3268 1479 3325 et
1507 3263 1599 3345 preb.
1627 3262 1659 3325 in
1684 3259 1715 3325 S.
1744 3260 1832 3325 Petri

480 3363 688 3445 Casletensis,
712 3362 879 3430 Morinen.
895 3363 993 3443 dioc,
1010 3373 1044 3428 et
1061 3384 1134 3428 can.
1159 3366 1219 3428 sub
1247 3384 1322 3448 exp.
1347 3366 1439 3448 preb.
1464 3364 1498 3428 in
1524 3364 1554 3429 S.
1579 3364 1761 3429 Audomari
1789 3363 1831 3429 de

483 3466 511 3531 S.
525 3468 727 3547 Audomaro,
744 3466 834 3533 dicte
852 3466 1018 3531 lllorinen.
1035 3466 1132 3546 dioc,
1149 3486 1281 3531 necnon
1305 3486 1378 3532 can.
1395 3470 1455 3533 sub
1471 3488 1546 3553 exp.
1563 3472 1654 3553 preb.
1671 3478 1705 3534 et
1727 3468 1831 3553 digni·

481 3572 552 3637 tatis
567 3574 601 3636 in
619 3571 835 3636 Cameracen.
851 3571 1000 3636 ecclesiis
1015 3571 1163 3635 noscitur
1184 3571 1344 3650 obtinere,
1361 3591 1438 3635 cum
1465 3572 1584 3636 ceteris
1599 3593 1667 3637 non
1696 3575 1780 3638 obst.
1797 3582 1830 3637 et

485 3676 630 3741 clausulis
646 3674 829 3761 oportunis.
844 3714 887 3723 -
905 3673 980 3738 Fiat
997 3672 1037 3739 R.

522 3816 622 3879 1528.
647 3812 735 3878 Item
762 3834 856 3900 supp.
881 3812 992 3877 eidem
1017 3811 1048 3876 S.
1073 3810 1112 3877 V.
1138 3820 1219 3896 quat
1246 3812 1306 3876 sibi
1325 3833 1458 3877 necnon
1486 3812 1633 3889 Johanni
1651 3813 1692 3878 de
1724 3812 1831 3892 Mota,

486 3917 582 3998 militi,
614 3916 795 3982 Guillelmo
819 3917 889 4002 ejus
915 3916 1018 3996 fratri,
1046 3916 1207 4000 magistro
1234 3915 1414 3981 Guillelmo
1441 3916 1483 3981 de
1509 3915 1677 3996 Mesnilio,
1704 3916 1833 3993 Jacobo

487 4016 595 4102 David,
611 4021 777 4087 canonico
804 4020 835 4086 S.
862 4020 1056 4101 Audomari,
1084 4019 1232 4096 Johanni
1259 4020 1301 4085 de
1318 4018 1446 4099 Boben,
1465 4020 1628 4085 canonico
1655 4018 1833 4101 Morinen,

486 4125 633 4211 magistro
649 4124 749 4190 Petro
765 4124 808 4189 de
825 4124 990 4190 Gandavo
1006 4133 1027 4205 ⁵,
1044 4123 1063 4202 J
1067 4128 1175 4190 acobo
1191 4125 1233 4190 de
1248 4123 1478 4207 Werdresque,
1500 4124 1661 4190 Katerine
1685 4125 1727 4191 de
1754 4124 1834 4191 Cor-

485 4238 579 4309 mont,
603 4228 729 4313 Agneti
756 4228 798 4293 de
824 4226 928 4313 Hupi,
956 4229 1079 4313 Agneti
1108 4227 1155 4292 Le
1183 4227 1319 4305 Tousse,
1345 4238 1380 4292 et
1405 4226 1587 4294 Petronille
1613 4228 1769 4309 Gredine,
1795 4250 1834 4295 ac

485 4349 588 4398 eorum
605 4332 743 4398 cuilibet
759 4331 944 4397 concedere
967 4331 1149 4416 dignemini
1176 4334 1313 4417 plenam
1329 4331 1572 4416 indulgentiam
1591 4334 1740 4399 omnium
1756 4355 1833 4420 pec-

484 4445 626 4502 catorum
642 4455 778 4500 suorum
795 4442 831 4500 ut
847 4435 881 4499 in
898 4435 1014 4500 sonna.
1030 4476 1073 4485 -
1090 4435 1167 4501 Fiat
1185 4436 1224 4502 R.

517 4540 595 4605 Dat.
612 4539 712 4605 Avin.
731 4559 748 4623 3
765 4538 810 4605 id.
826 4548 922 4605 mart.
939 4547 973 4604 a⁰
990 4548 1032 4623 7⁰.
1049 4547 1118 4624 (17,
1136 4541 1237 4626 1961).

509 4726 526 4772 l.
540 4723 627 4770 Pierre
640 4722 675 4769 Le
688 4722 748 4779 Leu,
766 4722 844 4771 d'une
855 4723 953 4771 familie
961 4722 1109 4771 eolrevinule
1118 4723 1149 4771 de
1162 4723 1289 4783 11000101.
1304 4724 1436 4784 Devillcrs,
1454 4723 1553 4773 Curtul.
1566 4723 1608 4772 der
1625 4724 1755 4771 0οι11100110
1767 4725 1832 4771 IIui-

479 4801 539 4854 mut,
553 4797 598 4855 Vl,
621 4797 688 4850 880;
711 4795 816 4855 Denifle,
833 4796 955 4854 elarini„
971 4798 1004 4856 11,
1026 4800 1080 4851 317,
1098 4798 1168 4859 330).
1180 4826 1212 4832 -
1229 4801 1250 4845 2.
1264 4798 1325 4845 Voir
1344 4798 1447 4856 Denifle,
1465 4797 1587 4856 (bur'lul,
1609 4799 1642 4857 11,
1662 4801 1716 4855 1118,
1735 4801 1789 4847 315,
1802 4827 1833 4834 -

478 4871 497 4916 3.
507 4870 568 4918 Voir
579 4884 605 4917 n.
625 4872 695 4919 1511.
707 4898 740 4907 -
752 4872 774 4918 1.
786 4870 850 4918 leon
862 4871 894 4919 de
907 4871 1005 4929 l'istoio,
1020 4871 1131 4919 familior
1150 4871 1186 4918 (10
1203 4885 1269 4934 pepe
1285 4877 1310 4919 et
1329 4871 1497 4932 rdgistrnlour
1507 4872 1551 4919 (100
1563 4872 1652 4930 bullen,
1666 4872 1791 4919 chunoine
1802 4872 1834 4918 (10

479 4943 628 5005 Hougaerde
639 4945 708 5004 (voir
719 4958 744 4992 n.
758 4947 811 5002 171,
826 4945 892 5005 131),
905 4944 965 4992 cure
977 4945 1008 4993 (10
1022 4945 1127 4993 Marcou
1139 4946 1178 5006 (n.
1191 4947 1258 5006 300),
1272 4946 1397 4993 clranoinc
1413 4946 1445 4993 (10
1464 4946 1591 5004 (lambini,
1604 4946 1636 4993 (10
1656 4946 1783 5001 Buruvais,
1802 4946 1833 4992 (1(1

476 5018 498 5066 S.
510 5019 628 5066 Sauveur
638 5022 665 5064 et
677 5017 709 5064 de
728 5019 752 5065 S.
764 5018 828 5066 Jeen
847 5020 862 5065 b
878 5018 984 5066 Utrecht
998 5020 1036 5080 (n.
1049 5020 1116 5080 560),
1129 5019 1213 5080 <loyen
1228 5018 1266 5068 de,
1277 5022 1300 5067 S.
1315 5021 1455 5066 Saureura
1469 5019 1584 5076 Utrecbt,
1597 5021 1684 5081 prieur
1694 5019 1726 5065 (10
1739 5021 1762 5064 15.
1775 5019 1832 5066 Jac-

474 5107 533 5152 ques
550 5094 565 5139 a
580 5091 706 5139 Florenoe
719 5096 754 5146 (n.
765 5093 826 5139 1133
840 5109 845 5148 ;
858 5093 891 5139 01.
906 5090 1020 5152 Berliere,
1035 5094 1132 5141 1111οη1.
1143 5092 1250 5155 orrulyt,
1263 5108 1288 5140 n.
1303 5093 1369 5153 133).
1382 5093 1405 5139 ll
1423 5094 1465 5139 fut
1476 5092 1578 5140 nomme
1589 5092 1685 5152 110100
1696 5093 1728 5140 ‹lo
1740 5093 1833 5142 Trcntc

474 5167 494 5215 10
508 5169 539 5215 27
556 5166 665 5213 octobre
680 5166 741 5212 1318
760 5165 864 5226 (Eubel,
879 5166 898 5222 I,
911 5169 976 5225 525),
990 5165 1251 5229 600000105001010
1265 5167 1288 5215 le
1300 5168 1331 5214 23
1343 5166 1446 5214 octobre
1460 5167 1521 5214 1319
1534 5166 1590 5227 (ib,
1609 5166 1676 5226 135),
1689 5171 1715 5213 ct
1728 5175 1830 5213 mourut

471 5246 551 5289 arant
570 5240 593 5287 le
607 5241 638 5286 10
650 5237 744 5286 ferrier
756 5241 815 5286 1311
833 5239 908 5300 (ib).
920 5267 951 5276 -
963 5244 985 5288 5.
999 5241 1059 5287 l'oir
1071 5255 1096 5289 0.
1111 5243 1164 5288 151.
