4650 6059
574 790 636 854 200
697 801 702 810 ·
1137 787 1224 857 1845,
1247 787 1267 850 4
1289 802 1376 849 mars.

575 942 728 1008 ecclesiis
748 942 987 1007 canonicorum
1003 949 1038 1006 et
1054 939 1290 1006 canonicarum
1316 937 1523 1017 secularium,
1547 958 1682 1003 suarum
1707 938 1771 1004 civ.
1789 947 1825 1004 et
1838 939 1931 1020 dioc,

575 1046 711 1129 singulis
722 1045 871 1130 personis
880 1044 1022 1130 ydoneis
1037 1043 1079 1108 de
1096 1040 1348 1108 canonicatibus
1362 1060 1439 1107 cum
1454 1040 1664 1126 plenitudine
1674 1041 1756 1126 juris
1772 1044 1931 1124 canonici,

575 1168 707 1213 exnunc
728 1158 816 1213 auct.
842 1156 951 1233 apost.
982 1144 1190 1233 providendi,
1224 1164 1357 1211 necnon
1381 1164 1443 1229 pro
1477 1144 1613 1228 singulis
1634 1145 1797 1230 personis,
1819 1147 1934 1230 qmbus

575 1252 758 1339 providerit
784 1250 827 1316 de
850 1251 1115 1330 canonicatibus,
1131 1248 1278 1333 singulas
1293 1247 1480 1333 prebendas
1495 1256 1530 1313 et
1545 1247 1737 1332 dignitates,
1754 1250 1810 1314 vel
1825 1270 1933 1335 perso

574 1355 674 1422 natus
698 1376 756 1421 seu
783 1354 905 1435 officia,
927 1376 956 1421 c.
990 1375 1019 1420 c.
1044 1354 1099 1419 vel
1122 1374 1148 1419 s.
1172 1374 1201 1419 c.
1226 1352 1352 1417 eisdem
1368 1351 1570 1418 conferenda
1585 1352 1744 1438 personis,
1760 1352 1933 1420 donationi

573 1469 691 1546 apost,
702 1480 779 1525 cum
792 1458 1037 1545 acceptationis
1049 1456 1202 1523 clausulis
1215 1455 1404 1521 reservandi
1417 1478 1425 1534 3
1439 1455 1618 1522 inducendi
1632 1476 1765 1541 quoque
1777 1478 1934 1543 personas

573 1563 672 1649 ipsas,
697 1584 757 1649 per
780 1584 815 1628 se
839 1564 894 1628 vel
909 1563 1010 1627 alium
1027 1583 1085 1627 seu
1093 1545 1186 1627 'alios
1201 1568 1277 1640 etc,
1292 1581 1425 1625 necnon
1442 1559 1585 1625 faciendi
1611 1560 1645 1624 in
1669 1561 1806 1645 singulis
1821 1582 1934 1627 mona-

500 1703 504 1708 -
572 1668 679 1732 steriis
694 1687 967 1751 quorumcunque
983 1653 1136 1732 ordinum
1152 1666 1322 1749 utriusque
1335 1664 1609 1750 sexuS,exemptis
1624 1672 1659 1729 et
1674 1685 1742 1729 non
1759 1667 1935 1751 exemptis,

491 1791 502 1802 '⁴
572 1772 719 1837 civitatis
735 1779 770 1836 et
784 1770 926 1836 diocesis
941 1770 1175 1856 predictarum,
1195 1769 1341 1854 singulas
1355 1788 1514 1854 personas
1530 1766 1684 1853 ydoneas
1699 1768 1733 1832 in
1749 1770 1937 1835 monachos

572 1896 630 1940 seu
655 1875 835 1940 canonicos
859 1883 893 1938 et
920 1875 953 1939 in
981 1874 1108 1954 fratres,
1133 1881 1192 1938 aut
1216 1874 1400 1939 monachas
1427 1893 1485 1937 seu
1512 1864 1693 1938 canonicas
1715 1882 1774 1938 aut
1797 1894 1936 1954 sorores,

572 1999 754 2062 eorumque
773 1978 908 2062 singulis
929 1979 1114 2062 regularem
1136 1977 1298 2058 habitum,
1322 1985 1398 2057 etc,
1415 1985 1452 2041 ut
1474 1976 1508 2041 in
1529 1975 1636 2040 forma
1659 1975 1692 2040 in
1717 1977 1841 2042 talibus
1857 1998 1937 2043 con-

572 2092 692 2163 sueta;
717 2082 988 2162 contradictores,
1005 2091 1070 2147 etc.
1087 2080 1317 2146 Decementes
1343 2080 1487 2165 singulas
1507 2100 1668 2165 personas
1692 2080 1894 2165 hujusmodi,
1917 2104 1937 2147 a

571 2186 652 2252 data
675 2187 862 2252 litterarum
879 2195 1066 2252 vestrarum
1088 2205 1187 2270 super
1209 2185 1275 2251 hoc
1298 2183 1591 2263 conficiendarum,
1615 2184 1649 2248 in
1673 2185 1937 2251 canonicatuum

572 2300 606 2355 et
629 2290 875 2375 prebendarum
901 2291 1100 2377 hujusmodi,
1126 2300 1160 2357 et
1185 2289 1382 2375 regularium
1405 2289 1554 2354 locorum
1579 2289 1781 2374 receptionis
1804 2310 1937 2355 assecu-

525 2392 530 2399 “
568 2394 711 2475 tionem,
728 2394 865 2480 perinde
881 2395 1003 2461 debere
1030 2395 1180 2476 conferri,
1197 2415 1238 2461 ac
1253 2400 1266 2427 ²
1281 2392 1307 2457 si
1324 2413 1437 2458 earum
1461 2393 1597 2458 cuilibet
1619 2392 1661 2458 de
1684 2413 1758 2458 can.
1774 2395 1835 2458 sub
1860 2414 1937 2480 exp.

573 2501 675 2583 preb,
703 2506 855 2584 tempore
875 2499 966 2565 dicte
989 2500 1080 2580 date,
1105 2499 1139 2563 in
1166 2497 1325 2586 ecclesiis,
1341 2497 1375 2561 in
1398 2497 1518 2580 quibus
1542 2517 1602 2583 per
1631 2495 1759 2562 dictum
1789 2496 1936 2562 electum

571 2602 741 2686 provisum
772 2602 879 2683 fuerit,
911 2603 1072 2669 fecissetis
1100 2604 1243 2688 gratiam
1274 2600 1453 2687 specialem
1477 2611 1511 2666 et
1541 2600 1764 2667 mandassetis
1794 2600 1828 2664 in
1853 2601 1937 2666 locis

571 2706 810 2791 capitularibus
835 2727 994 2792 personas
1020 2707 1221 2772 nominatim
1247 2705 1350 2791 recipi
1377 2715 1590 2771 memoratas
1615 2704 1696 2771 Non
1723 2708 1883 2771 obstante
1910 2707 1935 2771 si

571 2810 720 2892 quelibet
735 2830 950 2895 personarum
965 2811 1113 2896 ipsarum
1129 2831 1233 2875 unum
1249 2809 1304 2873 vel
1319 2809 1386 2874 duo
1400 2808 1564 2875 beneficia
1580 2810 1819 2890 ecclesiastica,
1832 2810 1935 2874 etiam

570 2912 596 2977 si
614 2933 730 2978 eorum
746 2913 889 2978 alterum
905 2922 1057 2979 curatum
1073 2912 1180 2992 fuerit,
1198 2913 1348 2978 obtinere
1364 2923 1531 2993 noscatur,
1545 2913 1731 2979 concedere
1752 2912 1936 2997 dignemini

570 3037 631 3102 per
646 3026 775 3082 vestras
791 3018 919 3082 litteras
931 3018 1137 3098 facultatem,
1149 3101 1151 3103 q
1162 3038 1239 3082 cum
1255 3016 1327 3081 aliis
1341 3036 1410 3081 non
1427 3018 1512 3081 obst.
1529 3025 1564 3081 et
1580 3016 1735 3082 clausulis
1750 3018 1935 3102 oportunis

573 3160 616 3168 -
633 3119 711 3185 Fiat
728 3120 768 3186 R.

613 3266 695 3324 814.
714 3257 802 3322 Item
814 3280 909 3344 supp.
921 3267 1022 3342 quat,
1035 3279 1112 3323 cum
1124 3258 1242 3343 ipsum,
1253 3266 1325 3323 tam
1337 3258 1370 3322 in
1385 3259 1484 3325 Rom.
1495 3258 1585 3323 curia
1599 3278 1660 3343 pro
1672 3258 1739 3323 suis
1749 3267 1783 3323 et
1793 3259 1935 3324 ecclesie

570 3382 628 3426 sue
650 3362 793 3445 negotiis
819 3363 944 3427 utiliter
969 3361 1208 3448 promovendis
1232 3371 1266 3426 et
1294 3362 1518 3447 expediendis
1538 3382 1644 3444 >quam
1668 3369 1773 3441 extra,
1791 3382 1869 3426 cum
1893 3362 1934 3426 ad

570 3472 684 3549 partes
697 3463 866 3543 Leodien,
874 3464 975 3529 dante
989 3465 1138 3531 Domino
1150 3466 1349 3551 pervenerit,
1359 3466 1532 3551 presertim
1544 3468 1577 3529 in
1594 3484 1654 3529 suo
1665 3464 1774 3550 primo
1786 3465 1935 3550 jocundo

570 3567 718 3632 adventu
736 3567 781 3632 ad
796 3568 878 3633 eccl.
895 3567 1055 3635 Leodien.
1071 3578 1105 3633 et
1121 3577 1232 3654 partes
1248 3568 1394 3649 easdem,
1410 3589 1531 3653 magna
1547 3576 1702 3653 oporteat
1714 3568 1824 3633 subire
1835 3589 1934 3634 onera

572 3691 802 3755 expensarum,
813 3672 930 3755 adque
940 3674 1171 3758 supportanda
1183 3693 1242 3758 per
1257 3693 1292 3737 se
1308 3673 1416 3758 ipsum
1431 3693 1500 3738 non
1515 3671 1638 3737 sufficit
1653 3671 1723 3736 sine
1734 3670 1774 3737 V.
1790 3672 1934 3757 presidio

571 3774 613 3854 S,
642 3774 713 3854 sibi,
741 3795 802 3858 pro
826 3777 1081 3861 supportatione
1106 3796 1246 3841 onerum
1276 3776 1511 3861 predictorum,
1535 3776 1683 3860 petendi,
1719 3776 1874 3861 exigendi
1901 3790 1934 3842 et

571 3878 766 3963 imponendi
783 3879 937 3944 omnibus
952 3880 1113 3959 ecclesiis,
1129 3880 1341 3945 monasteriis
1357 3889 1390 3944 et
1405 3880 1478 3944 aliis
1493 3880 1584 3958 locis,
1612 3889 1647 3945 et
1663 3880 1813 3965 personis
1829 3882 1935 3946 eccle-

570 3982 719 4063 siasticis,
751 3984 952 4048 secularibus
982 3992 1016 4047 et
1047 3983 1262 4067 regularibus,
1289 4004 1564 4067 quorumcunque
1606 3983 1772 4064 ordinum,
1803 4005 1933 4049 suarum

572 4086 718 4150 civitatis
748 4096 782 4150 et
812 4087 913 4166 dioc,
945 4087 1161 4151 caritativum
1196 4087 1391 4167 subsidium,
1415 4088 1511 4172 juxta
1550 4087 1696 4173 ipsarum
1734 4087 1933 4154 facultatum

571 4189 786 4272 exigentiam,
812 4191 929 4254 saltem
955 4191 997 4255 ad
1021 4192 1169 4256 valorem
1199 4192 1295 4256 unius
1319 4191 1460 4271 decime,
1477 4191 1663 4256 concedere
1677 4190 1860 4275 dignemini
1876 4212 1935 4277 per

571 4300 699 4356 vestras
723 4294 851 4357 litteras
876 4301 964 4358 auct.
988 4302 1095 4378 apost.
1112 4294 1252 4358 liberam
1269 4294 1464 4359 facultatem
1479 4317 1487 4373 ;
1505 4294 1604 4359 certis
1620 4315 1718 4379 super
1732 4294 1799 4360 hoc
1815 4316 1934 4362 execu-

570 4396 697 4459 toribus
725 4395 924 4480 deputatis..
942 4404 1006 4460 etc.
1022 4437 1064 4445 —
1083 4396 1157 4460 Fiat
1183 4398 1216 4460 in
1244 4398 1351 4462 forma
1377 4398 1418 4462 de
1444 4398 1621 4463 caritativo
1646 4398 1802 4480 subsidio,
1825 4398 1865 4464 R.
1892 4399 1934 4463 Et

570 4499 717 4563 habeant
741 4509 945 4580 executores,
963 4509 997 4564 et
1016 4520 1083 4565 non
1100 4505 1256 4566 obstante
1272 4503 1511 4568 constitutione
1529 4501 1704 4568 Benedicti
1720 4501 1801 4583 XII,
1818 4505 1934 4590 prede·

514 4602 517 4608 ’
570 4605 710 4669 cessoris
727 4604 842 4684 nostri,
860 4603 899 4668 R.
916 4602 938 4667 ¹³.

613 4760 692 4819 815.
721 4751 810 4816 Item
836 4773 930 4837 supp.
958 4761 1050 4835 quat.
1079 4755 1150 4833 sibi,
1188 4754 1279 4837 quod
1302 4754 1419 4819 decem
1445 4755 1557 4820 clerici
1583 4755 1651 4834 sui,
1670 4754 1741 4838 ejus
1768 4754 1934 4837 obsequiis

570 4857 771 4937 insistentes,
799 4867 970 4942 presentes
997 4867 1032 4923 et
1057 4859 1193 4944 posteri,
1221 4879 1304 4942 quos
1334 4859 1479 4942 elegerit,
1505 4858 1662 4923 fructus...
1693 4858 1932 4923 beneficiorum

570 4981 703 5025 suorum
714 4962 806 5040 eccl,
820 4983 884 5045 que
896 4983 985 5027 nunc
1001 4963 1154 5027 obtinent
1167 4970 1201 5025 et
1217 4961 1435 5047 imposterum
1448 4963 1659 5042 obtinebunt,
1670 4962 1774 5027 etiam
1791 4962 1818 5025 si
1834 4961 1933 5046 dign..

601 5149 629 5207 a)
646 5148 701 5194 (lul.
715 5155 748 5196 ct.
763 5178 792 5182 v-
805 5150 834 5209 b)
850 5150 888 5196 liii
901 5165 987 5208 rrmrgo
1000 5165 1032 5195 on
1044 5165 1060 5196 n
1071 5148 1159 5209 ajouto
1176 5150 1300 5196 :Addida
1313 5167 1321 5196 :
1341 5150 1374 5196 El
1394 5149 1508 5209 babeant,
1528 5154 1579 5207 etta,
1590 5149 1649 5210 fuit
1663 5150 1748 5212 poma
1767 5150 1795 5197 in
1813 5148 1934 5213 originali

564 5237 613 5284 per
630 5222 756 5269 (firminum
770 5228 879 5269 orrxfrum
892 5225 969 5269 offrir·
980 5239 1026 5285 per
1040 5238 1075 5269 uro
1087 5222 1118 5270 P.
1135 5223 1256 5271 Germani
1268 5222 1298 5269 (le
1311 5223 1429 5271 irlandufo
1439 5238 1490 5270 eurr.
