4650 6059
894 797 897 802 ’
992 801 1080 875 1844,
1102 801 1194 868 17-22
1216 803 1345 869 octobre
1541 865 1545 870 .
1791 807 1849 873 17⁹

535 952 649 1034 744.
840 963 843 970 ’
1277 965 1280 970 “
1496 989 1514 1035 r
1513 988 1590 1056 344,
1608 988 1649 1053 17
1664 971 1803 1037 octobre.

528 1069 629 1158 Supp.
654 1067 848 1136 Florentius
869 1070 912 1136 de
934 1069 1084 1138 Barsalia
1105 1069 1325 1149 etJohannes
1339 1071 1382 1138 de
1396 1070 1602 1160 Grunighen,
1616 1073 1741 1141 milites
1754 1073 1846 1142 dom.

494 1174 618 1241 comitis
642 1171 840 1255 Hannonie,
854 1172 1045 1261 Trajecten.
1072 1173 1171 1257 dioc,
1195 1194 1236 1256 ap
1252 1173 1430 1242 Elizabeth
1445 1183 1481 1243 et
1496 1175 1683 1258 Elizabeth,
1699 1176 1846 1264 ipsorum

495 1278 654 1363 conjuges,
676 1297 814 1344 necnon
840 1275 1014 1355 Johannes
1039 1278 1083 1345 de
1108 1277 1281 1364 Stenghen
1306 1286 1343 1345 et
1366 1277 1497 1362 Paulus,
1513 1279 1600 1352 tilius
1627 1279 1783 1366 Hugonis
1804 1281 1847 1348 de

496 1379 689 1467 Crunighen,
719 1379 883 1466 armigeri,
913 1389 949 1448 et
978 1380 1157 1467 Vulquina,
1188 1381 1338 1470 ejusdem
1374 1382 1469 1450 Pauli
1505 1404 1598 1465 uror,
1620 1384 1711 1452 dicte
1747 1384 1846 1466 dion,

499 1493 580 1570 quat.
605 1485 686 1572 ipsis
700 1483 769 1551 ind.
784 1482 820 1550 in
834 1483 953 1550 mortis
966 1491 1028 1551 art.
1044 1483 1230 1552 concedere
1244 1483 1427 1571 dignemini
1444 1495 1464 1552 ¹.
1478 1525 1523 1537 —
1538 1484 1616 1553 Fiat
1632 1485 1673 1553 R.

530 1587 609 1655 Dat.
623 1588 726 1654 Avin.
745 1591 784 1653 16
798 1586 866 1654 kal.
881 1605 960 1654 nov.
975 1594 1009 1654 a⁰
1025 1574 1068 1672 3⁰.
1084 1589 1131 1671 (7,
1148 1590 1230 1674 25').

536 1743 652 1828 745.
1494 1777 1590 1843 1344,
1606 1779 1648 1823 aa
1663 1760 1802 1825 octobre.

484 1913 486 1917 .
531 1859 592 1927 B*-
606 1869 715 1948 pater.
730 1859 928 1948 supplicato
942 1880 1049 1948 nuper
1063 1861 1095 1927 S.
1111 1859 1152 1928 V.
1167 1881 1229 1948 per
1243 1859 1422 1948 Rigaldum
1436 1860 1480 1929 de
1494 1861 1697 1948 Avrigniaco
1710 1873 1732 1944 ²,
1748 1862 1848 1930 scuti·

500 1964 591 2032 ierum
606 1965 753 2052 coquine
768 1964 896 2032 domini
911 1965 997 2052 regis
1006 1964 1163 2047 Francis,
1174 1973 1214 2032 ut
1228 1985 1306 2033 oum
1321 1965 1341 2045 J
1343 1965 1480 2032 ohanne
1494 1966 1538 2034 de
1553 1965 1645 2034 Crolr
1656 1974 1692 2034 et
1704 1965 1848 2034 Matilde

498 2067 729 2150 deColesbert,
744 2067 913 2136 nobilibus
929 2066 1096 2143 Morinen.
1111 2069 1224 2150 dioc.;
1245 2069 1301 2154 qui
1318 2067 1470 2137 Matildis
1485 2069 1565 2137 olim
1581 2070 1790 2157 impregnata
1805 2073 1848 2137 ab

499 2171 609 2239 eodem
640 2170 810 2254 Johanne,
837 2179 872 2238 et
899 2170 1074 2250 Johannes
1098 2173 1294 2259 perterritus
1318 2172 1418 2239 minis
1445 2179 1460 2208 ⁸
1487 2173 1671 2241 amicorum
1700 2173 1850 2262 predicte
1898 2237 1904 2244 .

456 2331 459 2340 .
497 2274 651 2358 Matildis,
668 2278 742 2364 ipso
763 2274 922 2356 Johanne
943 2276 1115 2343 nobilioris
1129 2283 1165 2342 et
1179 2275 1380 2363 potentioris
1393 2271 1525 2362 generis
1538 2263 1764 2359 existentium,
1787 2277 1850 2364 ipsi

494 2379 637 2459 Jobauni
664 2382 825 2448 mortales
851 2380 986 2448 insidias
1007 2381 1202 2468 parantirnn
1225 2379 1260 2476 l,
1275 2381 1451 2468 ipsumque
1477 2381 1735 2450 certificantium
1759 2381 1851 2466 quod

493 2485 720 2571 proculdubio
731 2484 840 2572 ipsum
851 2484 1088 2566 interficerent,
1100 2484 1162 2550 nisi
1174 2485 1283 2572 ipsam
1296 2482 1467 2552 Matildim
1481 2485 1645 2572 reciperet
1655 2485 1691 2552 in
1700 2505 1850 2566 uxorem,

490 2589 633 2658 scientes
658 2596 776 2655 tamen
802 2588 891 2673 quod
918 2581 1088 2673 quondam
1113 2588 1252 2675 Egidius
1274 2590 1318 2655 de
1341 2590 1424 2675 Ays,
1446 2589 1538 2656 dicte
1559 2587 1851 2675 Matildis-primus

490 2695 639 2775 maritus,
663 2693 775 2760 eidem
789 2690 938 2772 Johanni
959 2691 993 2757 in
1011 2700 1134 2777 quarto
1156 2691 1457 2778 consanguinitatis
1476 2692 1592 2778 gradn
1616 2692 1697 2760 dum
1711 2692 1850 2773 viveret,

486 2800 654 2865 attinebat
667 2820 677 2879 ;
698 2796 837 2864 sednon
852 2795 1028 2862 credentes
1040 2795 1130 2880 quod
1145 2795 1213 2862 hoc
1227 2795 1388 2864 inter-eos
1395 2795 1648 2864 matrimonium
1663 2795 1850 2883 impediret,

486 2912 664 2988 tamquam
690 2899 859 2987 simplices
882 2906 917 2966 et
936 2899 1018 2984 juris
1039 2897 1153 2985 ignari,
1169 2899 1423 2967 matrimonium
1437 2899 1641 2967 adinvicem
1656 2900 1690 2965 in
1705 2900 1850 2984 quadarn

484 3007 628 3094 capella,
642 3003 854 3093 presentibus
868 3001 983 3069 multis
996 3002 1113 3070 amicis
1127 3003 1299 3088 utriusque
1320 3004 1435 3092 partis,
1454 3024 1516 3091 per
1529 3006 1632 3070 verba
1645 3003 1689 3070 de
1703 3001 1850 3091 presenti

485 3115 740 3188 contraxenmt,
767 3115 802 3171 et
826 3126 868 3171 ex
895 3106 968 3192 ipso
990 3107 1209 3173 matrimonio
1230 3115 1299 3172 tres
1326 3106 1411 3173 filios
1432 3106 1543 3173 adhue
1564 3107 1723 3172 viventes·
1740 3125 1850 3172 susce·

486 3221 610 3297 petunt
625 3235 634 3292 ;
651 3211 752 3297 quod,
764 3209 953 3295 hujusmodi
969 3230 1036 3275 non
1054 3213 1139 3277 obst.
1152 3210 1295 3290 deiectu,
1312 3211 1393 3277 dicti
1406 3210 1425 3287 J
1428 3210 1581 3276 ohannes
1597 3218 1631 3276 et
1649 3209 1799 3276 Matildis
1814 3210 1848 3273 in

483 3316 532 3382 sic
549 3324 727 3382 contracto
749 3312 964 3380 matrimonio
987 3314 1078 3380 licite
1094 3322 1131 3379 ut
1147 3315 1306 3399 conjuges
1328 3335 1525 3400 permanere
1547 3317 1709 3395 valerent,
1732 3314 1848 3399 digna,-

483 3434 576 3486 retur
600 3429 691 3485 auct.
718 3428 826 3504 apost.
846 3400 1049 3506 dispensare,
1065 3426 1100 3483 et
1115 3418 1302 3504 predictam
1317 3421 1446 3504 prolem
1466 3420 1651 3504 legitimam
1666 3418 1846 3497 nunciare;

483 3535 596 3590 vestra
626 3523 835 3589 sanctissima
864 3544 984 3588 manns
1014 3521 1295 3607 supplicationem
1329 3543 1426 3608 super
1462 3523 1620 3609 predictis
1657 3530 1845 3609 porrectam

481 3628 628 3713 signarit
650 3627 714 3692 hiis
736 3627 845 3692 verbis
865 3647 872 3692 :
890 3648 909 3690 t
926 3625 1002 3691 Fiat
1024 3646 1084 3711 per
1106 3625 1345 3710 dyocesanum,
1361 3627 1524 3711 separatis
1540 3627 1583 3692 ad
1598 3635 1741 3712 tempus,
1756 3629 1846 3690 bona

481 3730 672 3817 penitentia
688 3730 749 3796 sibi
766 3730 924 3815 injuncta,
941 3737 975 3793 et
991 3738 1168 3794 teneantur
1183 3729 1321 3796 fundare
1331 3739 1365 3795 et
1375 3730 1491 3796 dotare
1507 3752 1607 3796 unam
1623 3730 1842 3816 capellaniam

480 3836 523 3901 de
542 3856 583 3900 20
599 3835 656 3900 lib.
673 3834 774 3899 annui
789 3834 938 3901 redditus
953 3833 1031 3899 hinc
1046 3834 1088 3899 ad
1103 3834 1274 3910 biennium
1291 3856 1321 3899 n.
1334 3834 1468 3915 Verum,
1481 3834 1537 3899 8ῐῃο
1548 3843 1652 3921 pater,
1669 3855 1745 3899 cum
1761 3832 1841 3897 dicti

480 3940 658 4017 Johannes
682 3947 718 4004 et
752 3937 902 4005 Matildis
929 3938 995 4003 sint
1021 3939 1128 4023 parati
1156 3939 1190 4002 in
1226 3939 1380 4004 omnibus
1406 3939 1454 4003 eis
1490 3938 1701 4025 possibilibus
1726 3945 1842 4001 sancte

480 4045 600 4110 matris
616 4043 768 4110 Ecclesie
784 4041 919 4108 obedire
943 4042 1120 4123 mandatis,
1142 4043 1271 4129 ipsique
1295 4047 1398 4108 ambo
1423 4043 1530 4123 simul,
1554 4043 1587 4106 in
1614 4042 1660 4106 rei
1687 4041 1841 4121 veritate,

471 4168 550 4214 non
565 4148 717 4213 habeant
731 4147 765 4212 in
781 4145 899 4211 a'nnuis
913 4146 1083 4232 perpetuis
1098 4146 1281 4212 redditibus
1302 4147 1389 4212 ultra
1406 4167 1446 4212 20
1467 4147 1533 4228 lib,
1549 4154 1585 4211 et
1604 4146 1652 4211 sic
1674 4166 1742 4211 non
1765 4164 1841 4231 pos-

481 4257 557 4315 sent
581 4249 772 4334 aliqualiter
793 4249 931 4316 fundare
955 4270 1018 4315 nec
1041 4249 1158 4316 dotare
1182 4251 1300 4336 capell.
1323 4250 1556 4330 antedictam;
1580 4271 1676 4337 supp.
1699 4249 1840 4336 predicti

479 4352 655 4429 Johannes
681 4360 716 4417 et
743 4350 904 4432 Matildis,
943 4361 1035 4436 quat.
1071 4353 1113 4420 ad
1137 4353 1297 4419 evitanda
1323 4355 1493 4435 scandala,
1519 4354 1676 4440 pericula,
1705 4374 1840 4438 guerras

481 4464 516 4521 et
540 4455 733 4535 homicidia,
759 4476 824 4540 que
851 4456 937 4521 inter
964 4457 1091 4523 amicos
1112 4457 1259 4543 ipsorum
1283 4479 1324 4523 ex
1347 4458 1501 4538 divortio,
1517 4458 1543 4523 si
1560 4459 1655 4523 fieret
1670 4458 1756 4522 inter
1771 4478 1839 4538 eos,

481 4560 705 4626 verisimiliter
742 4568 967 4645 sequerentur,
1000 4560 1043 4627 de
1080 4562 1222 4627 uberiori
1259 4561 1483 4627 misericordie
1520 4561 1621 4642 d0n0,
1658 4561 1839 4646 dignemini

480 4664 528 4729 eis
542 4663 731 4751 predictam
747 4665 912 4751 capellam
928 4664 1135 4730 fundandam
1150 4666 1330 4747 remittere,
1347 4673 1383 4730 et
1397 4665 1479 4730 alias
1493 4664 1536 4731 de
1551 4664 1709 4751 predictis
1724 4684 1839 4729 eorum

480 4767 653 4854 perpetuis
678 4766 869 4848 redditibus,
895 4790 978 4854 quos
1005 4769 1038 4833 in
1064 4771 1241 4835 voluntate
1271 4778 1306 4835 et
1335 4769 1553 4856 dispositione
1576 4768 1616 4835 V.
1641 4769 1672 4835 S.
1704 4768 1841 4834 omnino

478 4871 667 4952 dimittunt,
694 4871 750 4957 pie
775 4880 811 4937 et
833 4872 1090 4939 misericorditer
1106 4873 1270 4954 ordinare,
1286 4873 1335 4938 ita
1350 4878 1477 4953 tamen,
1493 4874 1519 4938 'si
1536 4874 1658 4960 placet,
1675 4872 1765 4958 quod
1779 4872 1841 4959 ipsi

510 5061 540 5120 a)
557 5058 616 5108 (Μ.
628 5059 713 5106 unius.
724 5086 757 5093 -
772 5059 803 5119 b)
818 5058 875 5107 (bd.
887 5065 1031 5123 parentum.
1053 5083 1056 5088 ·

514 5245 537 5293 1.
553 5242 635 5298 Brom.
650 5245 670 5302 1,
683 5259 709 5293 n.
723 5246 868 5293 1124-1125.
881 5273 913 5280 -
925 5247 949 5294 2.
961 5245 1023 5293 Voir
1034 5260 1059 5295 n.
1072 5247 1127 5295 ilo.
