4650 6059
480 793 521 857 42
967 787 1053 861 1342,
1077 786 1154 849 rou
1178 786 1354 865 septembre.

480 940 571 1019 diati,
589 940 620 1003 S.
637 937 676 1002 l'.
693 938 953 1024 supplicavimus
977 937 1147 1001 humiliter
1174 944 1208 1000 et
1235 935 1358 1000 devote
1375 943 1467 1019 quat.
1483 935 1672 1019 hujusmodi
1689 938 1843 1020 gratiam,

479 1044 663 1110 secundum
679 1041 820 1107 formam
835 1042 1020 1106 litterarum
1037 1040 1272 1125 predictarum,
1287 1038 1453 1104 mutando
1469 1038 1512 1104 ad
1529 1038 1569 1104 R.
1586 1038 1623 1104 P.
1639 1040 1730 1105 dom.
1742 1042 1844 1127 episc.

481 1149 709 1228 Cameracen.,
734 1147 795 1212 sibi
822 1146 1003 1229 dignemini
1036 1145 1263 1224 confirmare3
1292 1141 1482 1208 cumidem
1508 1142 1598 1208 dom.
1629 1143 1731 1228 episc.
1761 1144 1846 1209 Tor·

481 1272 599 1317 nacen.
614 1252 646 1315 in
659 1249 863 1315 beneficiiss
875 1272 914 1330 c.,
927 1249 1157 1335 spectantibus
1168 1247 1212 1312 ad
1227 1248 1297 1331 ejus
1315 1247 1390 1312 coll.
1407 1267 1465 1311 seu
1480 1246 1718 1332 provisionem,
1734 1248 1846 1313 tenuis

481 1356 565 1435 sit...,
577 1355 691 1419 taliter
700 1353 935 1439 supplicationi
953 1362 1066 1419 nostre
1077 1372 1224 1416 annuere
1239 1350 1433 1434 dignemini,
1447 1358 1483 1414 ut
1500 1348 1589 1413 idem
1606 1351 1694 1430 cler,
1706 1350 1761 1434 qui
1772 1353 1846 1416 nul-

481 1459 549 1523 lum
565 1462 641 1523 ben.
658 1459 739 1523 ecel.
756 1458 868 1522 extitit
892 1466 1072 1536 assecutus
1096 1455 1243 1521 securius
1258 1463 1292 1519 et
1308 1454 1463 1520 devotius
1479 1452 1554 1519 Deo
1569 1453 1717 1538 propitio
1732 1455 1846 1521 valeat

481 1561 632 1626 famulari
653 1583 661 1641 ;
688 1560 743 1644 qui
766 1560 910 1645 dirigens
926 1569 1023 1626 actus
1038 1559 1069 1623 S.
1087 1558 1126 1624 V.
1142 1579 1300 1643 prospere
1317 1567 1493 1623 conservet
1509 1558 1601 1622 illam
1616 1579 1676 1643 per
1691 1567 1847 1645 tempora

480 1665 640 1748 longiora.
653 1706 696 1713 -
714 1664 788 1729 Fiat
804 1664 847 1729 ad
863 1665 938 1729 coll.
955 1664 1055 1749 episc.
1079 1662 1295 1728 Cameracen.
1312 1682 1416 1745 usque
1432 1661 1476 1727 ad
1488 1683 1654 1727 summam
1672 1683 1714 1747 40
1731 1664 1788 1729 lib.
1807 1664 1847 1729 R.

525 1767 604 1833 Dat.
621 1789 672 1853 ap.
689 1767 939 1833 l'illamnovam
958 1788 974 1851 5
993 1767 1033 1832 id.
1057 1774 1142 1851 sept.
1159 1776 1193 1830 a⁰
1213 1775 1251 1830 1⁴¹.
1269 1766 1282 1848 (
1287 1764 1312 1845 Ι,
1334 1766 1410 1849 187)

531 1889 646 1970 202.
1442 1918 1536 1982 1342,
1555 1918 1595 1962 ro
1610 1900 1804 1985 septernbre.

525 2006 613 2089 Sign.
630 2006 661 2069 S.
678 2003 718 2069 V.
735 2004 836 2068 vestri
854 2012 1005 2070 oratores
1015 2002 1199 2087 capitulum
1210 2001 1292 2068 eccl.
1303 1999 1464 2068 Leodien.
1477 2001 1568 2085 quod
1579 2003 1670 2082 olim,
1682 2003 1754 2087 jam
1770 2014 1849 2068 suut

481 2109 627 2192 quinque
643 2108 733 2186 anni,
750 2128 823 2172 can.
840 2117 874 2171 et
891 2109 982 2192 preb.
1010 2105 1208 2171 sacerdotali
1232 2125 1292 2191 per
1307 2108 1362 2170 ob.
1378 2104 1549 2188 quondam
1572 2126 1660 2191 mag.
1676 2095 1848 2171 Guillelnli

483 2211 525 2277 de
541 2210 704 2276 Stoklrem
721 2220 739 2287 ¹,
756 2210 856 2295 ipsius
880 2210 962 2274 eccl.
990 2229 1075 2289 can,
1092 2208 1300 2288 vacantibus
1328 2228 1404 2273 ven.
1434 2216 1532 2294 pater
1557 2208 1647 2274 dom.
1671 2209 1850 2295 Adolphus

484 2315 584 2399 episc.
613 2312 772 2377 Leodien.
799 2312 906 2378 dictas
934 2332 1008 2377 can.
1025 2320 1059 2376 et
1075 2314 1168 2397 preb.
1185 2312 1258 2376 viro
1273 2311 1416 2396 provido
1431 2320 1466 2376 et
1481 2312 1626 2377 discreto
1652 2312 1743 2377 dom.
1768 2312 1848 2378 Gui-

484 2415 563 2482 doni
579 2415 621 2479 de
638 2414 820 2481 Chamoir'
836 2419 943 2501 presb.
971 2425 1059 2481 auct.
1087 2415 1252 2481 ordinaria
1280 2415 1424 2480 contulit
1440 2424 1475 2480 et
1490 2415 1637 2501 providit
1664 2417 1707 2481 de
1734 2416 1800 2481 illis
1814 2425 1849 2482 et

485 2522 724 2602 subsequenter
745 2540 808 2585 nos
830 2528 968 2606 propter
993 2520 1095 2605 ipsius
1120 2519 1356 2585 sufficientiam
1372 2528 1407 2584 et
1430 2519 1654 2606 aptitudinem
1671 2520 1850 2587 adcanto

485 2623 569 2687 riam
585 2623 725 2688 ecclesie
741 2624 890 2709 predicte
903 2624 1118 2708 postmodum
1131 2632 1313 2689 vacantem
1329 2632 1363 2687 et
1379 2622 1513 2687 solitam
1526 2623 1693 2689 canonico
1708 2625 1851 2690 ecclesie

484 2727 635 2810 predicte
649 2727 826 2793 dumtaxat
838 2727 1006 2811 assignari,
1015 2726 1235 2805 concorditer,
1248 2735 1347 2810 prout
1359 2726 1403 2790 ad
1413 2746 1475 2789 nos
1487 2728 1676 2811 spectabat,
1689 2727 1851 2812 elegimus

484 2841 519 2895 et
535 2832 700 2896 electione
727 2830 914 2916 hujusmodi
943 2830 1154 2909 confinnata,
1181 2829 1291 2895 dictos
1318 2850 1392 2893 can.
1420 2836 1455 2893 et
1482 2830 1573 2913 preb.
1601 2837 1636 2894 et
1661 2831 1851 2896 cantoriam

485 2943 608 3001 extunc
623 2935 764 3021 pacifice
780 2942 814 2999 et
830 2934 942 3018 quiete
958 2936 1047 2998 bona
1071 2933 1136 2998 fide
1163 2932 1320 3017 possedit,
1337 2941 1371 2996 et
1386 2932 1465 2997 licet
1487 2932 1621 3018 penitus
1644 2932 1741 2998 fuerit
1758 2934 1851 3019 igno

485 3046 595 3102 ratum
611 3039 702 3122 quod
716 3038 825 3104 dictus
841 3037 1055 3102 Guilhennus
1070 3036 1217 3100 extiterit
1233 3035 1320 3100 sedis
1335 3044 1443 3121 apost.
1461 3057 1546 3121 cap,
1557 3044 1591 3101 et
1603 3057 1780 3120 nunquam
1790 3059 1852 3124 pro

484 3142 544 3206 tali
561 3162 595 3206 se
618 3142 755 3226 gesserit
780 3141 893 3205 necin
911 3141 1028 3205 habitu
1056 3140 1307 3224 capellanorum
1335 3133 1536 3205 elicte'sedis
1560 3139 1742 3221 incesserit,
1772 3142 1851 3226 quia

484 3253 599 3307 tamen
616 3242 716 3325 aliqui
733 3243 775 3307 de
790 3263 881 3309 novo
897 3243 1043 3308 referunt
1059 3243 1168 3328 ipsum
1192 3242 1423 3307 Guilhennum
1440 3264 1514 3329 cap.
1531 3242 1629 3309 fuisse
1645 3244 1736 3310 dicte
1753 3245 1850 3326 sedis,

485 3365 579 3430 supp.
591 3343 672 3409 dicti
686 3345 870 3430 capitulum
882 3346 972 3430 quod
988 3367 1064 3412 cum
1079 3346 1149 3431 ipse
1162 3345 1273 3412 Guido
1286 3346 1328 3411 sit
1340 3347 1481 3413 ecclesie
1497 3347 1646 3432 predicte
1656 3367 1851 3414 accommo-

484 3450 545 3515 dus
561 3459 595 3513 et
611 3458 710 3534 aptus
725 3470 784 3535 pre
800 3450 875 3515 aliis
890 3450 934 3515 ad
950 3449 1099 3515 officium
1116 3451 1267 3516 cantorie
1283 3450 1354 3531 sibi,
1372 3471 1471 3533 quem
1488 3453 1616 3516 bonum
1630 3459 1665 3515 et
1677 3451 1850 3537 ydoneum

485 3576 525 3618 ex
541 3552 699 3618 laudabili
717 3553 973 3618 conversatione
989 3562 1167 3634 noverunt,
1180 3562 1268 3618 auct.
1286 3561 1393 3638 apost.
1411 3553 1596 3619 concedere
1612 3554 1797 3639 dignemini
1813 3565 1851 3621 ut

484 3657 592 3723 dictos
608 3677 681 3721 can.
698 3665 732 3722 et
748 3660 840 3742 preb.
857 3658 1114 3738 sacerdotalem,
1139 3659 1242 3722 etiam
1260 3658 1285 3723 si
1302 3658 1410 3723 dictus
1434 3657 1646 3724 Guilhennus
1661 3658 1761 3724 fuerit
1776 3680 1851 3747 cap.

484 3761 573 3826 dicte
589 3760 685 3841 sediS,
703 3761 793 3844 quod
808 3762 953 3827 nescitur
969 3783 1030 3847 pro
1046 3769 1149 3841 certo,
1167 3761 1272 3846 possit
1287 3762 1377 3826 licite
1393 3762 1546 3842 retinere,
1563 3783 1631 3828 non
1648 3764 1734 3828 obst.
1757 3764 1850 3829 dicta

484 3863 635 3928 cantoria
651 3883 753 3947 quam
769 3864 909 3930 obtinet.

528 3967 635 4035 Fiat...
654 3967 704 4049 R.,
721 3977 755 4034 et
772 3968 798 4034 si
814 3969 869 4033 ille
886 3968 1099 4034 Guilhennus
1116 3969 1213 4033 fuerit
1230 3990 1315 4055 cap,
1331 3968 1423 4035 dicto
1440 3969 1583 4034 Guidoni
1600 3969 1643 4034 de
1658 3969 1759 4036 dictis
1774 3990 1849 4037 can.

484 4079 518 4134 ct
533 4075 625 4155 preb.
641 4073 857 4156 providemus
872 4073 913 4138 de
929 4093 1029 4137 novo
1049 4073 1087 4136 R.

528 4173 607 4237 Dat.
624 4194 676 4258 ap.
695 4174 946 4242 Villamnovam
964 4200 982 4259 4
1001 4175 1043 4240 id.
1060 4184 1144 4260 sept.
1161 4185 1195 4239 a⁸¹
1216 4186 1254 4239 1⁰.
1272 4175 1315 4257 (l,
1337 4179 1438 4259 188⁸).

535 4292 651 4377 203.
1440 4327 1534 4390 1342,
1552 4329 1592 4372 rr
1613 4311 1806 4396 septetrrbre.

527 4411 628 4495 Supp.
654 4409 830 4475 Durandus
845 4408 887 4474 de
903 4408 932 4472 T
934 4409 1064 4493 liyerno
1091 4408 1196 4488 miles,
1213 4408 1303 4473 dom.
1320 4409 1361 4474 de
1378 4409 1551 4493 LiniliacO,
1567 4421 1655 4496 quat.
1672 4411 1850 4496 [Michaeli

486 4511 646 4593 Laroclia,
663 4512 740 4576 cler.
757 4510 1007 4576 Claromonten.
1024 4511 1121 4591 dioc,
1138 4515 1240 4595 mag]
1252 4513 1431 4578 liberorum
1448 4535 1592 4596 suorum,
1608 4516 1743 4581 (leben.
1767 4518 1849 4583 eccl.

484 4615 526 4680 ad
542 4616 617 4681 coll.
634 4615 828 4701 archiepisc.
846 4614 1039 4681 Narbonem.
1056 4615 1237 4699 dignemini
1256 4618 1441 4701 providere,
1455 4619 1509 4683 vel
1526 4618 1568 4683 ad
1591 4619 1667 4684 coll.
1681 4619 1801 4705 prioris
1816 4628 1849 4684 et

485 4740 582 4784 conV.
599 4720 630 4784 S.
649 4718 785 4784 Martini
812 4720 854 4785 de
871 4719 1006 4804 Campis
1023 4720 1053 4782 in
1071 4720 1228 4783 suburbio
1245 4719 1412 4800 Parisien,
1430 4723 1483 4786 vel
1501 4723 1533 4786 in
1551 4724 1631 4787 eccl.
1645 4722 1676 4787 S.
1688 4721 1850 4807 Vaburgis

487 4822 674 4903 Furnensis,
694 4821 860 4888 Morimen.
877 4822 963 4888 dioc.
980 4864 1023 4873 —
1040 4822 1114 4888 Fiat
1132 4822 1172 4887 R.

529 4926 607 4992 Dat.
624 4948 677 5012 ap.
694 4926 939 4993 Villamnovam
958 4949 975 5011 3
993 4928 1035 4993 id.
1053 4936 1136 5014 sept.
1153 4935 1187 4993 a⁰
1207 4937 1245 4994 1⁰.
1264 4928 1307 5011 (l,
1329 4931 1404 5014 194)

519 5067 540 5114 l.
559 5066 598 5114 Cf.
618 5066 650 5113 do
674 5066 769 5125 'l'lreux,
791 5066 826 5124 ll,
848 5069 895 5123 il:
919 5068 1049 5124 Bormane,
1067 5067 1136 5115 (lert.
1158 5067 1184 5115 S.
1206 5067 1334 5124 Jarmlwvt,
1357 5069 1402 5128 ll',
1424 5072 1473 5127 203
1493 5069 1640 5129 Serrorland,
1663 5069 1757 5119 Iller'a.
1782 5068 1848 5120 lsi-b..

487 5154 511 5187 n.
526 5142 638 5188 1⁴328.—
657 5142 678 5187 2.
691 5141 750 5200 (luy
767 5140 799 5187 de
812 5140 948 5189 Charncux
960 5141 1004 5200 (cl.
1025 5141 1122 5189 Kirsclr.
1142 5140 1217 5199 Keil,
1236 5145 1294 5201 26ιὶ)
1315 5144 1355 5190 lut
1374 5143 1433 5206 plus
1450 5144 1508 5191 tavd
1529 5145 1680 5206 vico-doyen
1698 5149 1726 5193 et
1746 5146 1849 5194 chantre

487 5213 629 5272 (llormane,
644 5213 687 5270 lv,
707 5214 729 5272 7,
743 5215 793 5271 bo;
812 5213 844 5261 de
864 5214 960 5270 Thcux,
977 5214 1009 5268 ll,
1031 5216 1123 5271 tel-823
1140 5215 1264 5274 l‘oncelot‚
1278 5215 1356 5276 Flesse,
1370 5219 1424 5276 294,
1438 5220 1503 5279 llll).
