4650 6059
984 801 1070 873 1352,
1096 802 1129 864 18
1152 801 1219 864 mai.
1323 881 1326 886 ι
1726 802 1780 866 621

474 949 791 1036 2394-2395.
1494 986 1587 1049 1352,
1607 969 1650 1031 18
1664 969 1739 1031 mni.

466 1069 571 1154 Supp.
584 1067 744 1133 Yolandis
753 1069 795 1133 de
811 1068 975 1148 Flandria,
989 1069 1159 1135 comitissa
1173 1068 1343 1135 Barrensis
1360 1078 1393 1135 et
1405 1069 1542 1135 domina
1555 1070 1596 1135 de
1609 1070 1783 1149 Casse1s‚...

419 1179 518 1255 quat.
533 1172 613 1237 dare
630 1171 810 1257 dignemini
828 1174 860 1237 in
877 1173 1077 1239 mandatis...
1094 1182 1130 1238 ut
1143 1172 1226 1240 duas
1243 1176 1369 1258 puellas
1381 1174 1545 1239 litteratas
1558 1195 1640 1257 quas
1653 1172 1783 1237 duxerit

419 1276 649 1343 nominandas
665 1277 698 1341 in
715 1275 918 1342 monasterio
933 1274 975 1341 de
993 1274 1154 1357 MecineS,
1181 1276 1223 1341 O.
1251 1276 1282 1341 S.
1299 1275 1347 1356 B„
1374 1275 1540 1341 Morinen.
1566 1277 1663 1357 dioc.,
1681 1276 1783 1361 recipi

421 1381 562 1447 faciant.
578 1423 621 1431 —
637 1380 712 1447 Fiat
727 1383 769 1446 de
785 1401 851 1446 una
865 1380 899 1444 in
920 1379 1012 1445 dicto
1026 1381 1231 1446 monasterio
1247 1389 1280 1445 et
1296 1380 1337 1445 de
1358 1381 1422 1445 alia
1439 1381 1471 1444 in
1488 1382 1694 1447 monasterio
1717 1382 1784 1446 alio

421 1486 517 1571 quod
533 1486 669 1570 elegerit
689 1486 728 1553 R.

469 1589 558 1656 Item
575 1600 666 1677 quat.
683 1589 830 1668 Johanni
847 1587 1011 1666 Johannis
1027 1589 1068 1654 de
1086 1588 1199 1670 Metis,
1225 1588 1346 1655 elerico
1370 1587 1499 1656 Tullen.
1523 1589 1620 1671 dioc.,
1644 1590 1685 1655 de
1708 1593 1784 1656 ben.

422 1696 508 1762 ecel.
540 1695 582 1761 ad
613 1697 688 1761 coll.
720 1695 855 1779 capituli
887 1695 918 1759 S.
950 1693 1113 1771 Johannis
1145 1693 1304 1759 Leodien.
1329 1693 1509 1779 dignemini
1535 1694 1719 1781 providere.
1742 1735 1785 1744 -

426 1799 505 1865 Fiat
524 1799 563 1865 R.

468 1940 576 2005 2395.
594 1937 681 2005 Item
697 1937 854 2005 mandare
870 1938 1052 2024 dignemini
1069 1959 1166 2026 posse
1182 1936 1340 2005 declarari
1364 1938 1397 2003 in
1411 1940 1610 2005 cancellaria
1627 1946 1738 2006 vestra
1749 1939 1782 2004 in

422 2042 544 2109 litteris
558 2063 657 2130 super
670 2045 776 2129 gratia
787 2043 874 2110 faeta
886 2045 1060 2130 capellano
1076 2065 1137 2110 suo
1152 2044 1291 2130 Symoni
1306 2043 1455 2110 Wameri
1470 2045 1512 2111 de
1524 2044 1615 2130 Fago
1628 2058 1635 2083 ¹
1649 2045 1691 2111 de
1706 2048 1783 2111 ben.
1807 2047 1808 2050 ’

424 2148 468 2213 ad
493 2147 570 2214 coll.
595 2149 743 2235 episcopi
771 2158 806 2214 et
830 2149 965 2236 capituli
994 2148 1153 2215 Leodien.
1171 2168 1178 2213 :
1196 2169 1263 2214 non
1285 2152 1370 2213 obst.
1393 2170 1451 2215 sua
1476 2160 1510 2215 et
1526 2150 1598 2237 ipsa
1614 2149 1782 2215 declarare

423 2253 557 2318 admitti
573 2252 606 2317 in
623 2252 754 2334 eadem,
772 2274 848 2319 cum
875 2253 987 2339 aliqua
1013 2252 1055 2319 de
1083 2253 1181 2319 dictis
1208 2273 1275 2319 non
1294 2257 1379 2320 obst.
1409 2254 1541 2320 fuerunt
1566 2275 1626 2341 per
1641 2274 1786 2319 errorem

422 2357 559 2424 omissa.
575 2396 617 2407 -
634 2356 711 2423 Fiat
729 2357 768 2423 R.

467 2461 549 2527 Dat.
566 2482 619 2547 ap.
635 2460 883 2527 Villamnovam
905 2481 940 2545 15
957 2458 1024 2527 kal.
1037 2460 1122 2546 Junii
1138 2467 1172 2525 a⁰
1192 2467 1253 2525 10⁰.
1270 2460 1342 2545 (21,
1360 2459 1396 2528 P.
1415 2459 1460 2543 II,
1479 2464 1562 2548 95').
1581 2456 1583 2460 ’

454 2684 476 2729 1.
490 2679 555 2728 vvir
566 2695 591 2728 n.
603 2682 675 2728 2106.
