4650 6059
479 768 541 832 482
1005 763 1092 836 1849,
1116 764 1135 827 5
1157 762 1318 828 decembre.

482 918 669 985 chorariam
685 914 935 981 Claromonten.
952 923 987 980 et
1003 935 1077 981 can.
1093 918 1153 980 sub
1170 937 1245 1001 exp.
1262 919 1354 1001 preb.
1368 915 1612 984 Cathalaunen.
1629 919 1822 986 ecclesiarum

483 1023 632 1090 noscitur
648 1021 809 1087 obtinere.
823 1059 868 1069 -
885 1018 961 1085 Fiat
979 1018 1020 1085 R.

527 1128 602 1192 Dat
619 1126 717 1191 Avin.
734 1144 813 1190 non.
828 1122 902 1189 dec.
918 1131 951 1189 a⁰
967 1126 1008 1189 8⁰.
1025 1124 1097 1205 (18,
1115 1126 1182 1207 97).

535 1298 677 1383 1853-
1471 1332 1567 1396 1549,
1582 1331 1604 1393 5
1621 1314 1792 1379 decembre.

526 1416 627 1502 Supp.
652 1416 752 1481 frater
778 1413 929 1480 Mathias
946 1424 966 1495 ¹,
994 1414 1172 1500 episcopus
1191 1412 1497 1499 Trapesundinen„
1514 1423 1606 1500 quat.
1634 1417 1757 1482 clerico
1777 1436 1821 1481 suo

484 1519 634 1584 Henrico
650 1519 692 1584 de
708 1517 904 1584 Bolenbeke
916 1529 937 1597 ²,
962 1517 1178 1583 Cameracen.
1191 1515 1289 1597 dioc,
1306 1517 1349 1582 de
1364 1539 1457 1604 perp.
1471 1522 1548 1584 ben.
1564 1520 1649 1585 eccl.
1665 1520 1823 1606 vulgariter

480 1624 652 1708 appellato
668 1622 710 1687 de
725 1622 842 1703 Zellar,
866 1622 957 1689 dicte
982 1620 1201 1687 Cameracen.
1214 1621 1312 1702 dioc,
1329 1643 1404 1688 vac.
1416 1622 1451 1687 in
1468 1624 1611 1689 ecclesia
1627 1623 1660 1689 S.
1677 1623 1822 1703 Rumoldi,

483 1727 630 1811 ejusdem
646 1726 744 1807 dioc,
760 1748 820 1813 per
835 1730 889 1792 ob.
905 1726 924 1804 J
928 1726 1070 1792 ohannis
1087 1724 1290 1791 Michaelis³
1306 1725 1376 1791 sedi
1392 1735 1501 1812 apost.
1518 1734 1704 1809 reservato,
1721 1728 1822 1813 dequo

480 1838 557 1916 post
572 1832 643 1915 ejus
655 1833 708 1896 ob.
724 1851 783 1915 per
799 1830 830 1896 S.
847 1828 887 1895 V.
903 1829 1072 1915 provisum
1088 1827 1150 1894 fuit
1168 1828 1293 1894 Rasoni
1305 1828 1505 1896 Theoderici
1525 1828 1568 1895 de
1583 1829 1703 1897 Thede
1720 1842 1740 1912 ⁴,
1754 1830 1821 1897 dica

479 1935 577 2014 dioc,
594 1934 650 2017 qui
666 1934 815 2018 ejusdem
826 1933 981 1999 beneficii
994 1932 1135 2018 pacifica
1145 1933 1355 2025 possessione
1371 1954 1440 1998 non
1456 1933 1589 2019 adepta,
1606 1941 1704 1999 extra
1719 1934 1820 2000 curiam

482 2037 581 2103 Rom.
598 2038 660 2102 fuit
675 2038 746 2102 vita
762 2037 904 2116 functus,
933 2036 1043 2102 eidem
1068 2035 1220 2102 Henrico
1234 2037 1277 2103 de
1294 2037 1415 2103 eodem
1439 2059 1517 2104 cum
1540 2039 1699 2105 omnibus
1717 2038 1818 2123 juribus

484 2149 519 2205 et
534 2141 745 2226 pertinentiis
760 2141 826 2206 suis
840 2140 1023 2225 dignemini
1040 2139 1228 2226 providere.
1245 2182 1288 2190 —
1305 2140 1380 2207 Fiat
1397 2141 1468 2207 R...

524 2245 604 2309 Dat.
620 2245 719 2309 Avin.
736 2265 816 2310 non.
827 2245 900 2310 dec.
916 2251 949 2309 a⁰
971 2246 1013 2311 8⁰.
1030 2246 1101 2329 (18,
1119 2246 1203 2328 97').

533 2416 676 2499 1854.
1471 2451 1567 2516 1349,
1581 2450 1604 2512 5
1620 2432 1786 2497 decembre.

524 2534 612 2619 Sign.
626 2534 657 2600 S.
674 2534 714 2599 V.
730 2534 831 2599 irater
845 2535 995 2619 P(etrus)
1012 2551 1034 2615 ⁵,
1050 2533 1230 2599 Vasionen.
1240 2534 1426 2619 episcopus,
1443 2532 1534 2617 quod
1542 2533 1672 2600 dudum
1687 2534 1719 2601 S.
1731 2532 1765 2598 V.
1774 2550 1815 2596 no

481 2638 566 2704 tario
576 2648 610 2703 et
623 2638 775 2702 familiari
786 2659 847 2704 suo
858 2639 1020 2705 continuo
1030 2636 1270 2704 Bartholomeo
1283 2634 1428 2702 Mallreti
1440 2637 1483 2702 de
1496 2636 1686 2722 Dyonanto
1697 2635 1815 2719 ⁶,clerico

481 2740 641 2808 Leodien.
657 2742 754 2823 dioc,
770 2742 813 2808 de
836 2743 967 2829 capella
989 2741 1165 2827 hospitalis
1188 2761 1373 2827 pauperum
1388 2740 1421 2805 S.
1436 2740 1456 2818 J
1460 2740 1602 2806 ohannis
1627 2740 1781 2827 Baptista,
1792 2744 1816 2802 et

481 2847 576 2912 altari
604 2848 635 2912 S.
662 2847 794 2912 Thome
823 2847 877 2912 siti
904 2846 937 2912 in
965 2846 1047 2910 eccl.
1074 2844 1252 2929 collegiata
1276 2843 1315 2909 B.
1341 2841 1390 2909 M.
1416 2844 1606 2924 Dionensis,
1632 2844 1723 2911 dicte
1742 2843 1816 2919 dioc..

481 2951 637 3035 providit,
650 2959 685 3015 et
700 2951 742 3016 ad
758 2950 894 3016 eosdem
909 2949 1024 3035 vigore
1047 2948 1231 3013 litterarum
1248 2956 1357 3033 apost.
1373 2956 1409 3012 et
1424 2967 1641 3033 processuum
1656 2948 1735 3015 inde
1746 2965 1817 3014 secu·

480 3062 590 3118 torum
606 3064 760 3139 receptus
775 3063 810 3119 et
826 3053 859 3118 in
875 3052 1085 3138 possessione
1108 3052 1237 3137 positus
1252 3051 1324 3116 fuit.
1352 3052 1486 3131 Verum,
1503 3072 1580 3117 cum
1597 3053 1632 3117 in
1647 3051 1817 3140 receptione

481 3157 668 3241 hujusmodi
685 3157 883 3241 prepositus,
899 3156 1124 3221 vicedecanus
1150 3162 1185 3220 et
1201 3155 1386 3240 capitulum
1403 3155 1492 3220 dicte
1509 3155 1688 3239 collegiate
1703 3152 1818 3223 ecclesie

481 3257 519 3324 B.
537 3259 586 3324 M.
603 3261 800 3324 asseruerint
816 3269 851 3324 et
867 3259 976 3325 adhuc
989 3268 1148 3338 asserant,
1164 3258 1290 3324 dictam
1307 3260 1472 3344 capellam
1493 3258 1604 3343 quoad
1620 3269 1732 3326 certos
1746 3267 1819 3325 actus

481 3384 594 3428 curam
623 3365 808 3429 animarum
835 3364 969 3443 habere,
997 3364 1134 3449 ipseque
1158 3361 1449 3446 B(artholomeus)
1473 3362 1614 3443 dubitet,
1630 3385 1675 3429 ne
1691 3373 1820 3449 tempore

480 3467 569 3533 dicte
593 3469 707 3551 gratie,
725 3489 788 3533 nec
803 3468 913 3534 adhuc
928 3488 1023 3532 suum
1048 3487 1099 3552 25.
1116 3488 1242 3532 annum
1270 3467 1429 3551 attigerit,
1445 3467 1504 3532 sed
1530 3468 1562 3532 in
1592 3476 1647 3553 24⁰
1671 3471 1727 3534 vel
1751 3469 1821 3535 circa

480 3572 681 3637 constitutus
696 3574 845 3652 existat;
871 3594 966 3659 supp.
993 3573 1102 3639 dictus
1126 3572 1353 3657 episcopusin
1370 3592 1548 3657 personam
1574 3570 1657 3637 dicti
1686 3570 1822 3655 B(artho

480 3676 608 3759 lomei),
633 3686 725 3760 quat.
752 3677 946 3763 dispensare
972 3676 1155 3761 dignemini
1180 3697 1257 3742 cum
1282 3675 1413 3756 eodem,
1439 3685 1476 3740 ut
1502 3675 1594 3740 dicto
1622 3676 1757 3744 defectu
1778 3691 1822 3740 seu
1852 3691 1856 3728 ³

481 3799 681 3863 quocunque
698 3781 765 3844 alio
780 3801 848 3845 non
865 3783 951 3845 obst.
974 3780 1102 3845 dictam
1129 3782 1296 3865 capellam
1312 3801 1378 3844 una
1395 3801 1471 3845 cum
1494 3779 1588 3844 dicto
1603 3782 1702 3846 altari
1719 3782 1823 3847 habere
1853 3865 1856 3870 ι

481 3884 593 3948 valeat
609 3893 643 3948 et
659 3884 749 3949 licite
766 3884 919 3949 retinere.
934 3924 977 3933 —
994 3883 1213 3948 Providemus
1228 3893 1263 3948 et
1278 3883 1519 3969 dispensamus.
1538 3882 1578 3949 R.

525 3986 604 4053 Dat.
620 3987 720 4052 Avin.
738 4008 816 4052 non.
834 3987 906 4052 dec.
922 3994 955 4051 a⁰
972 3990 1014 4052 8⁰.
1032 3989 1103 4070 (18,
1121 3989 1205 4071 97').

536 4161 673 4244 1855.
1466 4192 1563 4254 1349,
1579 4192 1600 4252 ς
1618 4175 1791 4238 de'cernbre.

526 4278 625 4343 Pater
650 4280 713 4341 3⁰¹⁰.
745 4277 935 4361 Dignemini
963 4276 1159 4341 collationes
1182 4276 1405 4361 infrascriptas
1441 4274 1642 4340 auctoritate
1675 4269 1821 4341 ordinaria

482 4382 586 4447 factas
603 4382 830 4447 confirmare...

527 4485 615 4550 Item
640 4486 856 4550 collationem
881 4484 1006 4549 factam
1033 4483 1215 4548 Willrelmo
1237 4482 1279 4547 de
1303 4483 1404 4568 Reys,
1432 4482 1640 4548 subdiacono
1666 4479 1819 4548 Colonien.

482 4590 579 4667 dioc,
596 4590 637 4654 de
653 4589 790 4674 paroch.
807 4589 888 4653 eccl.
905 4589 939 4652 in
961 4585 1149 4664 Marnhefe,
1178 4584 1338 4649 Leodien.
1365 4584 1462 4664 dioc,
1487 4591 1569 4648 tunc
1584 4604 1660 4649 vac.
1685 4604 1742 4670 per
1759 4576 1818 4645 resi·

480 4694 677 4779 gnationem
703 4694 825 4759 factam
848 4713 908 4777 per
934 4690 1102 4775 quondam
1132 4689 1328 4754 Heinricum
1344 4688 1386 4753 de
1403 4687 1552 4771 Genepe,
1575 4688 1631 4770 qui
1659 4708 1735 4753 eam
1756 4694 1819 4749 tunc

482 4798 642 4883 temporis
669 4798 854 4875 obtinebat,
883 4816 981 4861 causa
1017 4793 1272 4880 permutationis
1307 4792 1458 4857 faciende
1492 4811 1569 4856 cum
1595 4811 1691 4878 perp.
1718 4784 1818 4855 vicarit

515 5058 536 5103 l.
556 5056 669 5103 Mathias
688 5056 719 5102 do
740 5055 857 5113 Colopne,
880 5056 934 5101 voit
952 5069 977 5103 n.
990 5056 1044 5112 914,
1059 5055 1129 5101 loll).
1141 5082 1173 5088 —
1185 5057 1207 5102 2.
1220 5054 1282 5100 Voir
1293 5068 1318 5101 n.
1338 5054 1407 5101 157⁴.
1420 5080 1451 5086 —
1471 5053 1494 5098 3.
1505 5050 1567 5098 Voir
1578 5065 1604 5099 n.
1619 5052 1689 5099 1824.
1702 5078 1732 5085 -
1743 5049 1762 5095 l.
1773 5039 1817 5124 Vrii

481 5132 632 5180 η.1ῑ)38,-
649 5134 671 5176 5.
687 5130 770 5175 Pierio
782 5128 812 5174 de
825 5128 906 5182 Besso,
919 5128 950 5175 de
970 5127 1061 5175 l'ordro
1073 5128 1117 5175 des
1135 5128 1244 5181 Caunios,
1262 5128 1353 5175 ancien
1371 5125 1468 5185 airoino
1484 5124 1517 5173 de
1532 5125 1626 5173 Gmsse
1639 5129 1665 5173 et
1683 5120 1817 5187 pdnitencur

480 5203 641 5263 aposlsliir'lllt?
654 5202 757 5262 (Euboi,
772 5200 790 5258 I,
806 5203 859 5258 27'1',
876 5202 944 5261 547).
957 5228 988 5237 -
1001 5203 1022 5249 Γ).
1035 5201 1096 5247 VOir
1109 5216 1133 5250 n.
1152 5202 1223 5248 1365.
