<?xml version="1.0" encoding="UTF-8"?>
<!DOCTYPE html PUBLIC "-//W3C//DTD XHTML 1.0 Transitional//EN"
    "http://www.w3.org/TR/xhtml1/DTD/xhtml1-transitional.dtd">
<html xmlns="http://www.w3.org/1999/xhtml" xml:lang="en" lang="en">
 <head>
  <title>
</title>
<meta http-equiv="Content-Type" content="text/html;charset=utf-8" />
  <meta name='ocr-system' content='tesseract 3.04.00' />
  <meta name='ocr-capabilities' content='ocr_page ocr_carea ocr_par ocr_line ocrx_word'/>
</head>
<body>
  <div class='ocr_page' id='page_1' title='image "./suppliquesdeclm00goog_0226.png"; bbox 0 0 4650 6059; ppageno 0'>
   <div class='ocr_carea' id='block_1_1' title="bbox 363 796 1920 1713">
    <p class='ocr_par' dir='ltr' id='par_1_1' title="bbox 363 796 1920 1673">
     <span class='ocr_line' id='line_1_1' title="bbox 901 796 1776 883; baseline 0.006 -10"><span class='ocrx_word' id='word_1_1' title='bbox 901 806 990 883; x_wconf 69' lang='lat'>1844.</span> <span class='ocrx_word' id='word_1_2' title='bbox 1011 807 1054 873; x_wconf 79' lang='lat'>80</span> <span class='ocrx_word' id='word_1_3' title='bbox 1075 796 1273 874; x_wconf 75' lang='grc' dir='ltr'>ιιιιιιιιιιι.</span> <span class='ocrx_word' id='word_1_4' title='bbox 1419 826 1420 829; x_wconf 65' lang='grc'>’</span> <span class='ocrx_word' id='word_1_5' title='bbox 1721 796 1776 879; x_wconf 74' lang='lat' dir='ltr'>lli</span> 
     </span>
     <span class='ocr_line' id='line_1_2' title="bbox 410 930 1775 1046; baseline 0.003 -21"><span class='ocrx_word' id='word_1_6' title='bbox 410 930 658 1046; x_wconf 70' lang='lat' dir='ltr'>supplicatione</span> <span class='ocrx_word' id='word_1_7' title='bbox 694 959 896 1041; x_wconf 82' lang='lat' dir='ltr'>eontinetru,</span> <span class='ocrx_word' id='word_1_8' title='bbox 926 966 962 1025; x_wconf 91' lang='lat' dir='ltr'>et</span> <span class='ocrx_word' id='word_1_9' title='bbox 998 954 1199 1040; x_wconf 89' lang='lat' dir='ltr'>obmiseritis</span> <span class='ocrx_word' id='word_1_10' title='bbox 1227 958 1371 1026; x_wconf 88' lang='lat' dir='ltr'>scribere</span> <span class='ocrx_word' id='word_1_11' title='bbox 1398 968 1512 1028; x_wconf 86' lang='lat' dir='ltr'>vestra</span> <span class='ocrx_word' id='word_1_12' title='bbox 1540 982 1645 1028; x_wconf 88' lang='lat' dir='ltr'>manu</span> <span class='ocrx_word' id='word_1_13' title='bbox 1665 965 1775 1030; x_wconf 87' lang='lat' dir='ltr'>bene·</span> 
     </span>
     <span class='ocr_line' id='line_1_3' title="bbox 412 1056 1773 1164; baseline 0.004 -35"><span class='ocrx_word' id='word_1_14' title='bbox 412 1061 526 1130; x_wconf 80' lang='lat' dir='ltr'>diota:</span> <span class='ocrx_word' id='word_1_15' title='bbox 553 1063 662 1130; x_wconf 81' lang='lat' dir='ltr'>etiam</span> <span class='ocrx_word' id='word_1_16' title='bbox 687 1063 715 1130; x_wconf 91' lang='lat' dir='ltr'>si</span> <span class='ocrx_word' id='word_1_17' title='bbox 738 1069 937 1164; x_wconf 84' lang='lat' dir='ltr'>patronatus</span> <span class='ocrx_word' id='word_1_18' title='bbox 961 1063 1110 1130; x_wconf 77' lang='lat' dir='ltr'>existat:</span> <span class='ocrx_word' id='word_1_19' title='bbox 1111 1070 1281 1150; x_wconf 84' lang='grc' dir='ltr'>ριοριοι</span> <span class='ocrx_word' id='word_1_20' title='bbox 1291 1056 1383 1149; x_wconf 85' lang='lat' dir='ltr'>quod</span> <span class='ocrx_word' id='word_1_21' title='bbox 1406 1065 1551 1133; x_wconf 75' lang='lat' dir='ltr'>sonatio</span> <span class='ocrx_word' id='word_1_22' title='bbox 1570 1066 1773 1153; x_wconf 84' lang='lat' dir='ltr'>supplicanti</span> 
     </span>
     <span class='ocr_line' id='line_1_4' title="bbox 413 1163 1782 1259; baseline 0.004 -28"><span class='ocrx_word' id='word_1_23' title='bbox 413 1165 536 1232; x_wconf 88' lang='lat' dir='ltr'>inutilis</span> <span class='ocrx_word' id='word_1_24' title='bbox 548 1174 736 1253; x_wconf 82' lang='lat' dir='ltr'>reputatru,</span> <span class='ocrx_word' id='word_1_25' title='bbox 750 1173 890 1259; x_wconf 82' lang='lat' dir='ltr'>propter</span> <span class='ocrx_word' id='word_1_26' title='bbox 903 1163 1155 1234; x_wconf 78' lang='lat' dir='ltr'><strong>multitudinem</strong></span> <span class='ocrx_word' id='word_1_27' title='bbox 1173 1167 1448 1254; x_wconf 73' lang='lat' dir='ltr'>impetrantium</span> <span class='ocrx_word' id='word_1_28' title='bbox 1460 1168 1582 1236; x_wconf 84' lang='lat' dir='ltr'>datam</span> <span class='ocrx_word' id='word_1_29' title='bbox 1592 1169 1684 1254; x_wconf 87' lang='lat' dir='ltr'>dicte</span> <span class='ocrx_word' id='word_1_30' title='bbox 1698 1190 1782 1259; x_wconf 76' lang='lat' dir='ltr'>sup2·</span> 
     </span>
     <span class='ocr_line' id='line_1_5' title="bbox 414 1269 1920 1357; baseline 0.005 -23"><span class='ocrx_word' id='word_1_31' title='bbox 414 1269 881 1357; x_wconf 77' lang='lat' dir='ltr'>pboetronrspreoedentrum</span> <span class='ocrx_word' id='word_1_32' title='bbox 897 1270 1049 1338; x_wconf 86' lang='lat' dir='ltr'>etetiam</span> <span class='ocrx_word' id='word_1_33' title='bbox 1066 1269 1195 1357; x_wconf 77' lang='lat' dir='ltr'>quirin</span> <span class='ocrx_word' id='word_1_34' title='bbox 1210 1269 1302 1337; x_wconf 89' lang='lat' dir='ltr'>dicta</span> <span class='ocrx_word' id='word_1_35' title='bbox 1324 1271 1407 1338; x_wconf 88' lang='lat' dir='ltr'>coll.</span> <span class='ocrx_word' id='word_1_36' title='bbox 1415 1287 1486 1339; x_wconf 82' lang='lat' dir='ltr'>non</span> <span class='ocrx_word' id='word_1_37' title='bbox 1502 1280 1562 1339; x_wconf 88' lang='lat' dir='ltr'>est</span> <span class='ocrx_word' id='word_1_38' title='bbox 1587 1274 1651 1339; x_wconf 84' lang='lat' dir='ltr'>nisr</span> <span class='ocrx_word' id='word_1_39' title='bbox 1642 1273 1775 1341; x_wconf 87' lang='lat' dir='ltr'>solum</span> <span class='ocrx_word' id='word_1_40' title='bbox 1914 1327 1920 1353; x_wconf 81' lang='lat'>,</span> 
     </span>
     <span class='ocr_line' id='line_1_6' title="bbox 363 1372 1774 1461; baseline 0.004 -23"><span class='ocrx_word' id='word_1_41' title='bbox 363 1424 364 1427; x_wconf 63' lang='lat'>,</span> <span class='ocrx_word' id='word_1_42' title='bbox 415 1374 488 1439; x_wconf 85' lang='lat' dir='ltr'>ben.</span> <span class='ocrx_word' id='word_1_43' title='bbox 502 1375 659 1440; x_wconf 76' lang='lat' dir='ltr'>crustum</span> <span class='ocrx_word' id='word_1_44' title='bbox 667 1375 733 1440; x_wconf 85' lang='lat' dir='ltr'>val.</span> <span class='ocrx_word' id='word_1_45' title='bbox 746 1394 788 1441; x_wconf 88' lang='lat'>20</span> <span class='ocrx_word' id='word_1_46' title='bbox 802 1374 860 1440; x_wconf 80' lang='lat' dir='ltr'>nb.</span> <span class='ocrx_word' id='word_1_47' title='bbox 871 1372 1102 1461; x_wconf 81' lang='lat' dir='ltr'>Tur.parv.,et</span> <span class='ocrx_word' id='word_1_48' title='bbox 1112 1374 1226 1459; x_wconf 76' lang='lat' dir='ltr'>aliqua</span> <span class='ocrx_word' id='word_1_49' title='bbox 1241 1374 1308 1441; x_wconf 83' lang='lat' dir='ltr'>alra</span> <span class='ocrx_word' id='word_1_50' title='bbox 1316 1374 1481 1442; x_wconf 82' lang='lat' dir='ltr'>beneficia</span> <span class='ocrx_word' id='word_1_51' title='bbox 1494 1395 1521 1442; x_wconf 90' lang='lat' dir='ltr'>s</span> <span class='ocrx_word' id='word_1_52' title='bbox 1531 1395 1560 1443; x_wconf 92' lang='lat' dir='ltr'>c</span> <span class='ocrx_word' id='word_1_53' title='bbox 1563 1376 1615 1443; x_wconf 71' lang='lat' dir='ltr'>ad</span> <span class='ocrx_word' id='word_1_54' title='bbox 1629 1375 1774 1445; x_wconf 79' lang='lat' dir='ltr'>fonnem</span> 
     </span>
     <span class='ocr_line' id='line_1_7' title="bbox 363 1462 1909 1595; baseline 0.005 -54"><span class='ocrx_word' id='word_1_55' title='bbox 363 1462 365 1475; x_wconf 48' lang='lat'><em>²</em></span> <span class='ocrx_word' id='word_1_56' title='bbox 418 1496 629 1543; x_wconf 84' lang='lat' dir='ltr'>communem</span> <span class='ocrx_word' id='word_1_57' title='bbox 640 1477 866 1595; x_wconf 79' lang='lat' dir='ltr'>pertinentia,</span> <span class='ocrx_word' id='word_1_58' title='bbox 880 1469 1146 1564; x_wconf 84' lang='lat' dir='ltr'>placeateidem</span> <span class='ocrx_word' id='word_1_59' title='bbox 1154 1474 1230 1544; x_wconf 70' lang='lat' dir='ltr'>VS.</span> <span class='ocrx_word' id='word_1_60' title='bbox 1234 1478 1592 1566; x_wconf 83' lang='lat' dir='ltr'>sonbereinpredicta</span> <span class='ocrx_word' id='word_1_61' title='bbox 1607 1481 1780 1567; x_wconf 83' lang='lat' dir='ltr'>supplica</span> <span class='ocrx_word' id='word_1_62' title='bbox 1904 1464 1909 1473; x_wconf 48' lang='lat'><strong>¹</strong></span> 
     </span>
     <span class='ocr_line' id='line_1_8' title="bbox 418 1575 1775 1713; baseline 0.006 -68"><span class='ocrx_word' id='word_1_63' title='bbox 418 1580 534 1645; x_wconf 90' lang='lat' dir='ltr'>tione.</span> <span class='ocrx_word' id='word_1_64' title='bbox 557 1580 662 1647; x_wconf 89' lang='lat' dir='ltr'>etiam</span> <span class='ocrx_word' id='word_1_65' title='bbox 676 1580 703 1646; x_wconf 91' lang='lat' dir='ltr'>si</span> <span class='ocrx_word' id='word_1_66' title='bbox 718 1587 916 1667; x_wconf 87' lang='lat' dir='ltr'>patronatus</span> <span class='ocrx_word' id='word_1_67' title='bbox 929 1580 1065 1663; x_wconf 89' lang='lat' dir='ltr'>existat,</span> <span class='ocrx_word' id='word_1_68' title='bbox 1081 1597 1159 1672; x_wconf 84' lang='lat' dir='ltr'>oum</span> <span class='ocrx_word' id='word_1_69' title='bbox 1172 1579 1265 1662; x_wconf 83' lang='lat' dir='ltr'>data,</span> <span class='ocrx_word' id='word_1_70' title='bbox 1281 1588 1316 1647; x_wconf 85' lang='lat' dir='ltr'>et</span> <span class='ocrx_word' id='word_1_71' title='bbox 1318 1575 1518 1713; x_wconf 82' lang='lat' dir='ltr'>clausulis..</span> <span class='ocrx_word' id='word_1_72' title='bbox 1522 1584 1568 1648; x_wconf 91' lang='lat' dir='ltr'>in</span> <span class='ocrx_word' id='word_1_73' title='bbox 1590 1583 1683 1652; x_wconf 88' lang='lat' dir='ltr'>dicta</span> <span class='ocrx_word' id='word_1_74' title='bbox 1698 1602 1775 1673; x_wconf 59' lang='lat' dir='ltr'>sup:</span> 
     </span>
    </p>
   </div>
   <div class='ocr_carea' id='block_1_2' title="bbox 363 1682 1354 1874">
    <p class='ocr_par' dir='ltr' id='par_1_2' title="bbox 363 1682 1354 1874">
     <span class='ocr_line' id='line_1_9' title="bbox 363 1682 1353 1768; baseline -0.003 -20.82"><span class='ocrx_word' id='word_1_75' title='bbox 363 1683 607 1768; x_wconf 77' lang='lat' dir='ltr'>plicatione</span> <span class='ocrx_word' id='word_1_76' title='bbox 611 1684 792 1750; x_wconf 80' lang='lat' dir='ltr'>contentis</span> <span class='ocrx_word' id='word_1_77' title='bbox 806 1718 852 1735; x_wconf 79' lang='lat'><em>-</em></span> <span class='ocrx_word' id='word_1_78' title='bbox 866 1682 1060 1750; x_wconf 58' lang='lat' dir='ltr'>Fratre„</span> <span class='ocrx_word' id='word_1_79' title='bbox 1129 1760 1132 1763; x_wconf 29' lang='lat'>,</span> <span class='ocrx_word' id='word_1_80' title='bbox 1231 1733 1245 1739; x_wconf 65' lang='grc'>.,</span> <span class='ocrx_word' id='word_1_81' title='bbox 1322 1734 1353 1739; x_wconf 68' lang='grc'>,,</span> 
     </span>
     <span class='ocr_line' id='line_1_10' title="bbox 456 1781 1354 1874; baseline -0.01 -22"><span class='ocrx_word' id='word_1_82' title='bbox 456 1781 1167 1874; x_wconf 78' lang='lat' dir='ltr'>DatAvm4kalmaua2(4333)</span> <span class='ocrx_word' id='word_1_83' title='bbox 1250 1814 1253 1822; x_wconf 85' lang='lat'><strong>·</strong></span> <span class='ocrx_word' id='word_1_84' title='bbox 1342 1804 1354 1843; x_wconf 63' lang='grc' dir='ltr'><strong>κ</strong></span> 
     </span>
    </p>
   </div>
   <div class='ocr_carea' id='block_1_3' title="bbox 416 1916 1847 3196">
    <p class='ocr_par' dir='ltr' id='par_1_3' title="bbox 462 1916 1731 2030">
     <span class='ocr_line' id='line_1_11' title="bbox 462 1916 1731 2030; baseline 0.001 -24"><span class='ocrx_word' id='word_1_85' title='bbox 462 1922 576 2010; x_wconf 83' lang='grc'>723.</span> <span class='ocrx_word' id='word_1_86' title='bbox 915 1932 921 1943; x_wconf 67' lang='grc'><strong>’</strong></span> <span class='ocrx_word' id='word_1_87' title='bbox 1323 1999 1328 2013; x_wconf 80' lang='grc'>,</span> <span class='ocrx_word' id='word_1_88' title='bbox 1412 1931 1414 1936; x_wconf 58' lang='grc'><strong>’</strong></span> <span class='ocrx_word' id='word_1_89' title='bbox 1467 1960 1563 2030; x_wconf 78' lang='lat'><em>1544</em></span> <span class='ocrx_word' id='word_1_90' title='bbox 1572 1961 1618 2027; x_wconf 88' lang='grc' dir='ltr'><em>3ο</em></span> <span class='ocrx_word' id='word_1_91' title='bbox 1633 1916 1731 2009; x_wconf 76' lang='lat' dir='ltr'>avril.</span> 
     </span>
    </p>

    <p class='ocr_par' dir='ltr' id='par_1_4' title="bbox 416 2012 1847 3166">
     <span class='ocr_line' id='line_1_12' title="bbox 455 2012 1777 2136; baseline 0.003 -27"><span class='ocrx_word' id='word_1_92' title='bbox 455 2043 561 2131; x_wconf 82' lang='lat' dir='ltr'>Supp.</span> <span class='ocrx_word' id='word_1_93' title='bbox 557 2041 767 2110; x_wconf 89' lang='lat' dir='ltr'>Guillelmus</span> <span class='ocrx_word' id='word_1_94' title='bbox 767 2038 982 2131; x_wconf 76' lang='lat' dir='ltr'>,archiepiso</span> <span class='ocrx_word' id='word_1_95' title='bbox 991 2038 1163 2111; x_wconf 76' lang='lat' dir='ltr'>ll&#39;urri‘tan.¹</span> <span class='ocrx_word' id='word_1_96' title='bbox 1166 2033 1281 2130; x_wconf 80' lang='lat' dir='ltr'>,quat</span> <span class='ocrx_word' id='word_1_97' title='bbox 1293 2012 1444 2136; x_wconf 83' lang='lat' dir='ltr'>[Andree</span> <span class='ocrx_word' id='word_1_98' title='bbox 1455 2026 1634 2132; x_wconf 81' lang='lat' dir='ltr'>Peregrini,</span> <span class='ocrx_word' id='word_1_99' title='bbox 1644 2041 1777 2135; x_wconf 81' lang='lat' dir='ltr'>presb]</span> 
     </span>
     <span class='ocr_line' id='line_1_13' title="bbox 418 2142 1776 2250; baseline 0.004 -38"><span class='ocrx_word' id='word_1_100' title='bbox 418 2145 499 2214; x_wconf 90' lang='lat' dir='ltr'>dioc.</span> <span class='ocrx_word' id='word_1_101' title='bbox 516 2144 698 2229; x_wconf 78' lang='lat' dir='ltr'>Morinen,</span> <span class='ocrx_word' id='word_1_102' title='bbox 721 2146 822 2233; x_wconf 94' lang='lat' dir='ltr'>quod,</span> <span class='ocrx_word' id='word_1_103' title='bbox 839 2167 916 2214; x_wconf 93' lang='lat' dir='ltr'>cum</span> <span class='ocrx_word' id='word_1_104' title='bbox 941 2146 1014 2250; x_wconf 89' lang='lat' dir='ltr'>ipse</span> <span class='ocrx_word' id='word_1_105' title='bbox 1039 2145 1203 2235; x_wconf 74' lang='lat' dir='ltr'>presbiter</span> <span class='ocrx_word' id='word_1_106' title='bbox 1229 2144 1375 2217; x_wconf 81' lang='lat' dir='ltr'>existens</span> <span class='ocrx_word' id='word_1_107' title='bbox 1388 2142 1424 2216; x_wconf 87' lang='lat' dir='ltr'>iu</span> <span class='ocrx_word' id='word_1_108' title='bbox 1441 2155 1495 2215; x_wconf 86' lang='lat'>22⁰</span> <span class='ocrx_word' id='word_1_109' title='bbox 1510 2152 1548 2216; x_wconf 91' lang='lat' dir='ltr'>et</span> <span class='ocrx_word' id='word_1_110' title='bbox 1560 2148 1654 2215; x_wconf 85' lang='lat' dir='ltr'>ultra</span> <span class='ocrx_word' id='word_1_111' title='bbox 1674 2150 1776 2217; x_wconf 88' lang='lat' dir='ltr'>etatis</span> 
     </span>
     <span class='ocr_line' id='line_1_14' title="bbox 420 2242 1775 2354; baseline 0.003 -38"><span class='ocrx_word' id='word_1_112' title='bbox 420 2269 470 2316; x_wconf 89' lang='lat' dir='ltr'>sue</span> <span class='ocrx_word' id='word_1_113' title='bbox 498 2271 601 2333; x_wconf 89' lang='lat' dir='ltr'>anno,</span> <span class='ocrx_word' id='word_1_114' title='bbox 632 2251 717 2318; x_wconf 89' lang='lat' dir='ltr'>citra</span> <span class='ocrx_word' id='word_1_115' title='bbox 739 2258 855 2318; x_wconf 89' lang='lat' dir='ltr'>tamen</span> <span class='ocrx_word' id='word_1_116' title='bbox 879 2256 969 2336; x_wconf 69' lang='lat'>23⁸¹¹¹,</span> <span class='ocrx_word' id='word_1_117' title='bbox 998 2271 1060 2339; x_wconf 92' lang='lat' dir='ltr'>per</span> <span class='ocrx_word' id='word_1_118' title='bbox 1088 2252 1339 2339; x_wconf 89' lang='lat' dir='ltr'>simplicitatem</span> <span class='ocrx_word' id='word_1_119' title='bbox 1369 2261 1405 2320; x_wconf 92' lang='lat' dir='ltr'>et</span> <span class='ocrx_word' id='word_1_120' title='bbox 1425 2252 1508 2339; x_wconf 87' lang='lat' dir='ltr'>juris</span> <span class='ocrx_word' id='word_1_121' title='bbox 1537 2242 1775 2354; x_wconf 76' lang='lat' dir='ltr'>ignorantiam,</span> 
     </span>
     <span class='ocr_line' id='line_1_15' title="bbox 420 2302 1775 2441; baseline 0.002 -22"><span class='ocrx_word' id='word_1_122' title='bbox 420 2352 578 2441; x_wconf 85' lang='lat' dir='ltr'>receperit</span> <span class='ocrx_word' id='word_1_123' title='bbox 592 2355 676 2422; x_wconf 90' lang='lat' dir='ltr'>eccl.</span> <span class='ocrx_word' id='word_1_124' title='bbox 703 2361 856 2421; x_wconf 89' lang='lat' dir='ltr'>curatam</span> <span class='ocrx_word' id='word_1_125' title='bbox 875 2354 918 2421; x_wconf 95' lang='lat' dir='ltr'>de</span> <span class='ocrx_word' id='word_1_126' title='bbox 941 2302 1120 2437; x_wconf 85' lang='lat' dir='ltr'>Masserlis,</span> <span class='ocrx_word' id='word_1_127' title='bbox 1146 2354 1244 2424; x_wconf 89' lang='lat' dir='ltr'>dioc.</span> <span class='ocrx_word' id='word_1_128' title='bbox 1261 2356 1429 2425; x_wconf 83' lang='lat' dir='ltr'>Auxitan..</span> <span class='ocrx_word' id='word_1_129' title='bbox 1441 2373 1495 2425; x_wconf 82' lang='lat' dir='ltr'>ex</span> <span class='ocrx_word' id='word_1_130' title='bbox 1515 2350 1592 2424; x_wconf 85' lang='lat' dir='ltr'>coll.</span> <span class='ocrx_word' id='word_1_131' title='bbox 1608 2356 1775 2424; x_wconf 81' lang='lat' dir='ltr'>ordinaria</span> 
     </span>
     <span class='ocr_line' id='line_1_16' title="bbox 420 2452 1775 2549; baseline 0.002 -25"><span class='ocrx_word' id='word_1_132' title='bbox 420 2457 563 2544; x_wconf 75' lang='lat' dir='ltr'>eimdem</span> <span class='ocrx_word' id='word_1_133' title='bbox 589 2457 820 2547; x_wconf 85' lang='lat' dir='ltr'>supplicantis,</span> <span class='ocrx_word' id='word_1_134' title='bbox 835 2465 870 2525; x_wconf 89' lang='lat' dir='ltr'>et</span> <span class='ocrx_word' id='word_1_135' title='bbox 884 2458 1113 2546; x_wconf 87' lang='lat' dir='ltr'>postmodum,</span> <span class='ocrx_word' id='word_1_136' title='bbox 1128 2479 1171 2526; x_wconf 86' lang='lat' dir='ltr'>ea</span> <span class='ocrx_word' id='word_1_137' title='bbox 1185 2459 1331 2542; x_wconf 84' lang='lat' dir='ltr'>dimissa,</span> <span class='ocrx_word' id='word_1_138' title='bbox 1347 2461 1431 2549; x_wconf 84' lang='lat' dir='ltr'>ecel.</span> <span class='ocrx_word' id='word_1_139' title='bbox 1433 2452 1604 2548; x_wconf 77' lang='lat' dir='ltr'>patrocli.</span> <span class='ocrx_word' id='word_1_140' title='bbox 1613 2459 1659 2526; x_wconf 77' lang='lat' dir='ltr'>de</span> <span class='ocrx_word' id='word_1_141' title='bbox 1674 2457 1775 2527; x_wconf 91' lang='lat' dir='ltr'>Mon</span> 
     </span>
     <span class='ocr_line' id='line_1_17' title="bbox 420 2552 1775 2652; baseline 0.001 -25"><span class='ocrx_word' id='word_1_142' title='bbox 420 2563 529 2643; x_wconf 80' lang='lat' dir='ltr'>tealto,</span> <span class='ocrx_word' id='word_1_143' title='bbox 545 2560 697 2647; x_wconf 85' lang='lat' dir='ltr'>ejusdem</span> <span class='ocrx_word' id='word_1_144' title='bbox 711 2560 807 2643; x_wconf 79' lang='lat' dir='ltr'>dioe,</span> <span class='ocrx_word' id='word_1_145' title='bbox 822 2582 865 2627; x_wconf 82' lang='grc' dir='ltr'>οι</span> <span class='ocrx_word' id='word_1_146' title='bbox 890 2563 966 2629; x_wconf 93' lang='lat' dir='ltr'>coll.</span> <span class='ocrx_word' id='word_1_147' title='bbox 993 2562 1124 2644; x_wconf 87' lang='lat' dir='ltr'>eadem,</span> <span class='ocrx_word' id='word_1_148' title='bbox 1139 2562 1328 2649; x_wconf 88' lang='lat' dir='ltr'>eodemque</span> <span class='ocrx_word' id='word_1_149' title='bbox 1350 2552 1510 2651; x_wconf 85' lang='lat' dir='ltr'>tempore</span> <span class='ocrx_word' id='word_1_150' title='bbox 1526 2582 1582 2652; x_wconf 83' lang='lat' dir='ltr'>se</span> <span class='ocrx_word' id='word_1_151' title='bbox 1592 2559 1723 2630; x_wconf 81' lang='lat' dir='ltr'>fecerit</span> <span class='ocrx_word' id='word_1_152' title='bbox 1731 2562 1775 2629; x_wconf 89' lang='lat' dir='ltr'>ad</span> 
     </span>
     <span class='ocr_line' id='line_1_18' title="bbox 419 2648 1776 2759; baseline 0.001 -29"><span class='ocrx_word' id='word_1_153' title='bbox 419 2665 647 2748; x_wconf 83' lang='lat' dir='ltr'>sacerdotium,</span> <span class='ocrx_word' id='word_1_154' title='bbox 662 2665 744 2732; x_wconf 85' lang='lat' dir='ltr'>alias</span> <span class='ocrx_word' id='word_1_155' title='bbox 758 2672 874 2732; x_wconf 81' lang='lat' dir='ltr'>tamen</span> <span class='ocrx_word' id='word_1_156' title='bbox 890 2655 1063 2748; x_wconf 84' lang='lat' dir='ltr'>canonice,</span> <span class='ocrx_word' id='word_1_157' title='bbox 1078 2667 1282 2759; x_wconf 90' lang='lat' dir='ltr'>promoveri,</span> <span class='ocrx_word' id='word_1_158' title='bbox 1297 2667 1491 2753; x_wconf 85' lang='lat' dir='ltr'>dictamque</span> <span class='ocrx_word' id='word_1_159' title='bbox 1517 2648 1601 2734; x_wconf 88' lang='lat' dir='ltr'>eccl.</span> <span class='ocrx_word' id='word_1_160' title='bbox 1615 2665 1659 2733; x_wconf 88' lang='lat' dir='ltr'>de</span> <span class='ocrx_word' id='word_1_161' title='bbox 1675 2665 1776 2734; x_wconf 90' lang='lat' dir='ltr'>Mon·</span> 
     </span>
     <span class='ocr_line' id='line_1_19' title="bbox 419 2767 1774 2857; baseline 0 -22"><span class='ocrx_word' id='word_1_162' title='bbox 419 2770 528 2852; x_wconf 86' lang='lat' dir='ltr'>tealto,</span> <span class='ocrx_word' id='word_1_163' title='bbox 543 2776 581 2835; x_wconf 91' lang='lat' dir='ltr'>et</span> <span class='ocrx_word' id='word_1_164' title='bbox 595 2790 697 2835; x_wconf 84' lang='lat' dir='ltr'>unam</span> <span class='ocrx_word' id='word_1_165' title='bbox 711 2771 833 2857; x_wconf 74' lang='lat' dir='ltr'>capell.</span> <span class='ocrx_word' id='word_1_166' title='bbox 849 2779 1007 2838; x_wconf 88' lang='lat' dir='ltr'>vocatam</span> <span class='ocrx_word' id='word_1_167' title='bbox 1022 2769 1055 2837; x_wconf 87' lang='lat' dir='ltr'>S</span> <span class='ocrx_word' id='word_1_168' title='bbox 1067 2768 1213 2850; x_wconf 87' lang='lat' dir='ltr'>Jacobi</span> <span class='ocrx_word' id='word_1_169' title='bbox 1204 2791 1239 2837; x_wconf 92' lang='lat' dir='ltr'>m</span> <span class='ocrx_word' id='word_1_170' title='bbox 1255 2772 1338 2839; x_wconf 87' lang='lat' dir='ltr'>eccl.</span> <span class='ocrx_word' id='word_1_171' title='bbox 1352 2770 1396 2838; x_wconf 88' lang='lat' dir='ltr'>de</span> <span class='ocrx_word' id='word_1_172' title='bbox 1410 2769 1505 2852; x_wconf 88' lang='lat' dir='ltr'>Vico,</span> <span class='ocrx_word' id='word_1_173' title='bbox 1514 2769 1602 2838; x_wconf 92' lang='lat' dir='ltr'>dioc.</span> <span class='ocrx_word' id='word_1_174' title='bbox 1614 2767 1774 2856; x_wconf 87' lang='lat' dir='ltr'>ejusdem,</span> 
     </span>
     <span class='ocr_line' id='line_1_20' title="bbox 417 2863 1847 2972; baseline 0.001 -32"><span class='ocrx_word' id='word_1_175' title='bbox 417 2873 654 2957; x_wconf 82' lang='lat' dir='ltr'>permutaverit</span> <span class='ocrx_word' id='word_1_176' title='bbox 668 2893 747 2940; x_wconf 86' lang='lat' dir='ltr'>cum</span> <span class='ocrx_word' id='word_1_177' title='bbox 762 2873 844 2940; x_wconf 89' lang='lat' dir='ltr'>eccl.</span> <span class='ocrx_word' id='word_1_178' title='bbox 858 2874 1011 2960; x_wconf 88' lang='lat' dir='ltr'>parroch.</span> <span class='ocrx_word' id='word_1_179' title='bbox 1026 2873 1070 2941; x_wconf 91' lang='lat' dir='ltr'>de</span> <span class='ocrx_word' id='word_1_180' title='bbox 1084 2873 1209 2941; x_wconf 88' lang='lat' dir='ltr'>Zintiui</span> <span class='ocrx_word' id='word_1_181' title='bbox 1223 2863 1376 2972; x_wconf 82' lang='lat' dir='ltr'>capella,</span> <span class='ocrx_word' id='word_1_182' title='bbox 1382 2873 1470 2942; x_wconf 91' lang='lat' dir='ltr'>dioc.</span> <span class='ocrx_word' id='word_1_183' title='bbox 1497 2867 1678 2956; x_wconf 78' lang='lat' dir='ltr'>Morinen,</span> <span class='ocrx_word' id='word_1_184' title='bbox 1694 2872 1777 2942; x_wconf 87' lang='lat' dir='ltr'>alias</span> <span class='ocrx_word' id='word_1_185' title='bbox 1843 2943 1847 2950; x_wconf 76' lang='grc'>,</span> 
     </span>
     <span class='ocr_line' id='line_1_21' title="bbox 416 2960 1776 3093; baseline 0.001 -50"><span class='ocrx_word' id='word_1_186' title='bbox 416 2984 524 3043; x_wconf 80' lang='lat' dir='ltr'>tamen</span> <span class='ocrx_word' id='word_1_187' title='bbox 539 2976 731 3059; x_wconf 73' lang='lat' dir='ltr'>eanonice3</span> <span class='ocrx_word' id='word_1_188' title='bbox 754 2976 889 3043; x_wconf 85' lang='lat' dir='ltr'>easdem</span> <span class='ocrx_word' id='word_1_189' title='bbox 905 2976 1104 3045; x_wconf 85' lang='lat' dir='ltr'>collationes</span> <span class='ocrx_word' id='word_1_190' title='bbox 1129 2984 1166 3043; x_wconf 92' lang='lat' dir='ltr'>et</span> <span class='ocrx_word' id='word_1_191' title='bbox 1188 2960 1482 3093; x_wconf 80' lang='lat' dir='ltr'>permutationem</span> <span class='ocrx_word' id='word_1_192' title='bbox 1496 2984 1588 3044; x_wconf 86' lang='lat' dir='ltr'>ratas</span> <span class='ocrx_word' id='word_1_193' title='bbox 1604 2984 1640 3043; x_wconf 91' lang='lat' dir='ltr'>et</span> <span class='ocrx_word' id='word_1_194' title='bbox 1664 2982 1776 3066; x_wconf 84' lang='lat' dir='ltr'>gratas</span> 
     </span>
     <span class='ocr_line' id='line_1_22' title="bbox 416 3027 1776 3196; baseline 0.002 -53"><span class='ocrx_word' id='word_1_195' title='bbox 416 3079 536 3146; x_wconf 85' lang='lat' dir='ltr'>habere</span> <span class='ocrx_word' id='word_1_196' title='bbox 557 3027 740 3165; x_wconf 88' lang='lat' dir='ltr'>dignemini</span> <span class='ocrx_word' id='word_1_197' title='bbox 765 3087 800 3145; x_wconf 89' lang='lat' dir='ltr'>et</span> <span class='ocrx_word' id='word_1_198' title='bbox 823 3087 932 3196; x_wconf 80' lang='lat' dir='ltr'>apost.</span> <span class='ocrx_word' id='word_1_199' title='bbox 944 3088 1032 3145; x_wconf 91' lang='lat' dir='ltr'>auct.</span> <span class='ocrx_word' id='word_1_200' title='bbox 1058 3068 1267 3162; x_wconf 87' lang='lat' dir='ltr'>confirmare,</span> <span class='ocrx_word' id='word_1_201' title='bbox 1283 3088 1328 3162; x_wconf 92' lang='lat' dir='ltr'>et,</span> <span class='ocrx_word' id='word_1_202' title='bbox 1355 3074 1382 3145; x_wconf 90' lang='lat' dir='ltr'>si</span> <span class='ocrx_word' id='word_1_203' title='bbox 1397 3099 1534 3145; x_wconf 89' lang='lat' dir='ltr'>necesse</span> <span class='ocrx_word' id='word_1_204' title='bbox 1558 3078 1610 3161; x_wconf 91' lang='lat' dir='ltr'>sit,</span> <span class='ocrx_word' id='word_1_205' title='bbox 1625 3077 1669 3145; x_wconf 89' lang='lat' dir='ltr'>de</span> <span class='ocrx_word' id='word_1_206' title='bbox 1682 3098 1776 3146; x_wconf 88' lang='lat' dir='ltr'>novo</span> 
     </span>
    </p>
   </div>
   <div class='ocr_carea' id='block_1_4' title="bbox 411 3184 1778 3786">
    <p class='ocr_par' dir='ltr' id='par_1_5' title="bbox 415 3184 1774 3269">
     <span class='ocr_line' id='line_1_23' title="bbox 415 3184 1774 3269; baseline 0 -21"><span class='ocrx_word' id='word_1_207' title='bbox 415 3185 573 3265; x_wconf 88' lang='lat' dir='ltr'>conferre,</span> <span class='ocrx_word' id='word_1_208' title='bbox 589 3184 694 3249; x_wconf 90' lang='lat' dir='ltr'>etiam</span> <span class='ocrx_word' id='word_1_209' title='bbox 709 3184 735 3250; x_wconf 89' lang='lat' dir='ltr'>si</span> <span class='ocrx_word' id='word_1_210' title='bbox 751 3193 875 3251; x_wconf 85' lang='lat' dir='ltr'>vacent</span> <span class='ocrx_word' id='word_1_211' title='bbox 891 3185 923 3249; x_wconf 92' lang='lat' dir='ltr'>in</span> <span class='ocrx_word' id='word_1_212' title='bbox 942 3184 1039 3250; x_wconf 91' lang='lat' dir='ltr'>Rom.</span> <span class='ocrx_word' id='word_1_213' title='bbox 1056 3205 1123 3251; x_wconf 88' lang='lat' dir='ltr'>cur.</span> <span class='ocrx_word' id='word_1_214' title='bbox 1149 3187 1204 3249; x_wconf 91' lang='lat' dir='ltr'>vel</span> <span class='ocrx_word' id='word_1_215' title='bbox 1227 3186 1309 3250; x_wconf 88' lang='lat' dir='ltr'>alias</span> <span class='ocrx_word' id='word_1_216' title='bbox 1335 3184 1608 3269; x_wconf 79' lang='lat' dir='ltr'>qualitercunque</span> <span class='ocrx_word' id='word_1_217' title='bbox 1622 3205 1630 3263; x_wconf 90' lang='lat'>;</span> <span class='ocrx_word' id='word_1_218' title='bbox 1647 3191 1774 3248; x_wconf 89' lang='lat' dir='ltr'>etcum</span> 
     </span>
    </p>

    <p class='ocr_par' dir='ltr' id='par_1_6' title="bbox 414 3276 1776 3373">
     <span class='ocr_line' id='line_1_24' title="bbox 414 3276 1776 3373; baseline -0.001 -21"><span class='ocrx_word' id='word_1_219' title='bbox 414 3288 532 3354; x_wconf 88' lang='lat' dir='ltr'>eodem</span> <span class='ocrx_word' id='word_1_220' title='bbox 551 3287 743 3373; x_wconf 74' lang='lat' dir='ltr'>&#39;presbitero</span> <span class='ocrx_word' id='word_1_221' title='bbox 759 3288 951 3373; x_wconf 85' lang='lat' dir='ltr'>dispensare</span> <span class='ocrx_word' id='word_1_222' title='bbox 978 3296 1015 3352; x_wconf 91' lang='lat' dir='ltr'>ut</span> <span class='ocrx_word' id='word_1_223' title='bbox 1039 3291 1073 3352; x_wconf 90' lang='lat' dir='ltr'>in</span> <span class='ocrx_word' id='word_1_224' title='bbox 1099 3290 1146 3353; x_wconf 90' lang='lat' dir='ltr'>sic</span> <span class='ocrx_word' id='word_1_225' title='bbox 1171 3289 1333 3373; x_wconf 89' lang='lat' dir='ltr'>susceptis</span> <span class='ocrx_word' id='word_1_226' title='bbox 1358 3288 1526 3354; x_wconf 90' lang='lat' dir='ltr'>ordinibus</span> <span class='ocrx_word' id='word_1_227' title='bbox 1546 3276 1660 3353; x_wconf 86' lang='lat' dir='ltr'>valeat</span> <span class='ocrx_word' id='word_1_228' title='bbox 1679 3283 1776 3352; x_wconf 90' lang='lat' dir='ltr'>mini-</span> 
     </span>
    </p>

    <p class='ocr_par' dir='ltr' id='par_1_7' title="bbox 413 3383 1778 3481">
     <span class='ocr_line' id='line_1_25' title="bbox 413 3383 1778 3481; baseline 0.001 -25"><span class='ocrx_word' id='word_1_229' title='bbox 413 3403 515 3457; x_wconf 85' lang='lat' dir='ltr'>strare</span> <span class='ocrx_word' id='word_1_230' title='bbox 531 3392 726 3476; x_wconf 87' lang='lat' dir='ltr'>dictamque</span> <span class='ocrx_word' id='word_1_231' title='bbox 755 3391 990 3481; x_wconf 81' lang='lat' dir='ltr'>ecclesiam-de</span> <span class='ocrx_word' id='word_1_232' title='bbox 1011 3390 1135 3456; x_wconf 88' lang='lat' dir='ltr'>Zintini</span> <span class='ocrx_word' id='word_1_233' title='bbox 1161 3392 1291 3478; x_wconf 87' lang='lat' dir='ltr'>capella</span> <span class='ocrx_word' id='word_1_234' title='bbox 1315 3392 1407 3480; x_wconf 87' lang='lat' dir='ltr'>licite</span> <span class='ocrx_word' id='word_1_235' title='bbox 1433 3393 1544 3458; x_wconf 88' lang='lat' dir='ltr'>valeat</span> <span class='ocrx_word' id='word_1_236' title='bbox 1567 3383 1720 3474; x_wconf 85' lang='lat' dir='ltr'>retinere,</span> <span class='ocrx_word' id='word_1_237' title='bbox 1735 3391 1778 3457; x_wconf 91' lang='lat' dir='ltr'>de</span> 
     </span>
    </p>

    <p class='ocr_par' dir='ltr' id='par_1_8' title="bbox 413 3494 1777 3580">
     <span class='ocr_line' id='line_1_26' title="bbox 413 3494 1777 3580; baseline 0 -21"><span class='ocrx_word' id='word_1_238' title='bbox 413 3495 556 3559; x_wconf 88' lang='lat' dir='ltr'>uberiori</span> <span class='ocrx_word' id='word_1_239' title='bbox 571 3496 604 3559; x_wconf 85' lang='lat' dir='ltr'>S.</span> <span class='ocrx_word' id='word_1_240' title='bbox 621 3494 661 3559; x_wconf 95' lang='lat' dir='ltr'>V.</span> <span class='ocrx_word' id='word_1_241' title='bbox 676 3495 785 3579; x_wconf 86' lang='lat' dir='ltr'>gratia</span> <span class='ocrx_word' id='word_1_242' title='bbox 801 3494 926 3559; x_wconf 85' lang='lat' dir='ltr'>fructus</span> <span class='ocrx_word' id='word_1_243' title='bbox 942 3501 1119 3580; x_wconf 89' lang='lat' dir='ltr'>perceptos</span> <span class='ocrx_word' id='word_1_244' title='bbox 1134 3494 1244 3559; x_wconf 90' lang='lat' dir='ltr'>eidem</span> <span class='ocrx_word' id='word_1_245' title='bbox 1260 3495 1474 3561; x_wconf 88' lang='lat' dir='ltr'>remittendo.</span> <span class='ocrx_word' id='word_1_246' title='bbox 1493 3532 1536 3539; x_wconf 95' lang='lat'><em>-</em></span> <span class='ocrx_word' id='word_1_247' title='bbox 1550 3494 1777 3561; x_wconf 86' lang='lat' dir='ltr'>Habilitamus</span> 
     </span>
    </p>

    <p class='ocr_par' dir='ltr' id='par_1_9' title="bbox 411 3597 1711 3786">
     <span class='ocr_line' id='line_1_27' title="bbox 411 3597 1711 3684; baseline 0.002 -23"><span class='ocrx_word' id='word_1_248' title='bbox 411 3607 444 3662; x_wconf 89' lang='lat' dir='ltr'>et</span> <span class='ocrx_word' id='word_1_249' title='bbox 460 3598 504 3664; x_wconf 90' lang='lat' dir='ltr'>de</span> <span class='ocrx_word' id='word_1_250' title='bbox 519 3619 614 3663; x_wconf 89' lang='lat' dir='ltr'>novo</span> <span class='ocrx_word' id='word_1_251' title='bbox 628 3597 854 3684; x_wconf 88' lang='lat' dir='ltr'>providemus,</span> <span class='ocrx_word' id='word_1_252' title='bbox 871 3605 906 3662; x_wconf 89' lang='lat' dir='ltr'>et</span> <span class='ocrx_word' id='word_1_253' title='bbox 921 3597 1046 3662; x_wconf 84' lang='lat' dir='ltr'>fructus</span> <span class='ocrx_word' id='word_1_254' title='bbox 1060 3601 1151 3663; x_wconf 87' lang='lat' dir='ltr'>bona</span> <span class='ocrx_word' id='word_1_255' title='bbox 1168 3597 1234 3663; x_wconf 90' lang='lat' dir='ltr'>fide</span> <span class='ocrx_word' id='word_1_256' title='bbox 1249 3607 1426 3684; x_wconf 87' lang='lat' dir='ltr'>perceptos</span> <span class='ocrx_word' id='word_1_257' title='bbox 1441 3599 1652 3663; x_wconf 85' lang='lat' dir='ltr'>remittimus.</span> <span class='ocrx_word' id='word_1_258' title='bbox 1672 3598 1711 3663; x_wconf 89' lang='lat' dir='ltr'>R.</span> 
     </span>
     <span class='ocr_line' id='line_1_28' title="bbox 454 3701 1164 3786; baseline -0.001 -19"><span class='ocrx_word' id='word_1_259' title='bbox 454 3703 535 3767; x_wconf 86' lang='lat' dir='ltr'>Dat.</span> <span class='ocrx_word' id='word_1_260' title='bbox 551 3703 652 3767; x_wconf 76' lang='lat' dir='ltr'>Avin.</span> <span class='ocrx_word' id='word_1_261' title='bbox 670 3723 687 3766; x_wconf 89' lang='lat'><em>2</em></span> <span class='ocrx_word' id='word_1_262' title='bbox 703 3701 770 3768; x_wconf 86' lang='lat' dir='ltr'>kal.</span> <span class='ocrx_word' id='word_1_263' title='bbox 786 3701 864 3766; x_wconf 88' lang='lat' dir='ltr'>maii</span> <span class='ocrx_word' id='word_1_264' title='bbox 880 3709 912 3766; x_wconf 83' lang='lat' dir='ltr'>a⁰</span> <span class='ocrx_word' id='word_1_265' title='bbox 930 3708 971 3765; x_wconf 88' lang='lat'>2⁰.</span> <span class='ocrx_word' id='word_1_266' title='bbox 989 3702 1040 3786; x_wconf 82' lang='lat'>(4,</span> <span class='ocrx_word' id='word_1_267' title='bbox 1059 3703 1164 3786; x_wconf 64' lang='lat' dir='ltr'>324&#39;l.</span> 
     </span>
    </p>
   </div>
   <div class='ocr_carea' id='block_1_5' title="bbox 462 3840 1732 3935">
    <p class='ocr_par' dir='ltr' id='par_1_10' title="bbox 462 3840 1732 3935">
     <span class='ocr_line' id='line_1_29' title="bbox 462 3840 1732 3935; baseline -0.002 -16"><span class='ocrx_word' id='word_1_268' title='bbox 462 3840 578 3919; x_wconf 80' lang='grc'>724.</span> <span class='ocrx_word' id='word_1_269' title='bbox 1507 3869 1601 3935; x_wconf 69' lang='grc'><em>1333,</em></span> <span class='ocrx_word' id='word_1_270' title='bbox 1619 3873 1638 3914; x_wconf 85' lang='lat'>2</span> <span class='ocrx_word' id='word_1_271' title='bbox 1657 3853 1732 3916; x_wconf 80' lang='lat' dir='ltr'>mai.</span> 
     </span>
    </p>
   </div>
   <div class='ocr_carea' id='block_1_6' title="bbox 411 3953 1780 5074">
    <p class='ocr_par' dir='ltr' id='par_1_11' title="bbox 411 3953 1780 4957">
     <span class='ocr_line' id='line_1_30' title="bbox 455 3953 1776 4049; baseline -0.002 -29"><span class='ocrx_word' id='word_1_272' title='bbox 455 3956 513 4020; x_wconf 66' lang='lat'>8¹¹*</span> <span class='ocrx_word' id='word_1_273' title='bbox 528 3955 638 4021; x_wconf 87' lang='lat' dir='ltr'>Pater.</span> <span class='ocrx_word' id='word_1_274' title='bbox 655 3954 740 4019; x_wconf 90' lang='lat' dir='ltr'>Cum</span> <span class='ocrx_word' id='word_1_275' title='bbox 756 3954 928 4049; x_wconf 75' lang='lat' dir='ltr'>Henricus</span> <span class='ocrx_word' id='word_1_276' title='bbox 956 3956 1042 4040; x_wconf 93' lang='lat' dir='ltr'>Loy,</span> <span class='ocrx_word' id='word_1_277' title='bbox 1068 3959 1188 4042; x_wconf 74' lang='lat' dir='ltr'>presb,</span> <span class='ocrx_word' id='word_1_278' title='bbox 1204 3976 1279 4041; x_wconf 85' lang='lat' dir='ltr'>cap.</span> <span class='ocrx_word' id='word_1_279' title='bbox 1296 3954 1424 4039; x_wconf 88' lang='lat' dir='ltr'>capelle</span> <span class='ocrx_word' id='word_1_280' title='bbox 1443 3974 1483 4018; x_wconf 88' lang='lat' dir='ltr'>ac</span> <span class='ocrx_word' id='word_1_281' title='bbox 1498 3953 1602 4017; x_wconf 86' lang='lat' dir='ltr'>famil.</span> <span class='ocrx_word' id='word_1_282' title='bbox 1618 3953 1776 4018; x_wconf 91' lang='lat' dir='ltr'>domesti-</span> 
     </span>
     <span class='ocr_line' id='line_1_31' title="bbox 411 4057 1779 4144; baseline -0.004 -19"><span class='ocrx_word' id='word_1_283' title='bbox 411 4081 472 4125; x_wconf 81' lang='lat' dir='ltr'>cus</span> <span class='ocrx_word' id='word_1_284' title='bbox 488 4067 523 4125; x_wconf 88' lang='lat' dir='ltr'>et</span> <span class='ocrx_word' id='word_1_285' title='bbox 540 4079 723 4125; x_wconf 91' lang='lat' dir='ltr'>commens.</span> <span class='ocrx_word' id='word_1_286' title='bbox 739 4057 924 4139; x_wconf 90' lang='lat' dir='ltr'>Gaucelmi,</span> <span class='ocrx_word' id='word_1_287' title='bbox 941 4059 1042 4144; x_wconf 89' lang='lat' dir='ltr'>episc.</span> <span class='ocrx_word' id='word_1_288' title='bbox 1066 4061 1242 4140; x_wconf 74' lang='lat' dir='ltr'>Albanen,</span> <span class='ocrx_word' id='word_1_289' title='bbox 1268 4078 1343 4123; x_wconf 88' lang='lat' dir='ltr'>can.</span> <span class='ocrx_word' id='word_1_290' title='bbox 1359 4064 1394 4122; x_wconf 92' lang='lat' dir='ltr'>et</span> <span class='ocrx_word' id='word_1_291' title='bbox 1420 4059 1511 4143; x_wconf 89' lang='lat' dir='ltr'>preb.</span> <span class='ocrx_word' id='word_1_292' title='bbox 1526 4057 1608 4121; x_wconf 92' lang='lat' dir='ltr'>eccl.</span> <span class='ocrx_word' id='word_1_293' title='bbox 1624 4057 1779 4121; x_wconf 88' lang='lat' dir='ltr'>Antwer·</span> 
     </span>
     <span class='ocr_line' id='line_1_32' title="bbox 412 4147 1778 4249; baseline -0.005 -21"><span class='ocrx_word' id='word_1_294' title='bbox 412 4163 550 4248; x_wconf 89' lang='lat' dir='ltr'>piensis,</span> <span class='ocrx_word' id='word_1_295' title='bbox 566 4162 784 4227; x_wconf 86' lang='lat' dir='ltr'>Cameracen.</span> <span class='ocrx_word' id='word_1_296' title='bbox 801 4161 899 4242; x_wconf 78' lang='lat' dir='ltr'>dioc,</span> <span class='ocrx_word' id='word_1_297' title='bbox 915 4183 1022 4248; x_wconf 87' lang='lat' dir='ltr'>nuper</span> <span class='ocrx_word' id='word_1_298' title='bbox 1039 4163 1071 4226; x_wconf 90' lang='lat' dir='ltr'>in</span> <span class='ocrx_word' id='word_1_299' title='bbox 1096 4163 1168 4249; x_wconf 88' lang='lat' dir='ltr'>ipsa</span> <span class='ocrx_word' id='word_1_300' title='bbox 1184 4163 1266 4228; x_wconf 90' lang='lat' dir='ltr'>eccl.</span> <span class='ocrx_word' id='word_1_301' title='bbox 1281 4147 1357 4226; x_wconf 76' lang='lat' dir='ltr'>vac.</span> <span class='ocrx_word' id='word_1_302' title='bbox 1372 4180 1431 4245; x_wconf 90' lang='lat' dir='ltr'>per</span> <span class='ocrx_word' id='word_1_303' title='bbox 1446 4162 1500 4225; x_wconf 95' lang='lat' dir='ltr'>ob.</span> <span class='ocrx_word' id='word_1_304' title='bbox 1516 4158 1684 4241; x_wconf 87' lang='lat' dir='ltr'>quondam</span> <span class='ocrx_word' id='word_1_305' title='bbox 1701 4156 1778 4223; x_wconf 90' lang='lat' dir='ltr'>Bal-</span> 
     </span>
     <span class='ocr_line' id='line_1_33' title="bbox 412 4260 1778 4350; baseline -0.003 -18"><span class='ocrx_word' id='word_1_306' title='bbox 412 4267 506 4332; x_wconf 88' lang='lat' dir='ltr'>duini</span> <span class='ocrx_word' id='word_1_307' title='bbox 530 4266 573 4331; x_wconf 94' lang='lat' dir='ltr'>de</span> <span class='ocrx_word' id='word_1_308' title='bbox 600 4265 808 4346; x_wconf 88' lang='lat' dir='ltr'>Watervliet,</span> <span class='ocrx_word' id='word_1_309' title='bbox 840 4266 923 4331; x_wconf 84' lang='lat' dir='ltr'>alias</span> <span class='ocrx_word' id='word_1_310' title='bbox 949 4266 1030 4332; x_wconf 91' lang='lat' dir='ltr'>dicti</span> <span class='ocrx_word' id='word_1_311' title='bbox 1055 4266 1286 4350; x_wconf 86' lang='lat' dir='ltr'>Behagelaers,</span> <span class='ocrx_word' id='word_1_312' title='bbox 1312 4265 1428 4349; x_wconf 91' lang='lat' dir='ltr'>vigore</span> <span class='ocrx_word' id='word_1_313' title='bbox 1458 4263 1645 4333; x_wconf 84' lang='lat' dir='ltr'>litterarum</span> <span class='ocrx_word' id='word_1_314' title='bbox 1676 4262 1713 4333; x_wconf 83' lang='lat' dir='ltr'>S..</span> <span class='ocrx_word' id='word_1_315' title='bbox 1738 4260 1778 4328; x_wconf 91' lang='lat' dir='ltr'>V.</span> 
     </span>
     <span class='ocr_line' id='line_1_34' title="bbox 413 4356 1780 4456; baseline -0.003 -22"><span class='ocrx_word' id='word_1_316' title='bbox 413 4371 512 4435; x_wconf 84' lang='lat' dir='ltr'>luerit</span> <span class='ocrx_word' id='word_1_317' title='bbox 527 4370 676 4454; x_wconf 85' lang='lat' dir='ltr'>legitime</span> <span class='ocrx_word' id='word_1_318' title='bbox 692 4377 873 4450; x_wconf 86' lang='lat' dir='ltr'>assecutus,</span> <span class='ocrx_word' id='word_1_319' title='bbox 889 4369 1044 4456; x_wconf 89' lang='lat' dir='ltr'>ipsosque</span> <span class='ocrx_word' id='word_1_320' title='bbox 1059 4356 1229 4456; x_wconf 85' lang='lat' dir='ltr'>possideat</span> <span class='ocrx_word' id='word_1_321' title='bbox 1250 4368 1395 4455; x_wconf 87' lang='lat' dir='ltr'>pacifice</span> <span class='ocrx_word' id='word_1_322' title='bbox 1409 4374 1445 4431; x_wconf 91' lang='lat' dir='ltr'>et</span> <span class='ocrx_word' id='word_1_323' title='bbox 1460 4366 1582 4450; x_wconf 90' lang='lat' dir='ltr'>quiete,</span> <span class='ocrx_word' id='word_1_324' title='bbox 1599 4373 1634 4430; x_wconf 91' lang='lat' dir='ltr'>et</span> <span class='ocrx_word' id='word_1_325' title='bbox 1649 4364 1780 4430; x_wconf 90' lang='lat' dir='ltr'>dubitet</span> 
     </span>
     <span class='ocr_line' id='line_1_35' title="bbox 411 4469 1778 4560; baseline -0.004 -21"><span class='ocrx_word' id='word_1_326' title='bbox 411 4496 455 4539; x_wconf 91' lang='lat' dir='ltr'>ne</span> <span class='ocrx_word' id='word_1_327' title='bbox 473 4473 536 4560; x_wconf 92' lang='lat' dir='ltr'>ipsi</span> <span class='ocrx_word' id='word_1_328' title='bbox 561 4493 635 4539; x_wconf 90' lang='lat' dir='ltr'>can.</span> <span class='ocrx_word' id='word_1_329' title='bbox 662 4480 696 4538; x_wconf 89' lang='lat' dir='ltr'>et</span> <span class='ocrx_word' id='word_1_330' title='bbox 721 4475 813 4559; x_wconf 90' lang='lat' dir='ltr'>preb.</span> <span class='ocrx_word' id='word_1_331' title='bbox 841 4473 963 4538; x_wconf 88' lang='lat' dir='ltr'>fuerint</span> <span class='ocrx_word' id='word_1_332' title='bbox 987 4474 1156 4539; x_wconf 88' lang='lat' dir='ltr'>reservati.</span> <span class='ocrx_word' id='word_1_333' title='bbox 1180 4473 1310 4539; x_wconf 86' lang='lat' dir='ltr'>Idcirco</span> <span class='ocrx_word' id='word_1_334' title='bbox 1340 4491 1436 4556; x_wconf 93' lang='lat' dir='ltr'>supp.</span> <span class='ocrx_word' id='word_1_335' title='bbox 1452 4469 1540 4535; x_wconf 89' lang='lat' dir='ltr'>idem</span> <span class='ocrx_word' id='word_1_336' title='bbox 1558 4470 1670 4555; x_wconf 73' lang='lat' dir='ltr'>episc,</span> <span class='ocrx_word' id='word_1_337' title='bbox 1687 4477 1778 4553; x_wconf 83' lang='lat' dir='ltr'>quat.</span> 
     </span>
     <span class='ocr_line' id='line_1_36' title="bbox 412 4571 1778 4662; baseline -0.006 -19"><span class='ocrx_word' id='word_1_338' title='bbox 412 4578 525 4643; x_wconf 89' lang='lat' dir='ltr'>eidem</span> <span class='ocrx_word' id='word_1_339' title='bbox 543 4576 703 4657; x_wconf 89' lang='lat' dir='ltr'>Henrico,</span> <span class='ocrx_word' id='word_1_340' title='bbox 720 4577 753 4641; x_wconf 91' lang='lat' dir='ltr'>in</span> <span class='ocrx_word' id='word_1_341' title='bbox 771 4596 849 4644; x_wconf 82' lang='lat' dir='ltr'>casu</span> <span class='ocrx_word' id='word_1_342' title='bbox 865 4579 898 4641; x_wconf 90' lang='lat' dir='ltr'>in</span> <span class='ocrx_word' id='word_1_343' title='bbox 921 4598 988 4662; x_wconf 94' lang='lat' dir='ltr'>quo</span> <span class='ocrx_word' id='word_1_344' title='bbox 1013 4578 1151 4644; x_wconf 86' lang='lat' dir='ltr'>forsitan</span> <span class='ocrx_word' id='word_1_345' title='bbox 1168 4576 1249 4642; x_wconf 91' lang='lat' dir='ltr'>dicti</span> <span class='ocrx_word' id='word_1_346' title='bbox 1275 4596 1349 4641; x_wconf 87' lang='lat' dir='ltr'>can.</span> <span class='ocrx_word' id='word_1_347' title='bbox 1365 4584 1401 4639; x_wconf 90' lang='lat' dir='ltr'>et</span> <span class='ocrx_word' id='word_1_348' title='bbox 1426 4576 1529 4659; x_wconf 75' lang='lat' dir='ltr'>preb,</span> <span class='ocrx_word' id='word_1_349' title='bbox 1545 4581 1583 4637; x_wconf 93' lang='lat' dir='ltr'>ut</span> <span class='ocrx_word' id='word_1_350' title='bbox 1606 4571 1778 4657; x_wconf 82' lang='lat' dir='ltr'>prefertur,</span> 
     </span>
     <span class='ocr_line' id='line_1_37' title="bbox 413 4675 1776 4766; baseline -0.007 -19"><span class='ocrx_word' id='word_1_351' title='bbox 413 4683 539 4747; x_wconf 81' lang='lat' dir='ltr'>fuerint</span> <span class='ocrx_word' id='word_1_352' title='bbox 554 4682 723 4762; x_wconf 86' lang='lat' dir='ltr'>reservati,</span> <span class='ocrx_word' id='word_1_353' title='bbox 736 4701 810 4747; x_wconf 90' lang='lat' dir='ltr'>can.</span> <span class='ocrx_word' id='word_1_354' title='bbox 826 4689 861 4745; x_wconf 90' lang='lat' dir='ltr'>et</span> <span class='ocrx_word' id='word_1_355' title='bbox 876 4683 968 4766; x_wconf 89' lang='lat' dir='ltr'>preb.</span> <span class='ocrx_word' id='word_1_356' title='bbox 984 4679 1120 4745; x_wconf 89' lang='lat' dir='ltr'>eosdem</span> <span class='ocrx_word' id='word_1_357' title='bbox 1144 4680 1187 4745; x_wconf 93' lang='lat' dir='ltr'>de</span> <span class='ocrx_word' id='word_1_358' title='bbox 1212 4699 1305 4745; x_wconf 90' lang='lat' dir='ltr'>novo</span> <span class='ocrx_word' id='word_1_359' title='bbox 1321 4676 1470 4743; x_wconf 87' lang='lat' dir='ltr'>conferre</span> <span class='ocrx_word' id='word_1_360' title='bbox 1485 4675 1667 4759; x_wconf 88' lang='lat' dir='ltr'>dignemini</span> <span class='ocrx_word' id='word_1_361' title='bbox 1683 4697 1690 4753; x_wconf 92' lang='lat'>;</span> <span class='ocrx_word' id='word_1_362' title='bbox 1708 4694 1776 4738; x_wconf 89' lang='lat' dir='ltr'>non</span> 
     </span>
     <span class='ocr_line' id='line_1_38' title="bbox 414 4778 1777 4870; baseline -0.008 -18"><span class='ocrx_word' id='word_1_363' title='bbox 414 4790 502 4853; x_wconf 84' lang='lat' dir='ltr'>obst.</span> <span class='ocrx_word' id='word_1_364' title='bbox 519 4786 610 4870; x_wconf 92' lang='lat' dir='ltr'>quod</span> <span class='ocrx_word' id='word_1_365' title='bbox 624 4785 713 4851; x_wconf 91' lang='lat' dir='ltr'>idem</span> <span class='ocrx_word' id='word_1_366' title='bbox 731 4784 898 4850; x_wconf 88' lang='lat' dir='ltr'>Henricus</span> <span class='ocrx_word' id='word_1_367' title='bbox 921 4805 995 4850; x_wconf 86' lang='lat' dir='ltr'>can.</span> <span class='ocrx_word' id='word_1_368' title='bbox 1012 4792 1047 4848; x_wconf 90' lang='lat' dir='ltr'>et</span> <span class='ocrx_word' id='word_1_369' title='bbox 1062 4786 1154 4869; x_wconf 90' lang='lat' dir='ltr'>preb.</span> <span class='ocrx_word' id='word_1_370' title='bbox 1170 4785 1252 4849; x_wconf 90' lang='lat' dir='ltr'>eccl.</span> <span class='ocrx_word' id='word_1_371' title='bbox 1269 4784 1301 4848; x_wconf 86' lang='lat' dir='ltr'>S.</span> <span class='ocrx_word' id='word_1_372' title='bbox 1317 4780 1455 4846; x_wconf 88' lang='lat' dir='ltr'>Vedasti</span> <span class='ocrx_word' id='word_1_373' title='bbox 1477 4778 1686 4847; x_wconf 85' lang='lat' dir='ltr'>Suessionen.</span> <span class='ocrx_word' id='word_1_374' title='bbox 1702 4798 1777 4842; x_wconf 90' lang='lat' dir='ltr'>nos-</span> 
     </span>
     <span class='ocr_line' id='line_1_39' title="bbox 413 4880 1022 4957; baseline -0.008 -1"><span class='ocrx_word' id='word_1_375' title='bbox 413 4892 503 4957; x_wconf 90' lang='lat' dir='ltr'>citur</span> <span class='ocrx_word' id='word_1_376' title='bbox 518 4889 681 4955; x_wconf 90' lang='lat' dir='ltr'>obtinere.</span> <span class='ocrx_word' id='word_1_377' title='bbox 702 4925 734 4937; x_wconf 94' lang='lat'>-</span> <span class='ocrx_word' id='word_1_378' title='bbox 756 4887 837 4954; x_wconf 88' lang='lat' dir='ltr'>Fiat</span> <span class='ocrx_word' id='word_1_379' title='bbox 854 4887 894 4954; x_wconf 90' lang='lat' dir='ltr'>R.</span> <span class='ocrx_word' id='word_1_380' title='bbox 1020 4880 1022 4884; x_wconf 68' lang='grc'><strong>’</strong></span> 
     </span>
    </p>

    <p class='ocr_par' dir='ltr' id='par_1_12' title="bbox 459 4991 1180 5074">
     <span class='ocr_line' id='line_1_40' title="bbox 459 4991 1180 5074; baseline -0.006 -17"><span class='ocrx_word' id='word_1_381' title='bbox 459 4992 541 5058; x_wconf 87' lang='lat' dir='ltr'>Dat.</span> <span class='ocrx_word' id='word_1_382' title='bbox 556 4991 656 5057; x_wconf 86' lang='lat' dir='ltr'>Avin.</span> <span class='ocrx_word' id='word_1_383' title='bbox 674 4996 692 5056; x_wconf 89' lang='lat'>6</span> <span class='ocrx_word' id='word_1_384' title='bbox 707 5012 788 5057; x_wconf 92' lang='lat' dir='ltr'>non.</span> <span class='ocrx_word' id='word_1_385' title='bbox 803 4991 883 5056; x_wconf 89' lang='lat' dir='ltr'>maii</span> <span class='ocrx_word' id='word_1_386' title='bbox 899 4998 932 5056; x_wconf 90' lang='lat' dir='ltr'>a⁰</span> <span class='ocrx_word' id='word_1_387' title='bbox 949 4997 987 5055; x_wconf 90' lang='lat'>2⁰.</span> <span class='ocrx_word' id='word_1_388' title='bbox 1006 4992 1057 5073; x_wconf 85' lang='grc'>(4,</span> <span class='ocrx_word' id='word_1_389' title='bbox 1076 4991 1180 5074; x_wconf 75' lang='lat'>325&#39;).</span> 
     </span>
    </p>
   </div>
   <div class='ocr_carea' id='block_1_7' title="bbox 450 5231 1066 5293">
    <p class='ocr_par' dir='ltr' id='par_1_13' title="bbox 450 5231 1066 5293">
     <span class='ocr_line' id='line_1_41' title="bbox 450 5231 1066 5293; baseline 0.002 -14"><span class='ocrx_word' id='word_1_390' title='bbox 450 5234 471 5279; x_wconf 92' lang='lat'>1.</span> <span class='ocrx_word' id='word_1_391' title='bbox 483 5231 632 5279; x_wconf 80' lang='lat' dir='ltr'>Guillnumc</span> <span class='ocrx_word' id='word_1_392' title='bbox 642 5231 674 5279; x_wconf 86' lang='lat' dir='ltr'>de</span> <span class='ocrx_word' id='word_1_393' title='bbox 686 5232 840 5280; x_wconf 74' lang='lat' dir='ltr'>Flerocourt</span> <span class='ocrx_word' id='word_1_394' title='bbox 851 5232 954 5293; x_wconf 83' lang='lat' dir='ltr'>(Eubel,</span> <span class='ocrx_word' id='word_1_395' title='bbox 969 5232 987 5293; x_wconf 88' lang='grc' dir='ltr'>Ι,</span> <span class='ocrx_word' id='word_1_396' title='bbox 1000 5232 1066 5292; x_wconf 80' lang='lat'>123).</span> 
     </span>
    </p>
   </div>
   <div class='ocr_carea' id='block_1_8' title="bbox 0 0 2330 6053">
    <p class='ocr_par' dir='ltr' id='par_1_14' title="bbox 0 0 2330 6053">
     <span class='ocr_line' id='line_1_42' title="bbox 0 0 2330 6053; baseline 0 0"><span class='ocrx_word' id='word_1_397' title='bbox 0 0 2330 6053; x_wconf 95' lang='lat' dir='ltr'> </span> 
     </span>
    </p>
   </div>
  </div>
 </body>
</html>
