4650 6059
481 779 542 843 236
1001 776 1089 848 1345.
1112 776 1166 841 8-9
1188 776 1315 842 octobre.

480 928 540 992 sibi
569 928 668 1006 facto,
697 927 880 1012 dignemini
897 925 940 992 de
967 926 1049 991 eccl.
1073 925 1115 990 de
1139 925 1267 1008 Quarta
1292 923 1444 1006 Mathe0,
1461 936 1496 993 et
1511 928 1553 994 de
1569 931 1652 995 eccl.
1669 930 1714 997 de
1729 929 1848 996 Stratis

480 1032 647 1118 predictis,
670 1032 717 1098 sie
745 1053 828 1111 vac,
855 1030 1000 1109 Johanni
1022 1029 1169 1115 prefatis,
1192 1038 1279 1095 auct.
1306 1038 1414 1116 apost.
1431 1031 1617 1117 providere.
1633 1074 1677 1084 -
1694 1031 1773 1100 Fiat
1788 1055 1848 1122 pro

482 1119 623 1220 utroque
642 1135 681 1201 R.

525 1240 605 1306 Dat.
622 1261 675 1328 ap.
693 1238 940 1306 villamnovam
959 1260 975 1325 5
993 1260 1072 1306 non.
1090 1247 1156 1306 oct.
1173 1245 1205 1305 a⁰
1221 1246 1264 1324 4⁰.
1283 1240 1333 1325 (8,
1352 1260 1368 1325 5
1394 1241 1420 1324 ).

533 1378 646 1464 937.
1513 1413 1532 1457 1
1532 1412 1575 1477 34
1575 1413 1609 1477 5,
1626 1396 1648 1458 8
1663 1396 1805 1460 octobre.

524 1496 625 1583 Supp.
642 1495 849 1561 Christianus
864 1496 906 1562 de
924 1495 997 1561 Elst
1013 1506 1033 1574 ¹,
1051 1494 1193 1560 nuncius
1208 1494 1250 1560 ad
1267 1494 1306 1560 V.
1330 1495 1362 1561 S.
1386 1516 1488 1578 nunc,
1505 1504 1539 1562 et
1555 1497 1639 1563 alias
1663 1497 1706 1564 ad
1730 1498 1846 1584 prede·

480 1622 644 1667 cessorem
661 1610 820 1682 vestrum,
838 1609 991 1687 exparte
1008 1598 1248 1666 Universitatis
1272 1599 1432 1666 Parisien.
1448 1599 1645 1683 destinatus
1662 1602 1844 1687 quodcum

481 1706 563 1771 alias
590 1706 623 1769 in
652 1705 807 1771 faciendo
832 1704 941 1770 eidem
968 1725 1015 1791 gr.
1043 1706 1223 1792 specialem
1253 1705 1296 1771 de
1322 1706 1475 1792 parroch.
1500 1706 1582 1772 eccl.
1609 1698 1652 1773 de
1683 1707 1845 1786 Dracher,

481 1810 639 1875 Leodien.
652 1810 750 1890 dioc,
761 1829 835 1875 vac.
847 1808 879 1873 in
893 1809 985 1875 curia
1001 1831 1042 1874 ex
1058 1831 1126 1876 non
1143 1810 1357 1897 promotione
1378 1810 1422 1876 ad
1431 1809 1583 1875 ordinem
1599 1809 1846 1878 sacerdotalem

481 1914 563 1980 infra
583 1922 717 1999 tempus
738 1914 819 2000 juris
845 1912 979 1979 Geraldi
1004 1913 1047 1980 de
1071 1915 1237 2000 Ampstel,
1255 1935 1313 1980 seu
1340 1913 1643 2000 quomodocunque
1660 1914 1745 1981 alias
1759 1915 1847 2004 apud

481 2019 595 2085 sedem
612 2027 720 2106 apost.
739 2018 809 2104 ipsa
824 2026 969 2099 vacaret,
987 2019 1086 2085 aliam
1103 2040 1150 2103 gr.
1167 2018 1257 2104 prius
1273 2038 1332 2104 per
1348 2018 1380 2085 S.
1392 2017 1431 2084 V.
1448 2018 1509 2084 sibi
1527 2018 1652 2085 saetam
1667 2019 1711 2085 de
1728 2040 1802 2086 can.
1813 2029 1846 2085 et

480 2125 572 2209 preb.
589 2122 671 2189 eccl.
688 2121 848 2188 Leodien.
865 2122 1046 2189 revocastis
1064 2124 1135 2187 sive
1157 2121 1351 2201 annulastis,
1368 2122 1521 2206 quamvis
1535 2142 1583 2208 gr.
1599 2122 1641 2189 de
1656 2122 1750 2189 dicta
1765 2124 1846 2190 eccl.

481 2227 523 2292 de
549 2227 700 2295 Dracher
723 2225 871 2313 pluribus
895 2225 958 2292 viis
982 2225 1091 2292 eidem
1116 2225 1308 2292 Christiano
1324 2234 1437 2311 posset
1453 2226 1545 2292 reddi
1562 2213 1711 2308 inutilis;
1732 2236 1806 2294 tum
1821 2228 1845 2293 si

481 2331 512 2396 S.
529 2330 568 2396 V.
594 2330 636 2396 de
659 2330 730 2415 ipsa
753 2330 843 2415 prius
865 2330 1074 2417 disposuerit,
1091 2329 1182 2415 quod
1197 2330 1305 2410 timet,
1321 2337 1394 2396 tum
1410 2329 1436 2396 si
1452 2330 1570 2417 aliquis
1585 2336 1598 2365 ⁸
1614 2329 1800 2418 impetrans
1814 2334 1846 2398 in

480 2435 586 2500 forma
612 2433 781 2499 communi
807 2434 912 2520 ipsam
938 2435 1019 2500 eccl.
1044 2442 1124 2500 ante
1145 2434 1221 2500 coll.
1246 2442 1392 2499 vestram
1408 2434 1470 2500 sibi
1487 2433 1610 2500 factam
1626 2445 1847 2522 acceptasset,

481 2548 552 2604 tum
580 2546 718 2625 propter
744 2539 867 2605 multas
893 2538 974 2604 alias
998 2538 1074 2603 lites
1098 2559 1163 2623 que
1189 2536 1277 2604 circa
1301 2538 1367 2603 hoc
1391 2545 1533 2624 possunt
1559 2538 1727 2620 incidere,
1744 2540 1848 2607 etiam

480 2651 617 2730 propter
641 2644 831 2729 potentiam
856 2642 1076 2729 occupatoris,
1101 2649 1136 2708 et
1157 2642 1205 2709 sic
1225 2662 1246 2708 a
1265 2642 1297 2707 S.
1314 2640 1354 2707 V.
1370 2639 1480 2708 dictus
1495 2640 1706 2709 Christianus
1720 2646 1850 2711 nullam

480 2770 527 2835 gr.
551 2755 737 2836 reportaret
759 2768 767 2814 ε
796 2768 899 2833 quare
922 2765 1017 2832 supp.
1034 2752 1072 2811 ut
1087 2745 1148 2811 sibi
1164 2745 1207 2812 de
1222 2745 1321 2811 dictis
1337 2764 1411 2812 can.
1428 2751 1462 2810 et
1476 2748 1569 2832 preb.
1586 2747 1668 2813 ecel.
1686 2746 1850 2815 Leodien.

481 2856 541 2919 suh
557 2853 635 2919 data
650 2854 711 2917 sub
728 2871 793 2936 qua
811 2850 900 2936 ipsos
915 2850 997 2917 alias
1013 2849 1073 2915 sibi
1091 2849 1290 2929 contulistis,
1303 2857 1338 2916 et
1350 2852 1410 2915 sub
1427 2848 1504 2916 data
1518 2848 1702 2918 Facultatis
1714 2854 1850 2919 Artium

480 2978 539 3043 per
568 2956 606 3021 E.
634 2956 666 3021 S.
686 2953 725 3021 V.
753 2954 979 3035 concedenda,
1005 2953 1188 3039 dignemini
1209 2952 1385 3039 providere
1401 2976 1409 3034 ;
1426 2974 1494 3020 non
1512 2958 1597 3021 obst.
1614 2956 1705 3040 quod
1722 2978 1799 3025 ean.
1816 2967 1850 3023 et

481 3064 573 3147 preb.
599 3060 681 3126 eccl.
707 3058 738 3124 S.
766 3058 907 3124 Servatii
932 3057 1167 3143 Trajectensis,
1194 3056 1354 3123 Leodien.
1381 3056 1478 3137 dioc,
1503 3066 1662 3124 noscatur
1683 3060 1849 3140 obtinere,

480 3185 614 3230 necnon
638 3184 685 3247 gr.
711 3162 771 3227 sihi
794 3162 883 3228 sacta
904 3163 945 3229 de
966 3162 1057 3227 dicta
1080 3161 1233 3245 parroch.
1257 3162 1339 3227 eccl.
1360 3161 1402 3227 de
1420 3160 1578 3242 Dracher,
1594 3162 1685 3229 dicte
1701 3162 1791 3230 dioc.
1807 3204 1848 3215 -

484 3269 559 3335 Fiat
575 3271 634 3333 sub
651 3267 729 3333 data
749 3266 957 3343 nunciorum,
981 3264 1020 3330 R.

529 3373 614 3437 Item
640 3392 735 3457 supp.
758 3370 847 3436 idem
875 3369 1094 3448 Christianus,
1118 3369 1208 3453 quod
1230 3389 1306 3435 cum
1328 3369 1359 3435 S.
1376 3368 1416 3434 V.
1432 3369 1514 3434 alias
1535 3368 1681 3454 providit
1697 3370 1845 3436 dedicta

485 3479 566 3543 eccl.
582 3477 624 3541 de
642 3475 800 3554 Dracher,
817 3494 891 3538 vac.
907 3480 944 3538 ut
960 3472 1132 3559 prefertur,
1149 3483 1239 3559 quat.
1256 3474 1410 3559 dignetur
1424 3474 1462 3539 F..
1487 3474 1518 3539 S.
1535 3472 1574 3538 V.
1592 3471 1714 3539 addere
1730 3475 1846 3540 litteris

485 3583 574 3648 dicte
600 3581 706 3665 gratie
733 3579 914 3645 clausulam
943 3578 1130 3662 hujusmodi
1161 3599 1169 3644 ε
1195 3580 1297 3644 etiam
1324 3579 1627 3663 quomodocunque
1650 3578 1744 3645 dicta
1767 3581 1846 3645 eccl.

485 3695 578 3750 extra
605 3685 731 3751 curiam
758 3683 943 3764 vacaverit,
968 3682 1153 3748 dummodo
1180 3684 1262 3748 nulli
1290 3684 1345 3748 alii
1373 3682 1459 3749 soret
1482 3684 1536 3767 jus
1560 3684 1594 3748 in
1618 3704 1653 3749 re
1681 3685 1845 3769 quesitum

485 3791 518 3853 in
535 3789 664 3855 eadem.
680 3829 724 3837 —
740 3786 816 3853 Fiat
833 3787 873 3854 R.

527 3893 606 3958 Dat.
621 3892 722 3957 Avin.
741 3893 759 3956 8
775 3892 818 3958 id.
836 3901 902 3957 oct.
919 3898 952 3956 a⁰
967 3897 1011 3974 4⁰.
1029 3892 1080 3975 (8,
1098 3894 1181 3975 55⁸).

534 4032 784 4118 938-939.
1516 4060 1610 4124 1545,
1628 4062 1647 4124 9
1664 4044 1804 4109 octobre.

526 4152 627 4236 Supp.
659 4148 907 4232 G(uillelmus),
938 4146 1128 4210 vicecomes
1163 4141 1357 4223 Bellifortis,
1389 4152 1482 4228 quat.
1518 4144 1637 4232 [famil.
1669 4167 1730 4237 suo
1760 4168 1846 4232 mag.

482 4252 631 4331 Johanni
649 4252 759 4336 Regis,
775 4254 848 4315 bac.
866 4250 899 4313 in
916 4252 989 4332 leg,
1005 4246 1110 4333 mag]
1130 4247 1309 4311 liberorum
1326 4268 1470 4327 suorum,
1484 4247 1526 4313 de
1538 4249 1691 4335 parroch.
1708 4252 1790 4317 eccl.
1805 4251 1846 4317 de

484 4356 737 4439 Walvringhem
747 4365 766 4435 ²,
781 4354 949 4420 hlorinen.
960 4353 1056 4431 dioc,
1074 4374 1146 4417 vac.
1163 4351 1251 4437 apud
1268 4352 1380 4417 sedem
1397 4363 1505 4439 apost.
1522 4374 1581 4439 per
1595 4365 1742 4420 mortem
1757 4357 1846 4422 dom.

483 4459 602 4538 Jacobi
629 4459 762 4539 Cauu'e,
779 4461 834 4543 qui
851 4479 956 4543 nuper
972 4468 1065 4522 extra
1083 4457 1181 4522 Rom.
1199 4478 1265 4522 cur.
1282 4457 1371 4522 diem
1388 4458 1505 4523 clausit
1521 4466 1719 4540 extremum,
1736 4470 1771 4525 et
1787 4482 1847 4547 pro

484 4585 525 4628 eo
542 4563 631 4647 quod
647 4563 736 4628 dicta
754 4565 835 4628 eccl.
852 4573 931 4626 ante
949 4563 1049 4647 ipsius
1065 4561 1185 4639 Jacobi
1212 4571 1355 4626 mortem
1373 4562 1478 4627 fuerat
1502 4562 1590 4648 apud
1606 4562 1720 4627 sedem
1738 4574 1846 4650 apost.

483 4676 664 4745 reservata,
681 4666 789 4731 eidem
806 4666 987 4750 dignemini
1005 4665 1202 4751 providere;
1220 4686 1288 4730 non
1306 4669 1390 4731 obst.
1408 4667 1497 4750 quod
1512 4669 1589 4733 ben.
1606 4667 1688 4732 eccl.
1706 4687 1735 4733 c.
1751 4689 1781 4733 e.
1794 4672 1846 4733 vel

483 4794 508 4836 S.
536 4791 575 4850 c.,
603 4770 732 4834 etiamsi
760 4770 1090 4855 archipresbiteratus
1111 4770 1245 4847 existat,
1268 4790 1342 4834 vac.
1362 4771 1415 4833 vel
1431 4779 1540 4835 vacat.
1558 4771 1590 4834 in
1608 4770 1672 4836 civ.
1689 4773 1744 4836 vel
1760 4772 1846 4840 dioc.

483 4875 672 4953 Caturcen,
690 4874 813 4939 virtute
841 4874 1025 4939 litterarum
1051 4874 1082 4938 S.
1106 4872 1155 4951 V,
1180 4872 1222 4938 ad
1246 4873 1469 4957 cujuscunque
1493 4895 1551 4939 seu
1572 4896 1846 4964 quorumcunque

514 5064 743 5125 mffidfflwm

486 5173 737 5185 —n———n——n

517 5231 973 5281 hwhnfflh-zwmnffb
