4650 6059
483 778 549 843 204.
1051 776 1137 849 1345,
1162 776 1195 839 12
1218 793 1308 842 mars.

481 929 747 995 nominationem
771 928 863 995 dom.
876 928 972 1013 regis
995 925 1146 1008 Francie,
1163 948 1236 993 can.
1261 928 1383 993 existat
1406 931 1466 994 sub
1491 950 1566 1015 exp.
1582 932 1675 1014 preb.
1691 970 1736 979 —
1759 930 1849 1010 Fiat,

482 1033 587 1099 etiam
604 1032 630 1099 si
646 1034 990 1119 archipresbyteratus
1005 1032 1059 1096 vel
1074 1051 1160 1117 pers.
1177 1031 1311 1097 existat.
1323 1031 1363 1097 R.

526 1178 611 1237 825.
642 1169 731 1235 Item
761 1191 857 1256 supp.
888 1179 979 1254 quat.
1014 1169 1280 1255 [consanguineo
1309 1191 1368 1236 suo
1398 1191 1567 1256 germano,
1585 1169 1772 1238 Bertrando
1803 1174 1854 1238 de

485 1273 670 1354 Rocovilla,
687 1273 781 1359 cler]
800 1273 983 1340 Tholosan.
1009 1273 1107 1354 dioc,
1132 1274 1275 1339 similem
1298 1274 1442 1358 gratiam
1466 1274 1574 1340 facere
1604 1274 1788 1360 dignemini
1812 1287 1856 1341 et

481 1378 592 1442 velitis
607 1377 650 1442 ad
680 1378 788 1443 coll...
816 1375 1011 1462 archiepisc.
1038 1375 1312 1461 Cesaraugustan.
1328 1388 1363 1443 et
1384 1379 1453 1463 ejus
1469 1378 1605 1463 capituli
1622 1379 1856 1445 communiter

481 1483 534 1544 vel
558 1481 691 1546 divisim
703 1504 711 1560 ;
739 1501 806 1546 non
835 1483 921 1546 obst.
945 1480 1035 1565 quod
1060 1480 1148 1545 idem
1173 1478 1376 1546 Bertrandus
1399 1483 1481 1547 eccl.
1508 1482 1550 1547 de
1573 1480 1736 1548 Caussera
1752 1494 1788 1547 et
1804 1483 1856 1548 de

481 1584 593 1664 Serris,
610 1584 778 1650 Auxitane
793 1584 891 1666 dioc,
916 1584 969 1650 cui
984 1603 1064 1649 cura
1079 1583 1232 1649 imminet
1254 1584 1451 1666 animarum,
1471 1585 1621 1651 obtineat
1642 1594 1678 1650 et
1699 1587 1790 1670 quod
1813 1587 1853 1652 irr

480 1689 562 1754 eccl.
579 1686 723 1754 Vauren.
739 1710 781 1753 ex
796 1688 905 1773 gratia
920 1686 952 1753 S.
969 1685 1019 1766 V.‚
1036 1686 1081 1752 ad
1095 1688 1361 1754 nominationem
1378 1689 1459 1756 dicti
1483 1690 1573 1757 dom.
1589 1690 1675 1775 regis
1692 1687 1852 1769 Francie,

480 1812 554 1857 can.
572 1792 694 1858 existat
709 1796 770 1858 sub
787 1813 862 1879 exp.
879 1794 972 1878 preb.
987 1833 1031 1841 -
1047 1791 1123 1856 Fiat
1140 1791 1179 1857 R.
1284 1791 1286 1795 ’

525 1895 603 1960 Dat.
621 1917 674 1982 ap.
691 1895 939 1962 Villamnovam
956 1918 975 1980 4
991 1894 1035 1961 id.
1050 1905 1144 1961 mart.
1161 1905 1194 1962 a⁰
1212 1903 1252 1981 3⁰.
1270 1898 1319 1980 (6,
1337 1898 1402 1971 88).
