4650 6059
861 817 866 824 ·
917 792 1008 867 ult,
1029 792 1116 858 2o31
1134 792 1262 874 janvier.
1698 801 1770 870 em

420 943 490 1113 dioq,
505 942 538 1010 in
545 943 776 1114 lqnonasrterio
790 942 1002 1030 Sybergensi,
1015 942 1057 1009 Ο.
1070 943 1103 1009 S.
1115 941 1166 1025 B,
1178 942 1357 1012 Colonien.
1368 943 1467 1028 dioc,
1483 948 1586 1036 recipi
1598 949 1767 1035 facim

421 1087 449 1098 —
483 1048 529 1114 iat
582 1098 590 1115 .

448 1149 519 1216 Dat.
531 1150 639 1217 Avin.
655 1173 677 1236 4
692 1149 763 1218 kal.
778 1151 860 1218 febr.
874 1157 909 1218 a⁰
925 1157 969 1218 2⁰.
984 1151 1037 1236 (4,
1058 1151 1159 1236 155').

363 1299 372 1324 ⁷
452 1287 706 1372 647·648.
1420 1326 1515 1391 1344,
1528 1327 1570 1393 ²9
1580 1307 1723 1391 jormier.

363 1425 370 1500 ’-
447 1405 542 1494 Supp.
573 1407 774 1474 Anthonius
802 1405 845 1474 de
875 1405 1014 1492 Bugella
1039 1418 1060 1487 ¹,
1087 1425 1163 1472 can.
1194 1404 1366 1488 Leodien.,
1391 1410 1447 1493 qui
1472 1409 1535 1476 fuit
1558 1414 1767 1481 examinator

363 1599 366 1606 .
416 1529 586 1598 pauperum
601 1510 801 1578 clericormn
816 1510 991 1597 provincie
1005 1509 1198 1592 Treveren,
1213 1518 1306 1596 quat.
1325 1510 1493 1599 [Danieli]
1511 1513 1555 1580 de
1570 1513 1767 1602 Verguasto,

417 1611 589 1680 l'ercellen.
604 1613 704 1695 dioc,
719 1615 762 1681 de
778 1635 853 1682 can.
868 1622 904 1681 et
919 1617 1012 1702 preb.
1031 1613 1121 1702 [vac.
1136 1615 1192 1679 vel
1207 1613 1337 1702 vacat]
1360 1617 1444 1684 eccl.
1455 1617 1489 1683 S.
1505 1615 1556 1702 M.
1571 1618 1767 1704 vercellen,

413 1717 493 1804 cujus
507 1717 666 1785 canonici
683 1738 720 1784 se
735 1718 916 1784 nominant
932 1711 1162 1785 vercellenses
1178 1719 1371 1802 canonicos,
1382 1730 1519 1808 propter
1534 1725 1660 1792 multos
1671 1734 1767 1792 actus

411 1821 571 1908 inquibus
587 1821 806 1910 expediendis
820 1822 982 1891 interesse
997 1822 1123 1890 debent
1138 1843 1217 1890 cum
1233 1823 1382 1910 capitulo
1396 1832 1432 1890 et
1447 1826 1620 1893 canonicis
1634 1815 1768 1896 vercel·

409 1925 477 2006 len,
500 1924 613 1992 eidem
642 1924 789 2007 Danieli,
815 1946 886 1992 non
910 1928 998 1992 obst.
1022 1924 1114 2011 quod
1137 1926 1172 1991 in
1197 1927 1280 1992 eccl.
1303 1926 1335 1992 S.
1352 1926 1442 1993 Petri
1466 1928 1629 1996 Leodien.
1642 1951 1718 1998 can.
1732 1941 1767 1998 et

405 2031 492 2116 preb.
508 2028 664 2096 obtinere
679 2037 849 2113 noscatur,
863 2029 1047 2116 dignemini
1066 2029 1255 2118 providere.
1269 2071 1313 2080 -
1329 2029 1407 2098 Fiat
1424 2032 1465 2098 R.

444 2173 529 2234 648.
549 2165 638 2232 Item
655 2187 751 2254 supp.
768 2167 857 2234 idem
879 2168 1058 2249 Antonius,
1082 2176 1175 2254 quat.
1195 2167 1375 2256 [Nicolao]
1390 2168 1432 2235 de
1446 2167 1563 2236 Meiiia
1574 2181 1594 2252 ⁸,
1608 2171 1767 2240 Leodieru

402 2270 498 2351 dioc,
522 2271 567 2338 de
591 2291 668 2338 can.
693 2280 728 2338 et
752 2275 845 2359 preb.
861 2272 893 2340 S.
910 2270 1060 2339 Materni
1085 2274 1119 2340 in
1144 2273 1227 2340 eccl.
1248 2272 1420 2356 Leodien.,
1439 2273 1531 2362 [vac.
1554 2279 1608 2342 vel
1624 2277 1764 2364 vacat.,]

401 2393 468 2437 non
500 2375 588 2439 obst.
618 2373 710 2458 quod
739 2374 775 2440 in
805 2375 924 2442 eadem
954 2378 1036 2442 eccl.
1067 2375 1228 2442 Leodien.
1259 2396 1333 2443 can.
1348 2386 1384 2442 et
1398 2381 1491 2463 preb.
1522 2399 1626 2466 parve
1650 2401 1767 2446 mense

402 2477 568 2558 obtineat,
606 2497 691 2562 quos
727 2477 898 2545 dimittere
934 2487 1090 2547 teneatur
1127 2480 1263 2566 quando
1299 2480 1470 2568 predictos
1506 2503 1580 2549 can.
1609 2493 1645 2549 et
1674 2487 1766 2570 preb

401 2580 432 2646 S.
445 2579 598 2647 Materni
615 2581 760 2668 adeptus
776 2581 874 2648 fuerit
888 2584 1039 2670 pacifice,
1055 2584 1238 2669 dignemini
1254 2584 1442 2670 providere.
1454 2627 1498 2636 -
1514 2584 1591 2652 Fiat
1607 2586 1648 2654 R.

444 2684 527 2752 ιλιι.
543 2683 766 2769 nvrn.4nar.
779 2684 861 2753 febr.
876 2693 911 2752 ar
927 2694 970 2753 20.
985 2689 1037 2772 (4,
1057 2688 1160 2772 mov).
1413 2670 1418 2678 '

451 2815 712 2910 649·650.
1413 2859 1509 2924 1344,
1525 2859 1569 2923 51
1579 2838 1725 2920 Jonaicr.

442 2943 549 3030 Supp.
559 2941 633 3008 dec.
643 2949 679 3008 et
689 2939 874 3028 capitulum
885 2943 968 3009 eccl.
978 2939 1190 3027 SGaugerici
1200 2940 1514 3026 Cameracenquod
1527 2964 1604 3008 curu
1615 2944 1768 3010 nonnulli

402 3046 513 3112 clerici
530 3053 567 3112 et
581 3066 726 3132 persone
748 3045 986 3126 ecclesiastice,
1002 3053 1073 3111 tam
1091 3047 1258 3129 regulares
1273 3065 1375 3130 quam
1391 3047 1557 3111 seculares
1573 3046 1607 3111 in
1622 3047 1768 3132 dignita·

403 3153 490 3215 tibus
499 3160 534 3216 et
546 3150 781 3236 personatibus
791 3150 985 3229 constitute,
997 3169 1130 3214 necnon
1142 3148 1255 3228 duces,
1268 3149 1419 3228 comites,
1431 3152 1582 3231 barones
1595 3151 1724 3216 nobiles
1734 3162 1769 3216 et

406 3255 641 3318 universitates
665 3262 861 3335 castrorum,
883 3254 1036 3317 villamm
1064 3261 1098 3316 et
1123 3252 1198 3317 laici
1224 3252 1256 3315 in
1282 3254 1450 3318 nonnullis
1474 3255 1571 3319 bonis
1592 3263 1626 3318 et
1643 3254 1769 3338 juribus

407 3359 492 3424 dicte
517 3368 632 3424 nostre
657 3357 799 3424 ecclesie
823 3377 863 3422 ac
887 3355 1044 3420 membris
1064 3355 1175 3440 ipsius,
1193 3363 1262 3419 tam
1281 3356 1365 3420 inira
1381 3356 1504 3420 limites
1519 3358 1609 3440 regni
1628 3355 1769 3422 Francie

408 3485 503 3546 qnam
521 3463 556 3527 in
583 3463 725 3547 imperio
748 3468 784 3525 et
808 3460 953 3545 partium
975 3459 1170 3534 vicinarum,
1188 3460 1452 3544 perpotentiam
1469 3468 1503 3524 et
1520 3460 1769 3545 oppressionem

410 3588 445 3632 ac
460 3567 828 3651 incendium,tempore
842 3584 1034 3649 guerrarum
1050 3564 1206 3639 maxime,
1214 3584 1290 3628 curn
1307 3563 1340 3626 in
1356 3563 1533 3628 duodecim
1550 3564 1637 3628 villis
1652 3585 1769 3628 earun-

409 3671 480 3736 ‹lem
508 3672 655 3758 partium
676 3669 826 3736 redditus
843 3669 988 3753 ipsorum
1006 3667 1239 3743 consisterent,
1253 3688 1295 3731 ex
1311 3667 1429 3752 quibus
1445 3689 1514 3733 non
1530 3668 1691 3733 remansit
1706 3668 1768 3732 nisi

411 3795 471 3838 una
500 3795 578 3840 cunr
610 3773 759 3853 dimidia,
790 3772 989 3856 qninyrnmo
1010 3771 1242 3836 miserabiliter
1272 3771 1337 3835 alie
1368 3770 1499 3835 luerunt
1531 3775 1705 3836 combuste
1735 3780 1769 3836 et

411 3880 539 3961 penitus
568 3876 766 3963 dilapidate,
798 3877 932 3961 insuper
962 3876 995 3939 in
1026 3876 1125 3941 bonis
1155 3877 1222 3941 suis
1253 3876 1326 3940 aliis
1356 3882 1389 3939 et
1417 3875 1544 3959 juribus
1570 3875 1613 3939 ad
1643 3876 1768 3939 dictam

413 3981 582 4048 ecclesiam
603 3988 755 4045 nostram
780 3980 1011 4066 spectantibus
1034 3979 1265 4063 multipliciter
1288 3978 1465 4043 afflixerint
1501 3987 1535 4041 et
1573 3978 1620 4042 eis
1645 3980 1769 4043 multas

416 4084 579 4150 intulerint
603 4092 639 4149 et
665 4084 827 4149 continue
856 4084 1000 4149 inierant
1026 4084 1198 4149 molestias
1222 4092 1256 4148 et
1278 4085 1436 4169 jacturas,
1460 4082 1585 4147 eisdem
1613 4081 1770 4147 reddatur

363 4243 364 4308 q
415 4188 540 4254 difficile
569 4209 633 4274 pro
656 4188 793 4272 singulis
822 4189 964 4273 querelis
990 4188 1033 4253 ad
1060 4196 1207 4254 vestram
1234 4197 1385 4254 sanctam
1412 4187 1525 4252 sedem
1550 4187 1769 4272 apostolicam

363 4327 364 4380 3
416 4291 528 4358 habere
553 4312 736 4372 recursum,
761 4301 852 4378 quat.
871 4294 919 4358 eis
951 4301 1205 4358 conservatores
1233 4293 1276 4358 ad
1302 4291 1565 4376 quinquennium
1592 4290 1635 4356 de
1661 4299 1771 4356 vestra

363 4393 366 4416 ¹
415 4407 523 4463 sancta
539 4397 724 4463 clementia
740 4395 922 4481 dignemini
936 4398 1122 4463 concedere
1139 4397 1171 4459 in
1194 4396 1299 4461 forma
1324 4395 1456 4460 concilii
1480 4394 1677 4460 Viennensis
1699 4415 1771 4479 gra-

414 4498 981 4586 tiose.-FiatR.(4,162'-r63).
1301 4496 1318 4508 ”

363 4623 364 4644 ¹
446 4646 529 4708 650.
548 4637 639 4704 Item
667 4657 763 4723 supp.
779 4646 883 4721 quat„
907 4646 943 4702 ut
968 4658 1044 4721 erga
1069 4637 1176 4722 ipsam
1201 4634 1379 4701 ecclesiam
1403 4636 1550 4701 fidelium
1575 4635 1770 4702 devotiode

411 4745 491 4811 bono
509 4745 542 4810 in
556 4742 678 4809 melius
690 4740 1047 4826 augeatur,dignemini
1061 4740 1215 4804 omnibus
1225 4760 1304 4803 vere
1315 4739 1545 4823 penitentibus
1556 4747 1589 4803 et
1600 4739 1769 4818 confessis,

408 4852 505 4933 quiin
523 4847 666 4933 singulis
689 4845 779 4911 Petri
796 4852 831 4910 et
848 4844 953 4924 Pauli,
969 4864 1103 4909 necnon
1119 4843 1269 4928 ejusdem
1286 4842 1317 4907 S.
1335 4842 1509 4927 Gaugerici
1533 4844 1771 4910 festivitatibus

406 4954 582 5022 ecclesiam
598 4952 720 5038 ipsam,
744 4949 849 5015 etiam
876 4956 912 5013 et
937 4949 971 5013 in
989 4948 1129 5025 octavis
1155 4967 1256 5013 causa
1283 4945 1474 5012 devotionis
1502 4948 1711 5014 visitaverint
1738 4957 1772 5014 et

403 5081 521 5127 manus
546 5054 761 5145 porrexerint
778 5053 968 5139 adJutrices,
993 5053 1122 5138 aliquas
1138 5052 1373 5135 indulgentias
1389 5052 1431 5117 de
1448 5051 1565 5136 quibus
1590 5052 1621 5116 S.
1641 5050 1680 5116 V.
1701 5054 1772 5137 pla-

431 5245 451 5291 l.
471 5241 536 5289 l'oir
554 5253 580 5288 n.
600 5239 657 5285 42².
670 5263 702 5270 -
714 5239 737 5285 2.
757 5234 857 5296 Kirsch‚
871 5236 946 5294 lr'oll,
959 5239 1006 5285 224
1023 5253 1028 5295 ;
1044 5237 1173 5297 Burmann,
1184 5237 1228 5294 ll',
1242 5238 1296 5294 162,
1309 5237 1364 5286 32⁸.
