4650 6059
1010 754 1092 824 1351,
1117 755 1135 815 8
1157 754 1329 829 septembre.
1792 761 1846 823 591

541 899 669 980 2277
938 962 942 970 .
1467 936 1562 998 1351,
1580 917 1600 978 6
1616 921 1806 1004 septembre.

533 1019 635 1103 Supp.
663 1016 870 1097 Guillelmns,
899 1039 1012 1084 comes
1039 1016 1289 1097 Namurcensis,
1318 1028 1407 1102 quat.
1439 1016 1602 1104 [Nicolao
1629 1019 1670 1083 de
1695 1020 1850 1105 Spontin,

488 1119 628 1206 clerico]
645 1120 803 1185 Leodien.
820 1122 916 1200 dioc,
933 1122 975 1186 de
992 1122 1105 1205 aliquo
1121 1123 1196 1186 ben.
1213 1123 1295 1187 eccl.
1312 1143 1340 1187 c.
1358 1143 1385 1187 e.
1403 1124 1456 1186 vel
1473 1144 1498 1186 s
1515 1143 1554 1201 c.,
1571 1143 1644 1186 vae.
1658 1126 1710 1187 vel
1728 1134 1849 1206 vacat,

487 1233 663 1309 spectante
688 1227 910 1290 communiter
936 1227 989 1289 vel
1015 1225 1146 1290 divisim
1174 1224 1216 1289 ad
1233 1226 1448 1291 collationem
1465 1235 1540 1304 etc,
1558 1225 1706 1311 episcopi
1729 1230 1849 1293 Came-

487 1348 611 1409 racen.,
621 1329 797 1413 providere
813 1327 1027 1414 dignemini...
1033 1352 1041 1408 ;
1054 1348 1123 1393 non
1139 1330 1225 1393 obst.
1242 1328 1332 1412 quod
1348 1349 1422 1393 can.
1435 1338 1471 1393 et
1480 1332 1571 1414 preb.
1588 1331 1728 1395 ecclesie
1746 1332 1783 1397 B.
1798 1331 1848 1397 M.

489 1431 755 1511 Vallecuriensis,
783 1433 873 1498 dicte
890 1433 988 1512 dioc„
1004 1439 1163 1497 noscatur
1179 1432 1332 1496 obtinere
1347 1456 1355 1513 3
1373 1446 1501 1498 etcum
1519 1432 1592 1497 aliis
1614 1455 1681 1499 non
1707 1438 1792 1502 obst.
1809 1476 1851 1486 -

490 1533 567 1599 Fiat
584 1543 648 1599 etc.
666 1534 705 1600 R.

531 1638 613 1702 Dat.
629 1638 727 1705 Avin.
745 1642 763 1703 8
781 1640 823 1704 id.
840 1649 924 1725 sept.
942 1647 975 1703 a⁰
996 1648 1056 1705 10⁰.
1073 1641 1144 1723 (21,
1166 1641 1251 1723 135).

538 1775 683 1857 2278.
1468 1810 1563 1874 1351,
1581 1794 1600 1856 6
1617 1794 1806 1879 septembre.

529 1894 632 1979 Supp.
649 1892 855 1974 Guillelmus,
874 1894 1114 1960 Namurcensis
1136 1914 1260 1974 comes
1277 1903 1368 1979 quat.
1388 1894 1424 1982 [J
1427 1898 1534 1961 acobo
1549 1895 1591 1960 de
1608 1895 1810 1982 Vobingnya
1826 1904 1848 1978 ³,

482 1998 610 2062 clerico
638 1996 796 2063 Leodien.
813 1999 910 2080 dioc„
929 2013 936 2038 ¹
954 2020 1042 2084 mag.
1067 1983 1101 2062 in
1126 2008 1198 2078 art,
1222 2019 1289 2063 non
1308 2000 1498 2085 conjugato,
1516 2021 1578 2065 nec
1595 2001 1627 2064 in
1645 2002 1746 2066 sacris
1763 2001 1848 2067 ordi-

481 2102 584 2166 nibus
621 2101 833 2189 constituto],
870 2104 1107 2168 tabellionatus
1132 2101 1279 2168 officium
1306 2111 1413 2188 apost.
1440 2104 1641 2169 auctoritate
1666 2104 1848 2189 dignemini

481 2205 672 2272 concedere
690 2206 721 2270 in
739 2206 854 2271 forma.
870 2249 912 2256 —
931 2206 1005 2273 Fiat
1023 2207 1062 2273 R.

531 2311 613 2375 Dat.
629 2311 727 2376 Avin.
745 2313 763 2375 8
780 2312 824 2377 id.
841 2321 924 2398 sept.
942 2320 975 2378 a⁰
996 2319 1056 2377 10⁰.
1073 2314 1144 2398 (21,
1166 2312 1253 2397 135).

538 2447 685 2529 2279.
1466 2481 1560 2546 1551,
1578 2464 1597 2526 6
1613 2465 1802 2549 septembre.

529 2567 633 2652 Supp.
661 2565 856 2645 Willelmus,
882 2588 995 2632 comes
1022 2565 1270 2647 Namurcensis,
1299 2574 1390 2650 quat.
1421 2565 1595 2651 [Philippo
1619 2567 1661 2631 de
1685 2566 1846 2647 Berzeies,

482 2671 612 2737 clerico
637 2670 845 2756 Leodiensi],
880 2672 922 2736 de
948 2674 1024 2737 ben.
1049 2673 1131 2737 eccl.
1157 2692 1185 2737 c.
1203 2692 1231 2737 c.
1248 2671 1301 2734 vel
1318 2691 1343 2737 s.
1360 2691 1399 2749 c.,
1423 2679 1598 2755 spectante
1626 2672 1847 2736 communiter

481 2775 539 2839 vel
566 2775 697 2839 divisim
726 2775 769 2839 ad
794 2777 869 2840 coll.
894 2784 958 2841 etc.
983 2775 1113 2840 abbatis
1137 2785 1171 2838 et
1196 2782 1383 2842 conventus
1407 2773 1599 2840 monasterii
1623 2774 1654 2838 S.
1671 2773 1846 2853 Trudonis,

480 2879 528 2943 O.
546 2879 578 2941 S.
590 2878 638 2957 Β,
651 2877 740 2942 dicte
756 2878 853 2959 dioc,
870 2879 958 2966 [vac.
970 2881 1023 2943 vel
1034 2878 1174 2964 vacat.],
1185 2878 1366 2962 dignemini
1383 2876 1709 2963 providere...-Fiat
1720 2887 1784 2944 etc.
1802 2877 1842 2943 R.

532 2981 620 3046 Item
637 3003 731 3067 supp.
748 2990 838 3065 quat.
854 2984 1023 3047 remittere
1040 2982 1222 3066 dignemini
1239 3003 1390 3048 examen.
1408 3021 1448 3031 -
1466 2980 1543 3047 Fiat
1560 2980 1599 3046 R.

531 3087 611 3150 Dat.
627 3086 726 3150 Avin.
744 3089 761 3150 8
779 3087 821 3151 id.
838 3093 922 3172 sept.
938 3095 970 3151 a⁰
992 3094 1051 3151 10⁰.
1069 3090 1139 3169 (21,
1161 3087 1263 3169 135‘).

538 3221 688 3303 2280.
1468 3256 1561 3320 1351,
1578 3236 1598 3300 6
1614 3240 1802 3323 septembre.

531 3342 633 3424 Snpp.
651 3339 847 3419 Willelmns,
873 3361 986 3405 comes
1014 3339 1263 3420 Namurcensis,
1281 3339 1439 3405 Leodien.
1456 3340 1552 3420 dioc„
1570 3350 1659 3424 quat.
1680 3340 1846 3426 [Henrico

483 3444 528 3508 de
554 3443 698 3522 Libines,
725 3442 903 3528 canonico]
933 3444 1073 3508 ecclesie
1099 3443 1280 3524 Fossensis,
1306 3444 1453 3529 predicte
1478 3443 1575 3522 dioc„
1602 3445 1643 3508 de
1665 3447 1740 3509 ben.
1765 3446 1845 3510 eccl.

483 3546 706 3631 competenti,
723 3567 751 3611 c.
768 3567 796 3611 c.
813 3548 865 3611 vel
882 3569 907 3612 s.
925 3567 963 3628 c.,
980 3556 1156 3632 spectante
1180 3548 1402 3612 communiter
1426 3549 1478 3611 vel
1495 3547 1626 3612 divisim
1643 3548 1684 3612 ad
1700 3550 1775 3613 coll.
1794 3550 1846 3612 vel

483 3650 769 3737 presentationem
798 3652 926 3715 abbatis
953 3662 985 3715 et
1018 3660 1203 3715 conventus
1234 3651 1424 3715 monasterii
1457 3650 1638 3731 LobiensiS,
1668 3652 1709 3717 Ο.
1738 3653 1768 3716 S.
1797 3652 1845 3731 Β,

483 3755 702 3818 Carneracen.
718 3754 815 3834 dioc,
832 3754 921 3840 [vac.
937 3756 989 3818 vel
1007 3754 1146 3839 vacatl,
1159 3754 1339 3837 dignemini
1357 3753 1552 3839 providere;
1569 3775 1637 3818 non
1655 3758 1740 3820 obst.
1757 3756 1846 3838 quod

484 3880 562 3923 can.
580 3867 614 3921 et
629 3860 721 3942 preb.
738 3857 827 3922 dicte
844 3860 983 3923 ecclesie
1002 3858 1173 3923 Fossensis
1189 3859 1338 3922 noscitur
1361 3857 1552 3922 obtinere...
1571 3894 1612 3903 -
1631 3857 1706 3923 Fiat
1723 3870 1787 3924 etc.
1806 3859 1845 3925 R.

531 3962 618 4026 Item
637 3985 730 4048 supp.
747 3975 837 4047 quat.
854 3964 1023 4028 remittere
1039 3962 1220 4047 dignemini
1237 3983 1387 4028 examen.
1404 4002 1446 4011 -
1465 3960 1540 4025 Fiat
1558 3961 1597 4027 R.

531 4067 611 4131 Dat.
627 4068 726 4131 Avin.
744 4070 761 4131 8
779 4068 821 4131 id.
838 4077 921 4152 sept.
938 4078 970 4131 a⁰
991 4076 1050 4132 10⁰.
1068 4073 1140 4150 (21,
1162 4074 1263 4149 135¹).

541 4202 679 4285 2281,
1468 4235 1562 4297 1551,
1579 4217 1599 4279 6
1616 4220 1801 4304 septembre.

531 4323 633 4406 Supp.
651 4321 856 4399 Guillelrnns,
874 4341 987 4384 comes
1004 4320 1250 4400 Namurcensis,
1268 4329 1357 4403 quat.
1377 4318 1539 4405 [Jolranni
1563 4321 1606 4385 de
1622 4322 1753 4402 Stablis,
1778 4323 1845 4387 filio

486 4426 673 4490 Clementis
689 4427 730 4490 de
747 4426 878 4503 Stablis,
903 4423 1039 4509 clerico]
1067 4423 1226 4488 Leodien.
1249 4422 1346 4500 dioc„
1370 4422 1412 4487 de
1435 4422 1546 4506 aliquo
1572 4425 1648 4488 ben.
1673 4426 1754 4489 eccl.
1771 4446 1799 4490 c.
1816 4446 1844 4489 c.

487 4531 544 4594 vel
561 4552 585 4593 s.
603 4551 641 4607 c.,
659 4538 833 4614 spectante
850 4529 1073 4592 communiter
1088 4529 1141 4593 vel
1158 4527 1291 4592 divisim
1314 4526 1356 4590 ad
1380 4528 1455 4591 coll.
1472 4536 1547 4607 etc„
1572 4527 1688 4593 decani
1706 4538 1740 4593 et
1756 4530 1844 4614 capi·

486 4634 549 4698 tuli
578 4633 608 4697 S.
635 4633 748 4699 Crucis
776 4631 946 4711 Leodien.,
974 4631 1063 4717 [vae.
1092 4632 1145 4694 vel
1178 4629 1318 4717 vacat.],
1352 4631 1527 4715 providere
1560 4632 1774 4716 dignemini...
1802 4673 1844 4681 —

488 4738 565 4802 Fiat
584 4737 623 4801 R.

533 4843 612 4907 Dat.
629 4842 728 4908 Avim
746 4846 763 4907 8
781 4843 824 4907 id.
842 4851 926 4928 sept.
942 4849 975 4907 a⁰
994 4850 1051 4907 10⁰.
1070 4843 1141 4926 (21,
1163 4862 1219 4926 135
1238 4844 1263 4925 ).

519 5037 549 5091 a)
563 5034 627 5077 Salis
638 5032 717 5078 «tonte
735 5047 800 5093 pour
814 5032 975 5093 rnnmpnpa.

498 5132 741 5142 ...ψ

524 5192 545 5236 1.
566 5189 626 5236 von
640 5205 663 5237 n.
677 5194 746 5249 libb,
760 5193 831 5239 228l.
