4650 6059
1053 784 1140 857 1849,
1163 784 1203 847 22
1226 784 1296 850 urai.
1795 792 1858 857 429

477 957 604 1003 racen.
622 934 804 1021 dignemini
820 936 1021 1022 providere,
1013 959 1021 976 ·
1038 949 1109 1002 non¹
1123 940 1213 1004 obst.
1230 938 1417 1023 quodin'S.
1434 938 1594 1008 Germani
1610 943 1653 1009 de
1663 939 1855 1026 Montibus,

478 1040 580 1107 dicte
597 1039 817 1107 Cameracen.
831 1039 933 1122 dioc,
948 1061 1083 1107 necnon
1100 1049 1134 1107 et
1150 1040 1314 1108 Leodien.
1338 1044 1489 1111 ecclesiis
1513 1067 1589 1113 can.
1606 1055 1640 1112 et
1655 1051 1750 1133 preb.
1768 1051 1856 1116 obti-

478 1154 580 1226 neat,
597 1145 642 1211 de
662 1145 780 1229 quibus
804 1165 879 1210 can.
906 1152 941 1210 et
966 1148 1060 1231 preb.
1087 1143 1253 1211 Leodien.
1282 1166 1352 1213 non
1379 1156 1433 1215 est
1454 1149 1565 1216 adhuc
1585 1152 1763 1236 pacificam
1779 1175 1855 1240 pos·

478 1250 675 1315 sessionem
690 1248 904 1335 adeptus.—
921 1248 1091 1316 Habeat.

530 1353 621 1418 Dat.
639 1351 730 1417 Avin
757 1351 903 1417 12kal.
891 1352 1028 1438 Juniia⁰
1044 1356 1091 1419 80
1108 1354 1181 1436 (19,
1203 1357 1306 1439 ((50).

543 1490 689 1575 1593.
1481 1496 1485 1502 ’
1564 1531 1659 1596 1349,
1676 1533 1717 1607 aa
1735 1506 1812 1580 mai.

529 1607 641 1695 Supp.
660 1607 793 1675 Franco
807 1608 850 1675 de
866 1608 994 1676 Renele
1009 1622 1029 1693 ¹,
1045 1621 1139 1697 quat.
1168 1613 1396 1698 provisionem
1422 1613 1484 1679 sibi
1512 1612 1640 1679 factam
1655 1617 1856 1682 auctoritate

484 1710 661 1778 ordinaria
690 1711 733 1777 de
762 1713 917 1799 parroch.
942 1716 1027 1781 eccl.
1055 1734 1114 1780 seu
1141 1722 1260 1800 quarta
1285 1715 1471 1802 capellania
1497 1718 1541 1784 de
1567 1716 1727 1785 Ghestele
1757 1741 1856 1806 supra

484 1816 643 1897 Zomam,
660 1814 822 1882 Leodien.
844 1816 946 1899 dioc,
962 1817 1094 1884 etiamsi
1121 1817 1220 1885 fuerit
1244 1827 1422 1901 reservata,
1437 1819 1622 1904 dignemini
1645 1823 1855 1905 confirmare,

485 1922 545 1986 vel
559 1920 625 1986 sibi
640 1919 684 1986 de
698 1940 790 1987 novo
805 1919 1002 2006 providere;
1019 1942 1090 1988 non
1105 1925 1194 1988 obst.
1211 1921 1302 2007 quod
1318 1921 1541 2007 Eugelbertus
1556 1924 1598 1990 de
1614 1924 1727 1991 Perlar
1740 1935 1856 1992 aucto·

486 2022 593 2090 ritate
609 2030 719 2111 apost.
732 2023 930 2090 mandatum
945 2024 1007 2091 sibi
1023 2024 1223 2111 providendi
1247 2045 1307 2111 per
1330 2033 1441 2093 certos
1464 2036 1663 2094 executores
1685 2029 1755 2114 ejus
1771 2030 1857 2095 obti-

486 2127 604 2193 nuerit
633 2126 676 2192 de
702 2126 843 2193 ecclesia
866 2128 1069 2214 supradicta,
1105 2130 1162 2213 qui
1188 2129 1359 2215 pendente
1385 2130 1492 2216 litigio
1522 2152 1621 2219 super
1649 2132 1715 2199 hoc
1742 2154 1856 2200 coram

487 2231 570 2318 ipsis
585 2231 621 2295 in
647 2230 747 2296 Rom.
772 2231 862 2297 curia
886 2232 977 2297 diem
992 2231 1112 2298 clausit
1127 2239 1340 2300 extremum:
1366 2233 1400 2298 in
1427 2235 1521 2320 cujus
1541 2235 1614 2321 jure
1630 2245 1665 2302 et
1680 2236 1740 2302 lite
1756 2247 1791 2303 et
1814 2237 1856 2303 ad

489 2354 594 2400 omne
605 2335 671 2420 jus,
693 2336 720 2420 si
736 2334 827 2420 quod
841 2335 903 2401 sibi
925 2336 1063 2403 forsitan
1088 2340 1316 2424 competebat,
1340 2336 1485 2403 eundem
1505 2336 1715 2406 Franconem
1741 2340 1855 2426 digne·

489 2438 574 2504 mini
591 2442 779 2524 subrogare,
794 2460 865 2505 non
881 2443 969 2506 obst.
998 2439 1089 2526 quod
1115 2460 1193 2506 can.
1222 2448 1258 2506 et
1282 2443 1377 2527 preb.
1394 2448 1430 2506 et
1445 2442 1633 2510 custodiam
1656 2444 1691 2510 in
1706 2447 1790 2511 eccl.
1820 2445 1853 2510 S.

493 2541 635 2609 Martini
651 2542 814 2609 Leodien.
841 2544 1017 2625 obtineat;
1045 2543 1297 2629 quibuscunque
1324 2543 1427 2611 etiam
1451 2546 1747 2615 constitutionibus
1774 2571 1854 2615 con·

491 2648 603 2714 trariis
617 2668 688 2715 non
704 2651 793 2714 obst.
810 2688 853 2700 -
877 2648 955 2715 Fiat
971 2648 1015 2714 R.

532 2752 618 2817 Dat.
635 2752 738 2817 Aviu.
759 2773 794 2818 11
813 2751 882 2818 kal.
896 2753 981 2839 junii
997 2761 1030 2820 a⁰
1047 2756 1091 2819 8⁰.
1111 2755 1180 2838 (19,
1195 2755 1257 2839 2').

543 2888 849 2972 1594·l728.
1538 2926 1650 2992 1349,
1667 2928 1708 2971 22
1728 2910 1808 2972 mai.

531 3007 654 3073 Rutuli
672 3007 906 3074 Universitalis
921 3008 1123 3074 Parisiensis
1138 3018 1161 3073 ².

532 3114 638 3199 Supp.
657 3112 690 3177 S.
703 3112 746 3176 V.
763 3113 887 3179 devota
903 3114 971 3178 filia
994 3121 1107 3179 vestra
1125 3113 1335 3180 Universitas
1355 3114 1589 3199 magistrorum
1615 3113 1758 3179 Parisius
1784 3125 1851 3180 stu-

493 3217 642 3283 dentium
669 3226 834 3302 quatenus
858 3217 900 3282 de
933 3218 1031 3283 solita
1056 3218 1265 3303 benignitate
1295 3226 1404 3284 vestre
1435 3219 1613 3285 clementie
1638 3220 1671 3284 iu
1702 3220 1852 3304 personis

494 3322 726 3407 magistrorum
756 3321 790 3385 in
821 3321 942 3386 artium
972 3321 1132 3387 facultate
1163 3329 1242 3387 actu
1269 3322 1456 3406 regentium
1493 3322 1633 3407 gratiam
1671 3324 1851 3409 specialem

493 3424 663 3506 facientes,
680 3424 806 3491 eisdem
822 3425 986 3509 magistris
1002 3425 1135 3490 inferius
1160 3425 1343 3492 nominatis
1357 3427 1400 3492 de
1423 3427 1594 3493 beneficiis
1617 3428 1852 3494 ecclesiasticis

493 3528 709 3615 infrascriptis
724 3529 779 3593 vel
795 3529 877 3610 aliis,
894 3549 952 3593 seu
968 3529 1048 3593 alias
1064 3528 1148 3594 sicut
1163 3537 1295 3614 petunt,
1306 3537 1405 3616 prout
1415 3530 1532 3595 Vestre
1545 3532 1708 3616 placuerit
1724 3532 1851 3597 Sancti-

492 3633 688 3713 tati,intuitu
700 3632 836 3718 pietatis
851 3631 1108 3698 misericorditer
1122 3632 1306 3717 dignemini
1319 3632 1597 3717 providere.Cum
1608 3636 1852 3721 acceptatione,

492 3736 698 3816 inhibitione,
715 3736 951 3816 reservatione,
968 3736 1105 3801 decreto
1131 3744 1167 3801 et
1188 3736 1334 3802 clausula
1349 3737 1516 3819 anteferri,
1540 3746 1575 3803 et
1598 3760 1675 3803 cum
1698 3741 1853 3804 omnibus

491 3860 552 3905 nou
565 3841 779 3906 obstantibus
795 3847 829 3905 et
844 3839 916 3905 aliis
928 3840 1083 3904 clausulis
1094 3839 1279 3924 oportunis.
1289 3839 1334 3905 Et
1344 3860 1422 3905 cum
1433 3840 1525 3906 dicta
1536 3842 1674 3906 facultas
1686 3843 1808 3907 artium
1819 3843 1850 3906 in

492 3943 551 4010 hoc
567 3946 682 4009 rotulo
699 3944 741 4009 sit
757 3944 864 4009 divisa
879 3964 938 4028 per
954 3951 1097 4027 quatuor
1113 3942 1289 4023 Nationes,
1307 3963 1446 4027 quarum
1458 3944 1565 4029 prima
1583 3953 1633 4009 est
1651 3944 1757 4010 Natio
1774 3946 1852 4011 Gal·

493 4046 639 4127 litorum,
671 4047 818 4112 secunda
851 4046 1078 4128 Picardorum,
1113 4048 1214 4113 tertia
1241 4046 1526 4130 Normannorum,
1552 4058 1670 4133 quarta
1694 4052 1852 4135 Anglico-

492 4161 613 4232 rum,et
630 4150 783 4217 Natione
799 4150 973 4217 Gallicana
989 4153 1055 4218 sint
1071 4153 1217 4237 quinque
1232 4150 1560 4237 provincie,quarum
1572 4154 1681 4239 prima
1697 4163 1748 4219 est
1761 4154 1852 4221 Pari-

494 4254 615 4335 siensis,
629 4255 776 4321 secunda
791 4256 1001 4336 SenoneusiS,
1017 4257 1118 4322 tertia
1135 4255 1321 4337 Remensis,
1348 4264 1466 4339 quarta
1491 4255 1704 4339 Turonensis,
1732 4262 1850 4344 quinta

495 4355 887 4444 Bituricensis,quatenus
901 4368 1012 4425 vestre
1027 4360 1172 4446 benigne
1189 4360 1368 4425 clementie
1379 4360 1513 4445 placeat
1529 4363 1714 4446 quamlibet
1731 4362 1765 4430 N
1767 4365 1850 4429 atio-

497 4480 565 4526 nem
581 4470 616 4527 et
633 4463 821 4547 quamlibet
835 4464 1044 4549 provinciam
1059 4465 1208 4529 visitare.

532 4564 576 4632 Et
593 4565 685 4650 quod
699 4575 874 4631 transeant
886 4567 957 4632 sine
975 4569 1040 4633 alia
1056 4569 1216 4633 lectione.

533 4668 640 4735 Certis
655 4690 755 4756 super
770 4671 836 4736 hoc
852 4674 1085 4738 executoribus
1097 4672 1280 4759 deputatis.
1300 4674 1370 4758 (19,
1392 4675 1479 4758 183).

531 5145 654 5205 l.Ki,rsch
668 5146 744 5205 Koll
754 5149 809 5195 280.
822 5149 843 5193 Α
855 5147 915 5194 dsti
909 5149 1044 5209 mguerdu
1057 5146 1358 5212 personnagcciteauw
1372 5148 1485 5196 1307.-
1497 5148 1589 5196 iloir
1604 5144 1706 5208 Denifle,
1724 5148 1845 5209 Otamul,

509 5209 533 5268 11
543 5219 592 5267 632
594 5222 647 5281 648,
660 5236 694 5270 ou
706 5221 743 5270 les
754 5221 879 5270 nomades
891 5236 1060 5285 personnages
1069 5228 1127 5271 sont
1135 5222 1300 5286 simplement
1308 5218 1448 5274 enumeres.
