4650 6059
920 806 1265 883 lamentarier.
1357 815 1363 829 '
1720 811 1777 878 195

467 957 577 1044 794.
1430 992 1526 1058 1345,
1543 973 1732 1062 a5seurter.
1764 1019 1773 1038 .

461 1077 557 1166 Supp.
568 1075 603 1142 S.
613 1074 655 1142 V.
666 1073 783 1142 devoti
799 1073 857 1140 filii
868 1075 971 1142 vestri
987 1094 1045 1140 rex
1060 1082 1096 1140 et
1111 1072 1228 1160 regina
1251 1071 1392 1141 Francie
1407 1096 1448 1143 ac
1462 1076 1594 1144 ducissa
1608 1075 1776 1143 Nonnan-

363 1173 366 1212 ³
426 1179 478 1264 nie,
490 1188 581 1268 quat.
609 1179 706 1268 [cler.
726 1199 799 1262 suo,
816 1177 991 1263 Michaeli]
1006 1177 1049 1244 de
1064 1176 1236 1265 Trichcyo
1251 1192 1261 1220 ¹
1277 1199 1368 1266 spec.
1382 1199 1431 1266 gr.
1447 1179 1619 1262 facientes,
1633 1188 1682 1262 ut,
1698 1201 1776 1248 cum

423 1285 488 1354 ooli.
513 1293 549 1352 et
574 1283 806 1373 provisionem
829 1281 922 1350 dicto
948 1283 1027 1349 cler.
1050 1302 1112 1349 suo
1135 1280 1243 1349 factas
1263 1282 1306 1350 de
1328 1287 1422 1371 preb.
1445 1293 1481 1352 et
1502 1285 1776 1352 archidiaconatu

363 1379 365 1384 ’
422 1386 597 1456 Hannonis
624 1388 659 1453 in
685 1386 769 1454 eccl.
796 1384 1013 1453 Cameracen.
1042 1384 1075 1452 S.
1091 1383 1131 1451 V.
1147 1405 1208 1472 per
1233 1385 1364 1454 litteras
1385 1395 1493 1475 apost.
1516 1389 1775 1472 confirmaverit,

417 1491 694 1559 reservatiombus
708 1509 769 1578 per
782 1488 1035 1576 predecessores
1049 1495 1180 1556 vestros
1196 1488 1295 1556 Rom.
1318 1491 1498 1577 pontifices
1521 1491 1618 1559 factis
1641 1493 1684 1559 de
1710 1493 1775 1559 illis

416 1615 478 1664 non
505 1599 595 1664 obst
620 1592 882 1682 quibuscunque,
908 1592 952 1659 ad
976 1612 1077 1659 omne
1092 1592 1232 1659 dubium
1246 1601 1283 1660 et
1296 1593 1420 1659 mentis
1435 1593 1538 1681 ipsius
1553 1594 1663 1662 clerici
1686 1615 1775 1661 scru-

412 1699 528 1788 pulum
551 1699 832 1781 submovendum,
865 1706 903 1765 ut
926 1697 1095 1764 residuum
1121 1698 1285 1784 temporis
1310 1698 1380 1765 vite
1406 1719 1465 1765 sue
1490 1719 1568 1766 cum
1589 1699 1775 1784 tranquilli-

410 1811 479 1872 tate
494 1823 696 1872 oonsmnere
710 1803 824 1870 valeat
843 1810 879 1869 et
898 1801 932 1868 in
952 1808 1052 1884 tuto;
1068 1808 1161 1888 quat.
1177 1801 1218 1869 E.
1230 1801 1262 1869 S.
1273 1804 1411 1889 placeat
1420 1804 1563 1889 gratiose
1579 1802 1775 1887 concedere,

410 1907 502 1994 qnod
516 1907 553 1974 in
568 1907 729 1996 predictis
742 1906 863 1974 litteris
878 1905 1143 1989 confirmatoriis,
1154 1908 1216 1973 sub
1231 1906 1377 1994 ipsarum
1388 1907 1478 1990 data,
1490 1909 1593 1974 verba
1601 1907 1775 1993 sequentia

409 2013 666 2099 subjungantm,
681 2010 840 2078 videlieet
859 2029 867 2077 :
883 2009 985 2076 etiam
1001 2009 1028 2076 si
1045 2008 1111 2091 ille,
1126 2029 1188 2096 per
1202 2011 1296 2097 quus
1310 2013 1366 2079 ob.
1380 2011 1490 2080 dictus
1510 2009 1659 2079 Michael
1681 2013 1775 2099 preb.

409 2116 443 2182 in
466 2115 565 2182 dicta
587 2113 806 2182 Cameraoen.
820 2114 905 2182 eccl.
924 2112 1080 2195 obtinuit,
1096 2112 1284 2199 aliquorum
1298 2113 1571 2200 predecessorum
1584 2122 1775 2182 nostrorum

409 2219 514 2287 Rom.
528 2217 732 2308 pontificum
747 2219 886 2287 forsitan
901 2217 1002 2285 inerit
1016 2237 1091 2304 cap.
1100 2258 1146 2269 —
1161 2215 1240 2284 Fiat
1253 2215 1296 2286 de
1311 2217 1390 2286 data
1404 2219 1551 2305 presenti
1568 2217 1609 2286 R.

453 2323 537 2392 Dat
552 2343 609 2412 ap.
624 2321 875 2391 villamnovam
890 2340 908 2409 5
923 2320 991 2389 kal.
1005 2329 1106 2388 mart.
1118 2329 1152 2388 a⁰
1169 2329 1213 2407 3⁰.
1228 2322 1280 2407 (6,
1295 2323 1381 2409 49¹).
1635 2313 1638 2318 ’

461 2458 583 2546 795.
1430 2491 1527 2559 1345,
1543 2491 1585 2556 25
1592 2473 1733 2562 sevrier.

454 2578 563 2666 Supp.
588 2575 702 2664 Hugo,
724 2575 778 2644 tit.
800 2575 833 2644 S.
856 2575 1027 2644 Laurentii
1047 2576 1082 2643 in
1104 2577 1254 2646 Damaso
1267 2579 1378 2665 presb.
1400 2577 1501 2659 card,
1524 2584 1616 2664 quat.
1638 2578 1779 2664 [capet

408 2682 635 2752 commensali
650 2702 712 2749 suo
728 2680 865 2769 Egidio]
883 2680 926 2749 de
941 2680 1101 2749 Puiseus²
1116 2682 1159 2749 dc
1174 2683 1295 2769 capell.
1304 2702 1406 2767 quam
1420 2680 1591 2768 quondam
1603 2680 1722 2747 Petrus
1735 2679 1778 2746 de

409 2787 540 2854 Dohen
567 2785 602 2852 in
629 2785 712 2853 ecel.
740 2783 909 2852 Morinen.
933 2784 1112 2852 obtinebat
1136 2792 1173 2851 et
1197 2786 1291 2871 cujus
1315 2784 1425 2852 benef.
1455 2792 1535 2852 ante
1565 2786 1620 2851 ob.
1645 2783 1780 2850 bierunt

408 2895 595 2970 reservata,
612 2888 706 2974 cujus
729 2887 887 2955 fructus...
911 2908 954 2973 40
970 2887 1029 2955 lib.
1054 2886 1145 2969 Tun,
1161 2907 1228 2956 sec.
1251 2897 1322 2956 tax.
1339 2888 1481 2970 decime,
1496 2889 1647 2954 valorem
1675 2884 1776 2973 [non]

408 2992 595 3074 excedunt,
618 2991 802 3079 dignemini
824 2991 1025 3079 providerc;
1049 3012 1119 3059 non
1144 2995 1232 3060 obst.
1258 2991 1350 3078 quod
1363 3011 1438 3059 ean.
1460 2999 1496 3057 ct
1516 2993 1610 3078 preb.
1632 2989 1665 3057 S.
1688 2988 1779 3056 Petri

410 3095 640 3163 casletensis·
660 3103 696 3161 et
715 3096 798 3162 eccl.
825 3102 976 3162 curatam
991 3095 1024 3163 S.
1048 3095 1139 3162 Petri
1166 3095 1325 3177 Aricnsis,
1354 3115 1497 3182 quorum
1521 3114 1595 3161 can.
1618 3101 1655 3160 et
1675 3095 1779 3180 preb,

410 3200 575 3265 finctus...
590 3199 774 3264 secundum
788 3219 920 3284 grossos
946 3198 1071 3265 fructus
1086 3209 1121 3265 et
1138 3199 1228 3266 dicte
1244 3201 1385 3267 ecclesie
1402 3208 1517 3266 curate
1535 3219 1574 3284 53
1591 3199 1663 3266 libr.
1686 3205 1721 3262 et
1741 3217 1778 3261 10

410 3306 476 3371 sol.
494 3303 609 3382 Paris,
624 3323 691 3369 sec.
707 3311 775 3370 tax.
797 3303 938 3383 decime,
963 3305 1115 3369 valorem
1131 3324 1278 3369 annuum
1303 3325 1372 3370 non
1403 3303 1580 3384 excedunt,
1596 3311 1632 3368 et
1661 3302 1779 3387 capell.

411 3407 455 3473 de
485 3406 710 3492 Hucqnclicrs
735 3408 770 3472 in
794 3406 966 3487 Tamesio,
1007 3405 1175 3473 Morinen.
1207 3407 1304 3488 dioc„
1335 3428 1403 3474 non
1439 3415 1601 3489 taxatam,
1631 3405 1780 3472 noscitur

414 3513 581 3578 obtinere.
596 3550 640 3560 —
656 3508 734 3575 Fiat
749 3510 775 3576 si
791 3531 860 3576 non
873 3509 916 3576 sit
931 3510 1026 3575 alteri
1039 3510 1093 3595 jus
1109 3510 1277 3594 quesitum
1294 3510 1335 3579 R.

458 3616 543 3681 Dat.
559 3633 615 3701 ap.
630 3612 882 3680 villamnovam
899 3632 916 3699 5
933 3613 999 3679 kal.
1015 3622 1112 3679 mart.
1128 3621 1161 3679 a⁰
1179 3621 1221 3698 3⁰.
1239 3615 1288 3699 (6,
1306 3614 1374 3699 50).

465 3751 585 3836 796.
1433 3786 1494 3849 134
1497 3784 1528 3847 5,
1544 3766 1586 3830 πό
1593 3764 1735 3851 sevrier.

457 3872 564 3958 Supp.
596 3869 827 3955 Engelbertns,
857 3869 985 3934 electus
1014 3867 1186 3950 Leodien,
1218 3878 1320 3953 quat,
1347 3890 1424 3935 cum
1452 3869 1592 3935 ecclesia
1618 3866 1779 3932 Leodien.

415 3975 542 4042 lrabeat
566 3974 747 4040 nonnullos
770 3973 900 4039 nobiles
923 3980 959 4038 et
984 3980 1141 4059 potentes
1166 3973 1372 4055 convicinos,
1396 3973 1453 4058 qui
1469 3973 1513 4038 ad
1528 3971 1728 4060 capiendum
1745 3978 1780 4036 et

415 4078 651 4166 occupandum
674 4080 765 4143 bona
789 4085 824 4142 et
844 4078 919 4163 jura
944 4076 1046 4161 ipsius
1069 4077 1211 4142 ecclesie
1235 4098 1353 4143 manus
1376 4076 1491 4143 avidas
1513 4075 1695 4142 extendere
1709 4095 1778 4142 non

416 4181 609 4263 formidant,
624 4189 724 4267 prout
739 4181 842 4246 etiam
857 4180 936 4246 facti
952 4180 1123 4246 evidentia
1145 4181 1350 4262 manifestat,
1367 4189 1402 4247 et
1418 4188 1596 4269 propterea
1611 4180 1779 4267 presentia

417 4286 519 4373 ipsius
543 4284 643 4351 electi
666 4283 776 4350 eidem
800 4284 941 4350 ecclesie
956 4284 1104 4349 redditur
1118 4285 1298 4370 plurimum
1314 4294 1525 4371 opportuna;
1542 4285 1654 4351 eidem
1668 4286 1779 4351 electo

418 4388 602 4457 accedendi
627 4409 669 4454 ex
689 4409 779 4454 nunc
794 4388 837 4454 ad
852 4388 977 4453 dictam
1004 4388 1192 4467 ecclesiam,
1208 4395 1244 4453 et
1261 4387 1352 4472 quod
1367 4410 1387 4453 a
1402 4409 1602 4474 quocunque
1618 4388 1778 4471 antistite,

419 4493 561 4579 gratiam
573 4500 609 4558 et
621 4493 894 4559 communionem
905 4499 1013 4578 apost.
1025 4490 1112 4557 sedis
1124 4491 1281 4576 habente,
1291 4492 1487 4558 diaconatus
1497 4502 1531 4557 ct
1541 4492 1779 4579 presbiteratus

421 4596 552 4661 ordines
578 4615 618 4662 ac
645 4614 766 4659 munus
782 4594 1042 4661 consecrationis
1057 4595 1216 4682 recipere,
1234 4595 1362 4682 ipsique
1385 4596 1554 4662 antistites
1569 4596 1702 4662 ordines
1717 4594 1778 4660 sibi

422 4699 570 4764 conferre
595 4719 637 4765 ac
656 4718 778 4764 munus
801 4699 994 4786 impendere
1018 4699 1209 4786 supradicta
1223 4700 1368 4784 valeant,
1395 4700 1581 4766 concedere
1596 4699 1778 4785 dignemini

425 4812 509 4869 auct.
525 4808 635 4890 apost.
651 4801 694 4868 de
708 4821 757 4888 gr.
772 4802 919 4889 speciali.
930 4844 975 4853 —
990 4802 1066 4868 Fiat
1083 4803 1123 4870 R.
1138 4813 1159 4871 ³.

456 4991 483 5048 a)
499 4988 554 5039 Coti.
567 4989 739 5041 casletensis.

362 5117 372 5232 l
463 5174 486 5221 1.
504 5173 562 5224 Voir
572 5190 598 5227 n.
609 5178 648 5235 6⁹,
660 5178 717 5227 580.
736 5203 769 5213 —
792 5179 816 5227 2.
828 5177 890 5226 Voir
901 5193 926 5227 n.
938 5179 994 5228 755.
1013 5205 1046 5214 -
1070 5178 1094 5226 3.
1107 5177 1213 5237 Riealer,
1226 5192 1251 5227 n.
1263 5180 1336 5228 2207.
1356 5176 1498 5238 Engelbert
1509 5175 1582 5239 prete
1594 5175 1617 5224 le
1628 5181 1740 5225 serment
1750 5176 1783 5225 de

363 5241 365 5284 i
441 5243 525 5295 melite
535 5261 567 5298 en
579 5263 653 5314 pepe,
666 5248 796 5299 lelrnars
807 5251 877 5310 1315,
888 5249 1117 5314 denelachepelle
1127 5250 1160 5300 de
1172 5252 1197 5302 S.
1209 5249 1478 5300 Loulstilleneuve
1489 5249 1535 5312 (ib.
1547 5263 1573 5298 n.
1585 5249 1669 5310 2208).
