4650 6059
500 751 555 813 146
1006 751 1092 823 1344,
1116 749 1211 812 21-24
1229 749 1357 829 Janvier.

498 901 610 964 sedern
628 908 734 985 apost.
751 901 841 966 aliud
857 901 1060 981 ordinatum,
1077 908 1112 964 et
1135 900 1277 965 durante
1304 901 1397 966 dicto
1412 909 1565 985 tempore
1582 901 1629 966 eis
1645 902 1847 968 concedimus

498 1005 669 1088 privilegia
685 1005 717 1067 in
735 1006 841 1090 prima
855 1013 888 1070 et
912 1004 1058 1070 secunda
1073 1002 1318 1087 supplicatione
1330 1009 1502 1068 contenta.
1516 1002 1556 1068 R.

543 1109 620 1172 Dat.
637 1108 736 1174 Asin.
758 1130 793 1174 12
811 1110 877 1175 lral.
895 1109 974 1173 febr.
991 1118 1025 1173 a⁰
1042 1117 1083 1172 2⁰.
1109 1110 1157 1189 (3,
1176 1105 1211 1171 P.
1229 1104 1274 1185 ll,
1297 1107 1382 1190 137).

551 1246 1602 1339 6351344,
1620 1276 1660 1320 21
1672 1254 1814 1337 jnrmier.

542 1364 642 1449 Snpp.
669 1363 837 1441 Jordanus
860 1362 902 1427 de
928 1362 959 1426 S.
987 1361 1162 1447 Dionysi0,
1180 1368 1270 1443 quat.
1295 1359 1355 1424 sibi
1384 1359 1426 1424 de
1453 1380 1526 1425 can.
1551 1367 1586 1423 et
1610 1363 1703 1444 preb.
1732 1362 1810 1426 eccl.
1825 1360 1847 1424 S.

497 1465 673 1551 Gangerici
691 1466 920 1545 Cameracen,
939 1486 1011 1530 rac.
1038 1466 1156 1530 incur.
1184 1485 1243 1550 per
1269 1464 1325 1528 lib.
1350 1463 1610 1549 resignationem
1640 1462 1795 1547 Hugonis
1815 1463 1847 1528 de

497 1568 666 1654 Tayneria
684 1577 703 1650 ¹,
728 1572 816 1649 cler,
832 1579 914 1634 tuuc
932 1569 1040 1634 dictos
1056 1590 1131 1633 can.
1148 1577 1182 1633 et
1198 1570 1290 1653 preb.
1307 1567 1499 1647 obtinentis,
1517 1567 1644 1632 factam
1657 1567 1691 1631 in
1709 1568 1847 1632 manibus

497 1695 571 1739 ven.
588 1675 719 1739 dom...
739 1676 815 1738 abb.
833 1674 863 1738 S.
877 1671 1306 1756 JuliannisAugeliaceusis
1318 1680 1338 1751 ²,
1356 1679 1390 1735 et
1399 1690 1459 1756 per
1472 1670 1579 1756 ipsum
1592 1669 1635 1734 de
1647 1670 1811 1736 mandato
1825 1670 1847 1734 S.

495 1778 643 1860 ejusdem
660 1778 849 1855 admissam,
866 1777 974 1841 eidem
991 1775 1173 1860 dignemini
1190 1774 1366 1861 providere
1382 1797 1390 1853 ;
1407 1794 1475 1839 non
1493 1776 1579 1839 obst.
1596 1773 1689 1858 quod
1705 1774 1847 1859 parroch.

495 1884 576 1945 eccl.
593 1882 635 1946 de
652 1881 885 1958 Calidobecco,
915 1879 1161 1962 Rotlromagen.
1188 1878 1285 1957 dioc,
1311 1887 1345 1942 et
1372 1898 1447 1943 can.
1474 1878 1534 1942 sub
1556 1897 1632 1962 exp.
1658 1879 1752 1962 preb.
1777 1879 1847 1942 eccl.

496 1984 749 2050 claromonten.
777 1985 928 2050 obtinere
966 1990 1135 2048 noscatur.
1161 2023 1205 2031 -
1232 1981 1428 2066 Resignavit
1454 2000 1514 2066 per
1540 1990 1794 2066 procuratorem
1824 1982 1847 2044 in

495 2089 650 2154 manibus
666 2090 799 2154 nostris.
816 2130 859 2136 —
876 2086 952 2151 Fiat
971 2086 1009 2151 R.

539 2193 617 2257 Dat.
634 2193 733 2257 Avin.
756 2213 790 2257 12
808 2191 874 2255 kal.
892 2191 971 2255 sebr.
987 2199 1019 2289 a⁰
1038 2198 1078 2254 2⁰.
1104 2194 1152 2271 (3,
1171 2189 1207 2254 P.
1224 2187 1269 2269 ll,
1291 2188 1377 2272 141).

547 2328 661 2412 636
1503 2360 1599 2425 1344,
1616 2362 1657 2405 21
1668 2339 1813 2422 jaaru'er.

537 2446 637 2530 Supp.
667 2445 792 2523 Petrus,
818 2446 919 2531 episc.
949 2443 1145 2531 Lincopen,
1168 2445 1211 2510 de
1237 2464 1341 2529 regno
1368 2444 1489 2525 Suetie,
1517 2454 1607 2529 quat.
1636 2444 1749 2524 Petro,
1774 2455 1847 2511 nate

494 2546 583 2611 Petri
606 2548 686 2613 dicti
705 2548 871 2632 Flamingi
887 2548 930 2613 de
947 2549 1063 2632 Brngis
1079 2561 1100 2628 ³,
1126 2549 1203 2613 cler.
1216 2546 1404 2613 Tomacen.
1427 2547 1525 2628 dioc,
1541 2548 1660 2614 scolari
1687 2541 1844 2614 Parisien.

492 2649 533 2714 de
551 2673 625 2716 can.
641 2654 722 2717 eccl.
739 2651 770 2716 S.
782 2651 965 2716 Salvatoris
980 2652 1242 2730 Arlebeccensis,
1253 2651 1344 2716 dicte
1356 2650 1544 2717 Tomacen.
1560 2652 1658 2733 dioc,
1672 2652 1847 2737 dignernin

492 2756 666 2839 providere
684 2780 690 2834 ;
707 2759 800 2841 preb.
828 2755 861 2819 in
889 2755 979 2820 dicta
1004 2755 1096 2834 eccl,
1116 2753 1208 2842 [vac.
1235 2755 1289 2817 rel
1306 2752 1445 2840 vacat.],
1470 2754 1580 2819 eidem
1605 2756 1847 2833 conferendam¹

491 2857 666 2925 donationi
683 2868 790 2945 apost.
807 2869 1035 2940 reservantes;
1063 2880 1132 2923 non
1158 2861 1244 2924 obst.
1272 2858 1362 2942 quod
1389 2858 1478 2923 idem
1504 2856 1622 2924 Petrus
1638 2880 1700 2945 pro
1716 2880 1807 2925 nunc
1821 2860 1847 2924 ir.

491 2963 521 3027 S.
540 2963 577 3028 l'.
596 2965 685 3029 curia
700 2985 768 3028 non
785 2966 827 3029 sit
842 2985 987 3050 presens,
1000 2971 1033 3027 et
1047 2964 1136 3046 quod
1147 2984 1194 3047 gr.
1205 2962 1247 3027 de
1260 2983 1334 3028 can.
1345 2965 1405 3027 sub
1416 2982 1491 3048 exp.
1501 2965 1592 3047 preb.
1609 2962 1642 3026 in
1659 2964 1743 3028 eccl.
1760 2963 1792 3028 S.
1805 2961 1847 3027 Μ.

491 3067 729 3145 Curtracensis,
752 3068 840 3133 dicte
856 3068 1042 3135 Tomacen.
1056 3067 1153 3148 dioc,
1171 3067 1280 3132 aliasa
1297 3067 1327 3130 S.
1344 3065 1394 3146 V,
1412 3064 1455 3131 ad
1471 3066 1753 3152 supplicationem
1773 3066 1847 3131 dicti

489 3171 600 3255 episc..
618 3172 714 3235 ruerit
731 3181 940 3252 consecutus,
958 3173 1020 3252 cui,
1034 3171 1181 3238 secunda
1194 3192 1240 3256 gr.
1258 3173 1408 3250 obtenta,
1425 3178 1560 3255 paratus
1572 3178 1624 3236 est
1650 3172 1847 3248 renuntiare,

489 3295 564 3338 cum
582 3276 698 3339 eadem
715 3297 761 3359 gr.
778 3276 886 3340 eidem
905 3276 1005 3341 Petro
1021 3277 1062 3340 sit
1080 3276 1171 3360 qnasi
1190 3275 1323 3353 inutilis,
1335 3296 1376 3338 ex
1392 3294 1434 3338 eo
1446 3273 1536 3358 quod
1552 3274 1586 3337 in
1602 3274 1694 3339 dicta
1710 3275 1794 3340 eccl.
1820 3273 1847 3336 ὃ.

490 3376 538 3440 M.
567 3377 794 3443 Curtracensis
819 3378 882 3443 dne
910 3388 1040 3443 tantum
1068 3378 1238 3464 prebende
1264 3377 1307 3444 ad
1334 3377 1431 3443 coll...
1457 3397 1600 3462 persone
1625 3377 1847 3443 ecclesiastice

488 3482 666 3564 pertinent,
695 3482 814 3547 ceteris
841 3483 989 3566 ejusdem
1015 3485 1097 3548 eccl.
1128 3482 1307 3569 prebendis
1337 3481 1582 3568 pertinentibus
1612 3481 1655 3546 ad
1681 3493 1847 3567 presenta-

488 3584 613 3648 tionem
631 3586 789 3672 principis
805 3587 969 3653 secularis.
988 3588 1049 3653 Est
1076 3590 1178 3653 etiarn
1204 3588 1239 3652 in
1256 3588 1326 3673 ipsa
1343 3588 1424 3652 eccl.
1441 3585 1652 3653 Curtracensi
1680 3587 1765 3652 alins
1791 3590 1847 3652 sub

487 3689 650 3753 consimili
668 3691 774 3756 sonna
786 3691 978 3777 impetrans
995 3693 1121 3758 dictum
1141 3693 1277 3757 Petrum
1293 3693 1326 3756 in
1343 3692 1423 3757 data
1438 3691 1620 3777 precedens
1636 3713 1644 3769 ;
1662 3711 1729 3774 que
1741 3691 1847 3756 dictus

487 3793 679 3877 supplicans
694 3805 776 3861 tunc
792 3798 926 3881 penitus
942 3798 1126 3882 ignorabat.
1142 3838 1186 3846 -
1203 3796 1277 3861 Fiat
1296 3796 1335 3862 R.

529 3898 609 3961 Dat.
625 3899 725 3964 Asin.
747 3922 782 3965 12
801 3900 866 3966 kal.
884 3903 963 3966 febr.
981 3911 1014 3966 a⁰
1032 3911 1073 3966 2⁰.
1091 3907 1138 3986 (3,
1160 3899 1196 3965 P.
1214 3899 1259 3981 Il,
1281 3911 1367 3984 142).

538 4035 650 4119 637,
1493 4073 1588 4138 1344,
1606 4073 1646 4116 22
1658 4051 1803 4132 januar.

528 4152 582 4212 8¹⁰⁰
607 4153 642 4217 P.
670 4154 801 4219 Pridem
828 4157 858 4220 S.
885 4157 998 4236 1.,111
1025 4158 1222 4222 instantiam
1247 4158 1284 4223 fr.
1308 4157 1498 4237 Alamanni,
1520 4155 1622 4240 episc.
1640 4152 1809 4220 Mutinen·
1825 4173 1845 4229 ⁴.

484 4255 720 4320 arnbaxiatoris
736 4258 828 4322 ducis
853 4260 1093 4341 :lethenarunn
1115 4265 1193 4327 nob.
1210 4262 1288 4327 viris
1309 4262 1487 4347 nepotibus
1511 4259 1577 4324 suis
1593 4259 1782 4343 Augustino
1804 4259 1844 4322 de

483 4377 555 4420 can.
574 4366 607 4420 et
619 4363 710 4441 preb.
728 4360 894 4436 Panum..
908 4362 1081 4427 Luderico
1104 4364 1145 4428 de
1171 4366 1379 4451 prepositura
1406 4364 1448 4428 de
1472 4362 1583 4448 Burgo
1599 4363 1630 4427 S.
1648 4362 1843 4449 Dompnini,

483 4459 636 4524 Parmen.
653 4462 749 4541 dioc,
766 4474 800 4527 et
817 4463 999 4530 Tlrornasio
1015 4466 1057 4531 de
1074 4488 1148 4532 can.
1165 4478 1199 4533 et
1216 4472 1307 4554 preb.
1320 4470 1528 4554 Pergamen,
1544 4488 1619 4532 vac.
1631 4486 1690 4552 per
1701 4476 1842 4531 mortem

480 4562 568 4627 dom.
586 4563 808 4631 'l‘ornacensis
825 4585 845 4645 ³,
862 4571 1007 4653 gratiose
1024 4572 1224 4656 providit...

524 4683 602 4749 Dat.
618 4686 718 4751 Asin.
739 4708 771 4750 11
792 4686 859 4756 kal.
876 4690 955 4756 sebr.
972 4701 1005 4756 a‘'
1023 4701 1064 4757 2¹¹.
1090 4697 1137 4775 (3,
1156 4693 1192 4759 P.
1210 4692 1255 4775 ll,
1277 4696 1363 4778 143).

531 4821 642 4906 638
1487 4865 1538 4908 1,
1601 4863 1619 4906 2
1670 4841 1800 4909 'aravium

522 4939 622 5024 Snpp.
640 4940 779 5005 servitor
796 4952 907 5006 vester
922 4954 955 5008 et
972 4944 1173 5029 pelliparius,
1191 4864 1592 5012 Walterusdictnsfijdd'e
1608 4866 1811 5032 dsssrongns
1822 4947 1841 5022 ⁶,

481 5052 720 5061 ——-——

510 5106 531 5150 l.
545 5104 606 5150 l'oir
619 5119 641 5151 u.
657 5105 709 5150 173.
722 5132 754 5139 -
773 5107 794 5150 2.
816 5104 949 5163 llaynroml
971 5105 1164 5163 ‹l'iliuruiuuillc
1185 5107 1272 5168 (Gall.
1290 5109 1383 5167 clu-ist,
1399 5110 1432 5167 ll,
1448 5110 1530 5170 1104).
1544 5137 1575 5143 —
1594 5111 1617 5157 3.
1630 5109 1693 5156 l-'oir
1706 5124 1731 5156 n.
1745 5111 1817 5157 tls.-

477 5178 498 5223 l.
512 5177 573 5224 tanr-
586 5192 609 5224 n.
623 5180 693 5225 tal·
732 5183 753 5226 5.
768 5177 854 5223 Andri·
866 5178 953 5227 tinini.
989 5208 994 5212 ·
1013 5182 1035 5226 tt.
1055 5180 1116 5227 l'oir
1128 5195 1151 5227 n.
1170 5184 1220 5229 lata
