4650 6059
550 815 605 888 118
1090 815 1180 896 1343,
1202 815 1224 881 6
1245 815 1364 884 octobre
1396 840 1398 843 ·

598 972 682 1033 522.
709 967 806 1049 Item,
822 967 951 1046 Jacobo
967 969 1084 1055 Vulpis
1099 969 1141 1035 de
1157 968 1331 1049 Gandavo,
1347 968 1535 1036 Tomacen.
1551 968 1649 1051 dioc,
1673 990 1761 1055 mag.
1781 967 1816 1034 in
1840 978 1914 1049 art,

558 1072 635 1159 [pro
650 1072 718 1139 ind.
734 1074 767 1138 in
783 1083 843 1139 art.
859 1074 974 1161 mort]
999 1113 1030 1122 -
1052 1072 1128 1139 Fiat
1145 1073 1185 1138 R.

600 1215 681 1275 523.
701 1211 796 1292 Item,
813 1211 958 1290 Johanni
983 1214 1025 1278 de
1052 1213 1149 1294 Ysca,
1178 1211 1338 1279 Leodien.
1354 1213 1452 1293 dioc,
1480 1234 1566 1299 mag.
1584 1214 1617 1279 in
1633 1222 1704 1295 art,
1720 1214 1764 1279 de
1785 1233 1859 1279 can.
1883 1220 1918 1276 et

558 1318 649 1400 preb.
666 1317 747 1380 eccl.
764 1317 795 1381 S.
812 1315 1039 1383 Bartholomei
1056 1317 1228 1397 Leodien.,
1244 1338 1311 1382 non
1340 1320 1426 1383 obst.
1442 1338 1489 1403 gr.
1514 1317 1658 1402 generali
1675 1318 1737 1384 sibi
1754 1317 1845 1384 facta
1860 1337 1919 1404 per

558 1419 589 1483 S.
603 1418 641 1483 V.
658 1419 699 1483 ad
716 1421 823 1486 coll...
848 1425 922 1488 abb.
939 1431 973 1488 et
989 1443 1086 1488 conv.
1103 1422 1295 1488 monasterii
1313 1422 1344 1488 S.
1371 1421 1552 1502 Laurentii,
1569 1421 1611 1488 Ο.
1627 1421 1659 1487 S.
1682 1420 1732 1504 B,
1756 1422 1918 1489 Leodien.

559 1522 655 1602 dioc,
672 1525 895 1590 communiter
909 1528 963 1591 vel
979 1526 1122 1605 divisim,
1138 1527 1181 1591 de
1197 1546 1261 1609 qua
1287 1547 1334 1611 gr.
1350 1528 1480 1591 nullum
1496 1526 1640 1592 fructum
1656 1534 1769 1613 sperat
1785 1527 1919 1605 habere,

560 1646 636 1691 cum
651 1628 814 1693 beneficia
829 1629 862 1694 iu
879 1631 995 1697 eadem
1012 1630 1245 1696 collvacantia
1260 1652 1319 1717 per
1334 1639 1585 1717 procuratorem
1601 1631 1777 1697 cardinalis
1794 1630 1918 1696 ibidem

560 1731 715 1815 assignati
731 1741 958 1819 acceptentur,
974 1733 1154 1818 dignemini
1171 1733 1368 1818 providere;
1386 1734 1438 1800 cui
1454 1735 1559 1819 gratle
1570 1742 1707 1820 paratus
1722 1742 1774 1801 est
1799 1753 1920 1800 renun-

560 1835 653 1901 tiare.
677 1876 703 1888 -
726 1834 801 1902 Fiat
818 1837 857 1903 R.

606 1980 692 2040 524.
711 1973 808 2054 Item,
826 1974 1005 2042 Lamberto
1020 1978 1062 2044 de
1080 1975 1257 2043 Hostende
1273 1986 1292 2057 ¹,
1309 1977 1361 2041 cui
1378 1979 1437 2043 sub
1453 1976 1532 2043 data
1546 1975 1634 2043 XIII
1650 1977 1716 2042 kal.
1730 1976 1804 2062 julii
1827 1985 1920 2062 pont.

563 2078 663 2142 vestri
679 2086 712 2142 a⁰
732 2086 770 2159 1⁰,
787 2078 818 2144 S.
835 2078 875 2144 l'.
891 2080 933 2144 de
949 2102 1023 2146 can.
1039 2083 1120 2147 eccl.
1134 2081 1165 2145 S.
1183 2079 1323 2146 Lebuini
1336 2081 1597 2162 Daventriensis,
1610 2080 1802 2166 Trajecten.
1824 2080 1920 2159 dioc,

564 2184 623 2246 sub
639 2203 714 2266 exp.
730 2185 822 2267 preb.
839 2185 984 2268 providit
999 2196 1010 2221 ²
1025 2208 1033 2264 ;
1050 2194 1085 2250 et
1112 2206 1188 2250 cum
1216 2185 1249 2248 in
1266 2185 1337 2270 ipsa
1361 2186 1442 2251 eccl.
1465 2185 1531 2250 sint
1558 2204 1594 2264 19
1626 2182 1796 2269 prebende
1821 2192 1856 2248 et
1885 2203 1919 2266 15

563 2287 805 2370 supplementa,
829 2308 893 2372 que
916 2297 1047 2356 tantum
1070 2289 1239 2355 canonicis
1262 2288 1474 2373 prebendatis
1496 2288 1530 2353 in
1553 2287 1672 2353 eadem
1687 2288 1919 2372 assignantur;

563 2389 605 2453 de
633 2390 867 2473 supplemento
893 2392 981 2478 [vae.
1005 2395 1059 2458 vel
1083 2392 1208 2478 vacat]
1235 2392 1345 2457 eidem
1370 2392 1551 2470 Lamberto
1572 2390 1755 2476 dIgnemini
1786 2392 1829 2457 de
1854 2412 1919 2456 am-

564 2492 659 2577 pliori
675 2512 721 2575 gr.
737 2494 935 2578 providere;
963 2506 998 2561 et
1022 2495 1110 2581 quod
1134 2495 1321 2580 hujusmodi
1347 2496 1617 2581 supplementum
1641 2516 1708 2561 una
1734 2516 1812 2561 cum
1832 2494 1920 2560 dicta

564 2598 655 2679 preb.
672 2595 762 2660 licite
792 2597 902 2663 valeat
917 2609 1092 2686 acceptare
1117 2607 1151 2664 et
1176 2600 1326 2665 obtinere
1341 2621 1349 2679 ;
1376 2619 1443 2663 non
1460 2601 1545 2666 obst.
1562 2600 1652 2684 quod
1668 2600 1700 2664 in
1718 2598 1757 2664 B.
1775 2597 1825 2664 M.
1843 2597 1921 2662 Bru·

564 2700 673 2783 gensis
697 2710 731 2765 et
758 2700 796 2766 B.
823 2701 911 2768 Petri
936 2705 978 2771 de
1003 2704 1191 2785 Hostende,
1207 2703 1393 2770 Tomacen.
1410 2703 1507 2786 dioc,
1520 2703 1679 2790 quasdam
1695 2724 1789 2790 perp.
1806 2702 1921 2789 capell.

564 2804 712 2869 noscitur
728 2806 888 2873 obtinere.
910 2845 942 2855 —
965 2807 1039 2874 Fiat
1057 2808 1096 2874 R.

608 2948 692 3011 525.
721 2941 820 3024 Item,
851 2944 997 3022 Johanni
1025 2946 1211 3026 Cbevalier,
1236 2967 1323 3031 mag.
1351 2947 1383 3011 in
1411 2953 1482 3027 art,
1498 2946 1541 3013 de
1567 2966 1640 3012 can.
1667 2954 1702 3011 et
1728 2947 1822 3031 preb.
1842 2944 1922 3010 eccl.

565 3045 596 3109 S.
609 3044 796 3131 Walburgis
813 3046 1002 3131 Fumensis,
1021 3048 1187 3116 Morinen.
1203 3050 1300 3130 dioc,
1321 3049 1409 3137 [vac.
1425 3052 1480 3115 vel
1495 3050 1621 3136 vacat]
1647 3048 1831 3133 dignemini
1849 3068 1922 3134 pro

565 3151 678 3216 videre
693 3176 701 3231 ;
720 3175 786 3218 non
803 3158 888 3220 obst.
903 3154 993 3239 'quod
1009 3155 1160 3239 parrocb.
1178 3155 1259 3219 eccl.
1275 3154 1317 3227 de
1346 3152 1588 3236 Foucaucourt,
1605 3153 1806 3218 Ambianen.
1828 3151 1923 3226 dioc,

566 3258 658 3340 cujus
674 3259 830 3325 fructus...
848 3279 888 3343 27
904 3259 959 3323 lib.
977 3257 1088 3338 Paris,
1116 3279 1182 3323 sec.
1210 3265 1276 3324 tax.
1292 3258 1432 3338 decime,
1449 3278 1517 3324 non
1544 3257 1711 3323 excedunt
1737 3255 1921 3332 annuatim,

566 3362 714 3427 noscitur
730 3362 891 3428 obtinere.
908 3404 950 3411 -
968 3361 1042 3427 Fiat
1058 3362 1091 3426 in
1108 3363 1189 3427 eccl.
1207 3361 1238 3427 S.
1255 3361 1344 3427 Petri
1361 3362 1403 3428 de
1420 3360 1541 3442 Insula,
1563 3360 1749 3428 Tomacen.
1765 3360 1865 3443 dioc,
1883 3359 1921 3424 R.

568 3467 615 3548 (3,
634 3468 738 3551 248).

611 3610 693 3671 526.
722 3606 818 3686 Item,
843 3606 988 3684 Johanni
1016 3603 1176 3670 Blaulrart
1192 3614 1211 3685 ³,
1238 3625 1324 3690 mag.
1352 3604 1384 3668 in
1416 3613 1487 3683 art,
1503 3603 1546 3668 de
1561 3623 1633 3668 can.
1664 3610 1699 3667 et
1726 3605 1818 3686 preb.
1842 3602 1922 3668 eccl.

568 3713 597 3779 S.
614 3711 703 3777 Petri
721 3710 909 3791 Insulensis,
925 3709 1110 3776 Tomacen.
1127 3710 1225 3789 dioc,
1237 3708 1418 3793 dignemini
1435 3707 1630 3793 providere;
1647 3726 1716 3771 non
1732 3708 1819 3771 obst.
1836 3704 1923 3789 quod

567 3817 733 3902 quandam
751 3817 891 3901 cappell.
904 3816 937 3880 in
948 3815 1096 3902 parroch.
1108 3815 1189 3882 eccl.
1202 3814 1243 3879 de
1256 3811 1437 3891 Lambeke,
1450 3811 1539 3877 dicte
1549 3810 1646 3891 dioc,
1657 3810 1750 3894 cujus
1766 3808 1923 3874 fruetus...

568 3943 585 4003 9
602 3922 658 3987 lib.
676 3921 776 3987 Paris.
792 3922 941 3985 valorem
958 3939 1115 3997 annuum,
1133 3917 1165 3981 in
1183 3917 1281 3982 scolis
1302 3914 1488 3994 residend0,
1505 3935 1573 3979 non
1586 3912 1764 3993 excedunt,
1777 3912 1925 3978 noscitur

568 4027 728 4092 obtinere.
751 4063 782 4072 -
804 4023 879 4088 Fiat
895 4024 928 4088 in
945 4023 1026 4089 eccl.
1043 4021 1071 4085 S.
1090 4020 1179 4085 Petri
1197 4019 1391 4098 Duaeensis
1407 4021 1601 4084 Atrebaten.
1617 4016 1703 4082 dioc.
1721 4014 1763 4083 R.

613 4130 657 4194 Et
673 4132 803 4215 placeat
820 4128 850 4193 S.
868 4127 907 4193 V.
924 4127 1014 4212 quod
1026 4127 1097 4192 sine
1114 4126 1267 4190 examine
1284 4131 1465 4189 transeant.
1485 4163 1523 4171 —
1542 4121 1618 4186 Fiat
1633 4119 1674 4185 R.

613 4234 691 4298 Dat.
707 4255 759 4319 ap.
776 4232 1023 4297 Villamnovam
1041 4251 1057 4313 5
1075 4229 1141 4297 kal.
1158 4238 1224 4296 oct.
1240 4237 1273 4293 a⁰
1290 4236 1331 4293 2⁰.
1349 4228 1397 4314 (3,
1415 4228 1504 4314 247).

619 4370 730 4453 527.
1597 4393 1692 4458 1343,
1709 4374 1728 4438 ό
1745 4373 1884 4438 octobre.

614 4490 715 4575 Supp.
732 4487 850 4552 Petrus
866 4484 995 4565 Vitalis,
1023 4484 1118 4563 diac,
1135 4504 1208 4549 can.
1236 4483 1318 4548 eccl.
1344 4481 1375 4546 S.
1400 4480 1582 4554 Audomari
1598 4491 1619 4559 ⁴,
1638 4476 1806 4543 Morinen.
1830 4476 1926 4555 dioc,

570 4593 659 4677 quod
690 4593 760 4678 ipse
791 4591 917 4655 habens
946 4590 979 4655 in
1010 4590 1128 4654 eadem
1159 4588 1240 4653 eccl.
1271 4588 1362 4671 preb.
1386 4586 1605 4664 diaconalem,
1636 4603 1701 4668 que
1732 4581 1927 4648 continuam

570 4708 604 4762 et
634 4695 842 4782 personalem
867 4692 1080 4758 residentiam
1108 4691 1255 4775 requIrit,
1276 4689 1399 4774 juravit
1431 4689 1517 4752 inter
1547 4696 1658 4752 cetera
1688 4687 1721 4751 in
1749 4707 1790 4751 ea
1816 4704 1928 4772 perso

571 4802 689 4865 naliter
715 4800 867 4878 residere,
893 4808 1035 4882 postque
1062 4796 1224 4861 affectans
1248 4794 1358 4859 studio
1392 4793 1579 4858 litterarum
1606 4790 1767 4870 insistere,
1791 4790 1928 4855 taudem

571 4906 677 4991 petita
704 4926 723 4969 a
750 4903 896 4989 capitulo
912 4902 1059 4986 ejusdem
1076 4901 1157 4964 eccl.
1175 4898 1308 4963 licentia
1331 4898 1373 4963 de
1400 4895 1509 4961 eundo
1537 4895 1579 4959 ad
1606 4893 1751 4959 studium
1779 4894 1865 4959 etin
1889 4911 1930 4956 eo

571 5031 630 5095 per
655 5008 907 5094 quadriennium
936 5006 1152 5084 immorand0,
1170 5011 1204 5067 et
1227 5022 1303 5067 cum
1319 4975 1516 5065 difficultate
1540 5001 1688 5080 obtenta,
1714 4997 1757 5063 ad
1783 4998 1929 5064 studium

607 5211 628 5254 l.
642 5207 725 5265 Brom,
738 5222 762 5253 n.
775 5207 846 5254 1099.
858 5233 889 5240 -
902 5207 924 5251 2.
938 5202 1013 5260 loto,
1026 5218 1050 5251 n.
1063 5204 1117 5250 999.
1129 5230 1161 5235 -
1174 5203 1195 5248 3.
1210 5199 1315 5256 DenIlle,
1332 5198 1456 5257 Cloortal,
1470 5198 1505 5254 II,
1518 5198 1573 5255 ull,
1585 5197 1639 5255 646,
1652 5196 1714 5251 ow
1731 5193 1764 5242 de
1781 5193 1878 5249 Thou&
1897 5192 1930 5249 ΙΙ,

573 5283 671 5329 belot.
683 5308 714 5315 —
726 5282 750 5327 4.
761 5278 845 5335 Vidnl,
858 5280 940 5325 ι1.569
953 5293 959 5334 ;
971 5278 1025 5324 voir
1037 5276 1171 5338 pluebant
1183 5289 1209 5321 n.
1221 5277 1260 5330 56,
1273 5275 1329 5320 Ill.
