4650 6059
485 791 544 856 602
972 784 1053 859 1351,
1077 783 1169 847 18-28
1192 783 1356 849 novembre.

535 938 680 1025 2326.
1444 968 1538 1033 1351,
1556 951 1601 1014 18
1618 951 1799 1015 novembre.

528 1058 627 1143 Supp.
657 1054 766 1121 Maria
792 1053 833 1119 de
861 1050 1027 1132 Flandria,
1055 1050 1196 1116 Bolonie
1223 1059 1258 1116 et
1284 1052 1431 1118 Avernie
1458 1053 1642 1135 comitissa,
1671 1065 1763 1140 quat.
1785 1075 1827 1121 sno

483 1161 669 1227 domestico
685 1157 831 1224 Guidoni
848 1156 1015 1222 Gueroudi
1035 1166 1052 1235 ¹,
1080 1155 1275 1241 presbiter0,
1301 1155 1400 1240 quod,
1426 1157 1526 1243 ipsius
1554 1158 1731 1224 comitisse
1754 1162 1827 1225 obse-

484 1266 569 1350 quiis
587 1262 778 1340 insistendo
797 1263 829 1325 in
854 1261 995 1326 ecclesia
1018 1260 1049 1323 S.
1078 1259 1217 1324 Dionisii
1246 1257 1416 1341 Leodien,
1442 1261 1476 1326 in
1503 1283 1568 1347 qua
1596 1264 1827 1341 canonicatum,

484 1369 687 1455 prebendam
704 1377 738 1432 et
754 1366 955 1432 decanatum
972 1365 1113 1443 obtinet,
1130 1385 1193 1430 nec
1217 1366 1250 1430 in
1277 1365 1387 1450 aliqua
1403 1366 1543 1432 aliarum
1559 1369 1788 1448 ecclesiarum,
1807 1370 1827 1433 in

483 1474 600 1557 quibus
616 1471 778 1537 beneficia
794 1470 925 1535 obtinet
942 1479 976 1535 et
993 1469 1159 1534 obtinebit
1176 1469 1403 1554 imposterum,
1429 1490 1497 1535 non
1525 1480 1687 1538 teneatur
1702 1474 1780 1539 hinc
1798 1472 1828 1538 ad

482 1577 745 1662 quinquennium
761 1576 979 1661 personaliter
995 1573 1137 1639 residere
1151 1596 1159 1652 ;
1177 1572 1234 1638 sed
1251 1574 1375 1639 fructus
1398 1595 1511 1641 eorum
1528 1575 1672 1661 integre,
1698 1580 1829 1665 exceptis

483 1682 659 1746 cotidianis
697 1679 993 1759 distributionibus,
1025 1678 1158 1743 interim
1190 1679 1303 1744 valeat
1338 1679 1439 1744 libere
1469 1680 1629 1766 recipere,
1662 1683 1828 1768 dignemini

483 1785 672 1869 indulgere;
690 1782 984 1849 constitutionibus
999 1781 1200 1868 apostolicis,
1224 1782 1482 1868 provincialibus
1508 1792 1543 1849 et
1559 1786 1787 1869 synodalibus,
1800 1807 1829 1851 ac

482 1889 614 1953 statutis
642 1888 786 1974 ipsarum
814 1887 1027 1952 ecclesiarum
1060 1906 1127 1950 non
1156 1888 1241 1951 obst.
1267 1886 1544 1971 quibuscunque;
1571 1909 1651 1955 cum
1678 1890 1752 1956 aliis
1776 1911 1829 1956 non

483 1996 600 2058 obst...
619 2034 661 2040 —
679 1992 753 2056 Fiat
771 1991 810 2056 R.

527 2097 606 2161 Dat.
622 2097 720 2160 Avin.
742 2118 776 2179 ¹4
793 2094 860 2160 kal.
876 2094 948 2159 dec.
965 2104 997 2159 a⁰
1017 2104 1077 2159 10⁰.
1094 2096 1167 2178 (21,
1188 2096 1274 2179 154).

534 2233 676 2317 2327.
1443 2267 1538 2329 1351,
1555 2271 1574 2312 2
1575 2270 1596 2332 3
1615 2254 1798 2317 reovembre.

526 2352 640 2436 Suppl.
656 2353 728 2414 Ano
743 2349 785 2414 de
803 2347 932 2413 Manais
943 2347 984 2412 de
999 2346 1104 2431 Regio
1117 2364 1138 2427 ²,
1155 2348 1264 2432 legum
1281 2348 1410 2430 doctor,
1427 2361 1519 2433 quat.
1532 2352 1594 2417 sibi
1611 2374 1689 2419 can.
1706 2365 1742 2421 et
1753 2358 1833 2441 preb.

482 2455 621 2519 ecclesie
637 2453 666 2517 T
668 2454 808 2518 ervisine
825 2452 1006 2534 dignemini
1024 2451 1173 2516 conferre
1189 2473 1196 2529 ;
1225 2472 1292 2516 non
1318 2455 1402 2519 obst.
1419 2455 1509 2538 quod
1525 2456 1557 2520 in
1576 2455 1751 2539 Paduana,
1767 2458 1833 2524 Cas·

484 2560 609 2624 tellana
625 2568 658 2621 et
676 2557 706 2621 S.
724 2555 905 2620 Donatiani
923 2553 1110 2639 Brugensis,
1127 2553 1315 2621 Tornacen.
1331 2557 1428 2636 dioc,
1445 2579 1517 2624 can.
1534 2569 1569 2624 et
1585 2565 1680 2645 preb.
1696 2563 1834 2629 noscitur

483 2662 644 2728 obtinere.
661 2701 702 2709 -
720 2660 797 2724 Fiat
815 2659 854 2723 R.

528 2767 607 2830 Dat.
624 2766 721 2830 Avin.
740 2787 756 2844 9
775 2764 838 2828 kal.
855 2763 927 2828 dec.
945 2772 978 2826 a⁰
999 2772 1059 2827 10⁰.
1076 2764 1146 2845 (21,
1166 2762 1201 2827 P.
1220 2761 1264 2842 Il,
1283 2774 1338 2847 γ’).

534 2901 842 2986 2328·2329.
1451 2941 1546 3003 1551,
1557 2942 1597 3004 25
1613 2926 1798 2989 reovembre.

525 3023 625 3108 Supp.
643 3020 818 3099 Walterus,
842 3019 951 3084 dictus
977 3020 1019 3085 de
1046 3021 1189 3103 Angu10,
1215 3022 1375 3105 presbiter
1402 3025 1593 3110 capellanus
1628 3034 1665 3091 et
1688 3037 1832 3113 receptor

481 3127 594 3192 devoti
613 3127 668 3190 lilii
686 3127 785 3190 vestri
803 3125 930 3190 domini
948 3125 1079 3190 comitis
1094 3123 1259 3202 Flandrie,
1276 3136 1365 3209 quat.
1386 3127 1445 3191 sibi
1463 3127 1640 3212 providere
1657 3130 1831 3214 dignemini

482 3232 523 3298 de
539 3232 705 3296 decanatu
721 3230 861 3294 ecclesie
878 3229 908 3294 S.
927 3229 1014 3293 Petri
1031 3230 1072 3294 de
1091 3227 1334 3308 Middelborclr,
1352 3230 1539 3314 'trajecten
1557 3233 1655 3311 dioc,
1673 3256 1751 3300 cum
1764 3235 1832 3319 juri-

481 3339 542 3401 bus
559 3346 592 3399 et
609 3333 818 3419 pertinentiis
834 3332 899 3397 suis
916 3333 1085 3409 universis,
1102 3334 1246 3398 etiamsi
1264 3333 1433 3419 prebenda
1449 3345 1483 3398 et
1508 3338 1729 3403 canonicatus
1752 3340 1833 3404 dicto

482 3438 671 3516 decanatui,
688 3447 721 3501 et
738 3458 756 3500 e
773 3457 945 3516 converse,
963 3437 1028 3502 sint
1046 3438 1167 3501 annexi
1185 3445 1207 3517 ²¹,
1224 3459 1297 3503 vac.
1314 3460 1373 3524 per
1388 3448 1532 3504 mortem
1548 3442 1721 3523 quondam
1733 3442 1832 3529 Egidii

482 3543 500 3622 J
505 3542 657 3621 ohannis,
674 3541 780 3606 ultimi
797 3540 886 3606 dicte
902 3541 1042 3606 ecclesie
1058 3541 1175 3607 decani
1193 3565 1201 3622 ;
1218 3544 1273 3626 qui
1290 3543 1424 3628 quidem
1440 3543 1626 3611 decanatus
1641 3549 1833 3632 generaliter

483 3669 542 3733 per
559 3667 618 3712 vos
634 3654 684 3711 est
700 3654 810 3710 vestre
826 3646 999 3711 donationi
1016 3656 1051 3710 et
1063 3654 1171 3731 apost.
1189 3646 1284 3726 sedis,
1301 3648 1430 3713 ratione
1453 3647 1634 3732 diguitatis,
1652 3653 1707 3717 vel
1724 3652 1833 3737 quoris

482 3753 548 3817 alio
564 3751 675 3829 modu,
693 3760 728 3814 ut
744 3750 874 3829 dicitnr,
892 3760 1078 3814 reservatus
1093 3772 1100 3828 ;
1118 3771 1186 3815 uon
1204 3753 1288 3815 obst.
1305 3752 1395 3836 quod
1410 3753 1519 3819 dictus
1535 3754 1706 3822 Walterus
1719 3778 1792 3823 can.
1805 3767 1832 3821 et

479 3860 570 3942 preb.
589 3855 726 3921 ecclesie
745 3854 998 3933 Rotlmacensis,
1017 3854 1233 3919 Cameracen.
1250 3855 1345 3935 dioc,
1367 3856 1433 3942 [et]
1453 3859 1664 3943 capellanias
1682 3881 1783 3925 unam
1795 3860 1831 3925 de

481 3959 608 4039 Menin,
627 3961 765 4023 alteram
783 3959 824 4022 de
843 3957 1013 4037 Haluwin,
1030 3980 1068 4023 ac
1085 3960 1344 4024 matriculariam
1369 3961 1474 4026 Vinee
1500 3961 1689 4047 Brugensis,
1714 3964 1832 4031 Torna-

479 4086 552 4129 cen.
569 4065 666 4142 dioc,
683 4063 830 4126 noscitur
846 4063 997 4126 obtinere
1014 4086 1022 4140 ;
1041 4083 1116 4127 cum
1133 4063 1205 4126 aliis
1221 4084 1288 4127 non
1303 4068 1388 4130 obst.
1405 4107 1447 4114 -
1464 4066 1540 4130 Fiat
1558 4066 1598 4132 R.

524 4206 631 4265 2329.
650 4200 736 4266 Item
754 4222 847 4285 supp.
864 4209 955 4283 quat.
985 4199 1164 4265 Guillelmo
1189 4201 1283 4281 Caes,
1312 4205 1432 4268 clerico
1459 4205 1646 4273 'fornacem
1676 4208 1774 4290 dioc,
1796 4208 1830 4273 de

479 4310 555 4371 ben.
573 4307 653 4369 eccl.
672 4327 696 4368 s,
714 4327 752 4382 c.,
769 4315 948 4389 personatu
965 4306 1018 4367 rel
1043 4303 1164 4383 offici0,
1182 4306 1273 4389 cujus
1289 4307 1413 4373 fructus
1429 4319 1493 4374 etc.
1522 4317 1561 4375 60
1579 4311 1651 4376 libr.
1669 4312 1829 4378 Toronen.

481 4408 818 4495 pa1·i·0r.,secnmlum
836 4409 1041 4472 taxationem
1065 4408 1205 4488 decime,
1223 4412 1368 4475 valorem
1394 4434 1539 4478 annuum
1565 4435 1633 4479 non
1661 4418 1829 4493 excedant,

481 4523 656 4598 spectante
673 4512 961 4576 communiterve]
979 4513 1109 4577 divisim
1137 4514 1179 4578 ad
1203 4516 1415 4580 collationem
1443 4526 1506 4582 etc.
1531 4519 1693 4605 episcopi,
1717 4520 1825 4587 decani

481 4630 515 4683 et
531 4619 667 4703 capituli
685 4617 824 4682 ecclesie
842 4616 878 4681 B.
898 4615 945 4681 M.
962 4617 1170 4698 Tornacen.;
1189 4640 1264 4685 cum
1280 4622 1512 4705 acceptatione
1535 4631 1611 4703 etc,
1628 4634 1662 4689 et
1680 4626 1753 4692 aliis
1768 4646 1826 4691 non

481 4727 566 4789 obst.
583 4763 625 4771 —
643 4722 717 4787 Fiat
733 4732 800 4787 etc.
820 4721 858 4786 R.

523 4832 601 4895 Dat.
618 4830 715 4894 Avin.
734 4849 751 4907 9
768 4827 833 4893 kal.
850 4827 922 4893 dec.
940 4836 972 4893 a⁰
993 4836 1053 4893 10⁰.
1071 4829 1140 4910 (21,
1160 4831 1195 4897 P.
1214 4829 1259 4909 II,
1281 4829 1327 4913 8).

512 5023 539 5078 a)
555 5019 611 5067 (bd.
623 5020 737 5065 annu-xis.

491 5115 721 5123 ——·.—--——-

515 5168 534 5210 l.
550 5165 611 5209 l'oin
623 5178 646 5210 n.
661 5165 728 5213 1286,
743 5163 811 5218 laem,
825 5163 892 5208 lllltl.
905 5189 936 5195 —
952 5164 974 5207 2.
988 5161 1048 5207 l'oir
1068 5176 1091 5206 n.
1112 5164 1166 5218 billi,
1191 5162 1257 5210 lllll,
1281 5162 1349 5207 1790.
1371 5160 1393 5205 ll
1413 5160 1501 5207 derint
1518 5159 1618 5220 cneque
1630 5161 1662 5210 de
1676 5163 1779 5213 Trerisc
1790 5162 1833 5213 les

480 5239 564 5297 juillet
577 5242 636 5285 1355
649 5245 674 5284 et
688 5242 788 5283 mourut
801 5236 823 5282 le
837 5238 866 5282 li
879 5234 965 5294 juillet
980 5237 1040 5281 1357
1054 5234 1158 5293 (Eubel,
1174 5234 1193 5292 l,
1208 5237 1277 5295 δοῦ).
