4650 6059
381 811 443 874 270
936 805 1023 878 1346,
1048 804 1083 867 17
1105 808 1184 868 aotlt

381 962 482 1027 annui
507 960 654 1025 redditus
681 950 858 1023 advitam
884 978 971 1041 mag.
1000 955 1169 1020 Guillelmi
1193 957 1235 1022 de
1259 956 1455 1041 Bevegnies,
1479 965 1513 1022 et
1534 977 1593 1021 100
1613 957 1684 1022 flor.
1698 957 1716 1021 d

383 1064 553 1132 Florentia
567 1061 610 1128 ad
625 1063 730 1127 vitam
745 1061 835 1127 dom.
852 1059 1017 1138 Johannis
1043 1068 1078 1124 et
1099 1060 1256 1144 Symonis
1283 1060 1328 1125 du
1355 1059 1491 1140 Portail,
1517 1060 1716 1125 arclridiacor

381 1179 417 1236 et
443 1167 590 1234 cantoris
616 1166 657 1231 de
682 1165 859 1231 Tournaco
876 1172 894 1244 ¹,
912 1165 1061 1242 fratrum,
1086 1173 1121 1227 et
1145 1164 1333 1249 superstitis
1355 1184 1481 1242 eorum,
1498 1183 1559 1249 pro
1580 1164 1716 1229 solvend

382 1272 472 1337 dicta
498 1270 611 1335 debita
637 1278 671 1333 et
695 1267 923 1354 supportando
953 1267 1019 1331 alia
1049 1287 1150 1331 onera
1181 1267 1289 1332 eidem
1321 1268 1524 1332 monasterio
1555 1268 1715 1332 necessari

383 1373 610 1440 incumbentia
631 1371 853 1438 vendidemnt
875 1391 937 1456 pro
952 1391 1081 1435 summa
1104 1378 1138 1435 et
1154 1371 1263 1455 pretio
1288 1372 1350 1436 800
1374 1372 1445 1436 libr.
1466 1369 1545 1436 Tur.
1566 1372 1622 1435 vel
1647 1372 1716 1436 ciro

382 1478 461 1542 dum
488 1485 603 1542 tamen
631 1484 726 1561 pater
753 1478 858 1541 abbas
884 1481 918 1538 et
945 1473 1130 1559 capitulum
1161 1475 1315 1559 generale
1339 1474 1419 1539 dicti
1443 1474 1524 1554 ord,
1542 1475 1627 1539 infra
1643 1496 1717 1560 capi

382 1582 538 1661 octobris,
562 1580 752 1666 hujusmodi
775 1577 1024 1643 venditionibus
1043 1597 1139 1642 suum
1155 1579 1282 1642 vellent
1297 1581 1437 1664 prebere
1453 1598 1635 1658 assensum,
1649 1578 1716 1663 juxt

383 1685 640 1751 constitutiones
655 1683 709 1749 fel.
726 1704 791 1749 rec.
808 1681 898 1748 dom.
915 1680 1090 1745 Benedicti
1107 1702 1194 1767 pape
1209 1679 1278 1745 XII
1296 1702 1394 1767 super
1409 1682 1474 1747 hoc
1490 1680 1607 1761 editas,
1630 1690 1664 1746 et
1680 1683 1716 1746 ali

383 1797 507 1854 statuta
534 1798 569 1852 et
594 1787 821 1853 ordinationes
848 1785 972 1852 ordinis
998 1785 1172 1869 ejusdem3
1201 1806 1301 1869 quam
1332 1786 1474 1870 pecunie
1504 1806 1670 1850 summam
1701 1807 1716 1850 a

383 1892 509 1958 eisdem
536 1891 752 1977 emptoribus,
772 1893 835 1955 sub
862 1888 961 1953 dictis
987 1888 1236 1954 conditionibus
1262 1899 1297 1954 et
1322 1889 1417 1975 penis
1443 1909 1504 1953 200
1521 1889 1587 1969 lib,
1612 1909 1716 1953 exnur

384 1997 570 2060 babuerunt
596 2002 632 2059 et
657 2002 864 2079 receperunt,
895 1999 930 2056 et
960 2013 1001 2055 ex
1029 1992 1099 2078 ipsa
1129 1992 1220 2058 idem
1248 1992 1488 2058 monasterium
1520 1992 1716 2076 acquitamn

385 2098 519 2177 Verum,
546 2119 622 2162 cum
646 2098 731 2162 inter
755 2095 948 2160 venditores
963 2105 997 2160 et
1013 2105 1184 2180 emptores
1198 2096 1378 2181 predictos,
1395 2096 1428 2159 in
1445 2095 1640 2180 receptione
1655 2095 1716 2160 dict

385 2202 526 2288 pecunie
556 2201 654 2266 fuerit
684 2198 924 2266 concordatum
955 2200 1054 2283 quod,
1082 2200 1142 2264 nisi
1174 2200 1258 2264 infra
1285 2200 1412 2265 dictum
1438 2187 1621 2264 terminum
1645 2199 1716 2264 iidei

385 2305 576 2370 venditores
599 2311 817 2390 procurarent
841 2303 932 2387 quod
951 2303 1061 2368 dictus
1081 2312 1179 2389 pater
1202 2307 1306 2369 abbas
1328 2312 1363 2369 et
1386 2303 1570 2389 capitulum
1590 2323 1715 2386 genera

386 2407 574 2493 hujusmodi
590 2407 839 2472 venditionibus
859 2406 1067 2486 assentirent,
1088 2407 1169 2472 dicti
1191 2407 1383 2473 venditores
1398 2414 1592 2472 tenerentur
1608 2406 1716 2471 redde:

387 2512 512 2577 eisdem
535 2511 741 2596 emptoribus
756 2512 882 2577 dictam
905 2532 1070 2576 summam
1092 2512 1234 2597 pecunie
1258 2515 1300 2576 ab
1324 2512 1371 2576 eis
1393 2520 1563 2596 receptam
1580 2532 1648 2576 una
1671 2533 1716 2577 cu:

386 2616 481 2702 penis
505 2615 742 2699 suprascriptis,
767 2616 942 2701 dictusque
962 2622 1058 2701 pater
1073 2618 1177 2680 abbas
1192 2614 1318 2680 eisdem
1334 2614 1583 2679 venditionibus
1607 2635 1716 2680 conse]

386 2719 486 2797 sierit,
514 2728 548 2783 et
575 2739 640 2798 eas,
668 2715 701 2782 in
729 2728 889 2803 quantum
915 2719 1022 2804 ipsum
1050 2721 1219 2803 tangebat,
1245 2717 1503 2796 continuaverit,
1524 2717 1716 2802 dubitentqr

385 2822 454 2886 veri
474 2821 624 2886 similiter
640 2821 830 2887 venditores
853 2821 1002 2907 predicti,
1019 2841 1062 2885 ne
1077 2820 1284 2906 presidentes
1307 2821 1455 2906 ejusdem
1477 2821 1616 2906 capituli
1633 2822 1668 2885 in
1684 2822 1716 2886 lu

386 2948 421 2991 se
436 2925 578 2991 reddant
594 2925 692 2990 nimis
702 2925 864 3007 difficiles,
876 2926 1026 3010 quinimo
1037 2926 1171 3010 penitus
1182 2934 1378 3004 renuentes3
1389 2946 1465 2991 cum
1476 2946 1565 2991 anno
1576 2926 1716 3011 preterit

386 3051 484 3115 super
499 3030 660 3094 similibus
674 3030 832 3113 requisiti,
848 3021 1014 3094 ea'facere
1030 3030 1199 3094 renuerint
1215 3050 1378 3115 expresse,
1386 3029 1419 3093 in
1435 3050 1596 3114 magnum
1607 3030 1716 3115 predi(

388 3134 581 3199 monasterii
605 3132 823 3219 prejudicium
840 3142 876 3196 et
889 3153 1082 3217 gravamen.
1104 3133 1206 3218 Supp.
1223 3142 1314 3216 quat.
1331 3132 1519 3218 hujusmodi
1535 3133 1716 3199 vendition¹

388 3248 474 3303 auct.
492 3247 613 3316 vestra,
630 3258 671 3300 ex
696 3247 786 3301 certa
812 3236 960 3315 scientia,
977 3257 1045 3300 non
1062 3239 1147 3301 obst.
1165 3236 1459 3302 constitutionibus
1474 3236 1615 3322 predicti
1632 3237 1715 3322 pred

389 3341 527 3405 cessoris
538 3340 642 3404 *vestri
654 3341 707 3402 vel
720 3340 864 3419 statutis,
877 3361 940 3403 nec
952 3340 1025 3404 aliis
1037 3340 1310 3424 quibuscumque,
1332 3340 1512 3424 dignemini
1529 3341 1716 3405 confirmari

390 3465 467 3507 nam
483 3444 597 3528 procul
614 3442 725 3521 dubi0,
738 3442 763 3506 si
774 3442 863 3507 dicte
877 3444 1086 3509 venditiones
1101 3444 1186 3509 infra
1202 3440 1328 3509 dictum
1346 3445 1523 3509 terminum
1541 3464 1610 3510 non
1628 3443 1716 3509 suerii

389 3545 501 3610 debite
524 3543 732 3623 confirmate,
757 3546 924 3629 oportebit
945 3545 1053 3610 dictos
1069 3546 1260 3611 venditores
1275 3546 1412 3611 reddere
1428 3547 1526 3612 dictis
1540 3549 1716 3633 emptoribr

389 3670 482 3713 suam
513 3647 689 3733 pecuniam
720 3668 796 3713 cum
827 3670 914 3734 pena
945 3649 1106 3734 predicta,
1145 3650 1236 3733 quod
1274 3659 1361 3715 esset
1392 3650 1517 3714 eisdem
1545 3651 1716 3737 impossibi

389 3756 512 3836 absque
537 3752 743 3837 permaxima
770 3762 804 3816 et
831 3754 958 3818 enonni
986 3754 1121 3834 lesione,
1150 3776 1232 3838 ymo
1255 3755 1366 3839 potius
1388 3754 1617 3821 destructione
1650 3764 1716 3821 vest

388 3855 580 3919 monasterii
592 3855 765 3920 antedicti.
779 3896 822 3904 -
835 3855 943 3921 Possit
956 3857 1140 3942 capitulum
1153 3860 1308 3941 generale
1319 3858 1366 3921 eis
1376 3858 1561 3923 concedere
1578 3859 1716 3924 licentiat

387 3958 585 4042 hujusmodi,
598 3960 625 4023 si
638 3958 782 4024 viderint
795 3959 961 4044 expedire,
974 3980 1072 4045 super
1083 3981 1150 4043 quo
1163 3980 1277 4025 eorum
1290 3961 1531 4026 conscientiam
1549 3983 1716 4027 oneramur

388 4083 455 4126 nou
483 4065 567 4126 osbt.
594 4064 726 4128 statutis
746 4073 781 4128 et
805 4064 1069 4129 ordinationibus
1092 4065 1172 4130 dicti
1197 4065 1440 4150 predecessoris
1464 4076 1498 4131 et
1522 4067 1595 4131 aliis
1618 4069 1716 4150 quibu

390 4186 541 4247 cumque.
562 4165 600 4230 R.
1610 4196 1612 4199 ’

434 4268 512 4332 Dat.
528 4269 626 4332 Avin.
646 4291 661 4351 5
681 4271 723 4335 id.
741 4292 815 4353 ang.
832 4279 866 4336 a⁰
884 4281 924 4355 5⁰.
942 4275 1008 4354 (ll,
1030 4278 1113 4356 135).

445 4404 589 4484 1045.
1446 4447 1463 4489 r
1512 4427 1531 4488 ό
1559 4433 1704 4490 ruerit.

433 4522 532 4606 Snpp.
549 4521 730 4600 lohannes,
748 4524 942 4609 archiepisc.
960 4524 1189 4592 Mediolanen.
1206 4539 1224 4608 ²,
1242 4537 1331 4611 quat.
1352 4445 1716 4613 [cler.‚iiniti1iu0fa1n

389 4647 449 4690 suo
464 4624 627 4710 Jolranni]
647 4626 794 4711 Scoppre
810 4627 852 4691 de
871 4626 1062 4712 Meclrlinia,
1076 4631 1118 4695 de
1134 4653 1207 4696 can.
1220 4641 1254 4696 et
1271 4636 1362 4717 preb.
1373 4633 1455 4697 eccl.
1472 4632 1503 4697 S.
1522 4630 1570 4697 M.
1582 4633 1624 4698 de
1633 4632 1716 4715 Aqui

390 4728 548 4793 Leodien.
579 4729 675 4809 dioc,
709 4751 779 4794 vac.
811 4751 872 4815 pro
897 4754 938 4796 eo
963 4734 1052 4816 quod
1083 4734 1282 4801 Gosuuinus
1312 4736 1354 4800 de
1386 4735 1530 4801 Nitusen
1562 4736 1604 4800 ad
1625 4746 1716 4801 statu

389 4833 540 4897 laicalem
567 4834 713 4917 aspirans
737 4836 882 4921 suscepit
907 4836 1076 4920 cingulum
1102 4839 1282 4903 militarem
1307 4840 1341 4903 in
1365 4840 1514 4905 exercitu
1538 4839 1716 4905 dominoru

392 4935 705 5015 Mediolanensium,
722 4938 902 5021 dignemini
920 4940 1106 5024 providere.
1122 4983 1166 4990 —
1183 4941 1257 5007 Fiat
1276 4942 1315 5008 R.

435 5040 513 5104 Dat.
530 5040 630 5104 Avin.
652 5047 688 5103 ro
704 5040 770 5106 kal.
788 5053 871 5127 sept.
889 5053 922 5107 a¹¹
940 5053 982 5129 5⁰.
1000 5049 1066 5130 (ll,
1088 5048 1190 5130 135¹).

428 5241 447 5285 l.
462 5238 509 5285 l'os
534 5240 610 5302 (lurp.
623 5238 653 5286 de
670 5241 783 5301 Tuttl'uai,
800 5241 816 5296 l,
832 5244 867 5300 13,
881 5244 928 5289 '2133
941 5259 946 5299 3
960 5243 993 5290 [t.
1007 5245 1045 5290 23.
1058 5270 1088 5280 -
1101 5247 1122 5291 2.
1135 5243 1201 5292 ,leun
1214 5244 1335 5292 l'isconti.
