4650 6059
1011 775 1098 847 1349,
1121 774 1215 838 24-27
1236 775 1304 839 mai.
1778 775 1834 840 451

524 919 664 1007 1732.
1542 956 1637 1021 1349,
1654 958 1694 1019 34
1713 936 1790 1000 1ηαὶ.

514 1037 619 1123 Supp.
636 1036 764 1117 Petrus,
780 1035 848 1102 dux
860 1035 1053 1117 Borbonnii‚
1066 1045 1159 1121 quat.
1173 1037 1295 1103 clerico
1307 1058 1368 1105 suo
1382 1038 1561 1106 secretario
1572 1039 1674 1105 Petro
1686 1037 1833 1104 Bemerii

471 1144 556 1208 alias
571 1141 614 1207 de
629 1143 794 1208 Atrebato
811 1154 831 1222 ¹,
854 1141 897 1207 de
913 1162 986 1207 can.
1002 1150 1036 1207 et
1052 1143 1144 1227 preb.
1161 1140 1341 1222 Morinen.,
1356 1163 1430 1208 vac.
1457 1163 1517 1229 per
1531 1138 1597 1209 ob.
1613 1143 1776 1209 Guidonis
1790 1143 1834 1209 de

472 1244 698 1330 Lenglentier,
708 1251 787 1309 ante
799 1243 899 1330 ipsius
909 1246 1159 1326 obreservatiS,
1169 1244 1351 1330 dignemini
1360 1246 1634 1331 providere;non
1646 1248 1732 1312 obst.
1743 1245 1833 1331 quod

472 1370 545 1415 can.
562 1357 597 1414 et
619 1350 711 1434 preb.
728 1346 767 1413 B.
784 1345 834 1413 M.
852 1346 1054 1434 Magdalene
1070 1347 1263 1429 virdunen,
1285 1356 1320 1413 et
1342 1348 1480 1434 paroch.
1504 1349 1586 1416 eccl.
1602 1349 1644 1415 de
1669 1348 1832 1435 Locheyo

471 1462 506 1518 et
521 1452 685 1537 capellan.
702 1471 795 1537 perp.
812 1450 846 1516 in
863 1451 1000 1538 paroch.
1024 1453 1107 1517 eccl.
1130 1451 1173 1517 de
1196 1450 1345 1537 Bcssayo
1368 1459 1402 1518 et
1425 1472 1499 1518 can.
1515 1454 1576 1519 sub
1590 1473 1666 1538 exp.
1681 1455 1774 1538 preb.
1789 1453 1832 1519 de

471 1552 888 1636 SicliniopClaromonten.
904 1565 939 1620 et
949 1554 1140 1621 Tomacen.
1156 1554 1254 1635 dioc„
1267 1555 1419 1621 obtinere
1436 1563 1601 1622 noscatur.
1611 1597 1655 1606 -
1667 1555 1745 1623 Fiat
1758 1555 1828 1621 R...

514 1658 604 1724 Item
620 1679 716 1744 supp.
732 1666 823 1742 quat.
838 1658 931 1725 dicto
947 1658 1049 1725 Petro
1074 1657 1223 1724 Bemerii
1240 1658 1273 1723 in
1289 1659 1393 1725 sacris
1419 1680 1487 1726 non
1513 1659 1698 1726 constituto
1723 1667 1832 1726 recto-

472 1764 566 1848 rique
580 1762 718 1849 paroch.
735 1763 875 1827 ecclesie
890 1762 933 1828 de
949 1761 1122 1848 Locheyo,
1134 1760 1387 1828 claromonten.
1400 1762 1497 1844 dioc„
1512 1763 1703 1849 dispensare
1715 1763 1832 1849 digne-

472 1867 554 1932 mini
570 1874 608 1931 ut
623 1866 704 1932 hinc
720 1866 764 1932 ad
779 1866 1045 1951 quinquennium
1071 1865 1201 1931 ratione
1217 1865 1308 1931 dicte
1334 1866 1475 1932 ecclesie
1490 1887 1549 1932 seu
1574 1867 1709 1932 alterius
1725 1868 1832 1952 cujus-

473 1970 553 2036 dam
569 1969 614 2035 ad
629 1969 776 2055 aliquem
792 1990 922 2035 sacrum
945 1969 1097 2036 ordinem
1120 1968 1259 2034 minime
1282 1970 1471 2056 promoveri
1495 1977 1681 2037 teneatur...
1702 2008 1733 2019 -
1755 1969 1833 2036 Fiat

473 2073 516 2139 ad
530 2072 716 2154 biennium,
733 2073 813 2139 dum
828 2081 943 2138 tamen
959 2073 1003 2138 sit
1018 2072 1242 2138 subdiaconus
1257 2072 1342 2138 infra
1357 2093 1416 2137 sex
1430 2080 1573 2139 menses
1590 2072 1653 2140 R...

516 2176 599 2242 Dat.
614 2178 715 2242 Asin.
733 2197 750 2257 9
767 2176 835 2243 kal.
847 2177 932 2262 junii
948 2184 981 2242 a⁰
997 2179 1040 2243 8⁰.
1057 2177 1071 2260 (
1078 2183 1128 2256 19,
1146 2182 1226 2260 ro').

528 2315 667 2401 1733.
1543 2347 1639 2411 1349,
1656 2349 1696 2412 ²4
1714 2330 1791 2392 ntai.

517 2431 621 2518 Supp.
638 2431 766 2511 Petrus,
782 2431 850 2497 dux
866 2430 1035 2511 Borbonii‚
1051 2438 1142 2515 quat.
1161 2428 1300 2516 [clerico
1326 2449 1387 2495 suo
1410 2428 1430 2506 J
1434 2428 1558 2495 ohanni
1581 2428 1624 2495 de
1649 2428 1834 2514 Darligues,

476 2534 571 2622 cler.]
593 2534 761 2601 Morinen.
777 2535 875 2617 dioc„
891 2535 933 2602 de
948 2536 1061 2620 aliquo
1086 2537 1164 2600 ben.
1191 2534 1234 2600 ad
1257 2532 1510 2619 dispositionem
1537 2531 1778 2618 archiepiscopi
1801 2540 1836 2597 et

478 2639 614 2726 capituli
637 2638 884 2725 Rothomagen.
899 2638 1081 2725 dignemini
1104 2638 1301 2725 providere;
1319 2657 1387 2702 non
1403 2639 1489 2703 obst.
1506 2636 1597 2721 quod
1612 2657 1703 2722 perp.
1725 2637 1837 2722 capel-

478 2745 546 2809 lan.
561 2744 596 2809 in
613 2744 695 2811 eccl.
712 2746 911 2811 Ambianen.
927 2752 962 2810 et
988 2742 1252 2810 matriculariam
1276 2742 1309 2807 in
1336 2742 1419 2808 eccl.
1446 2741 1478 2806 S.
1506 2741 1595 2807 Petri
1622 2739 1835 2822 casletensis,

480 2845 648 2913 Morinen.
675 2846 772 2928 dioc,
800 2847 952 2913 obtinere
978 2853 1146 2912 noscatur.
1169 2843 1312 2909 —Fiat
1337 2844 1380 2910 ad
1407 2844 1621 2911 collationem
1648 2844 1778 2909 abbatis
1804 2843 1836 2909 S.

482 2949 627 3017 Richarii
645 2951 678 3015 in
695 2950 852 3031 Pontivo,
867 2950 1069 3016 Ambianen.
1085 2949 1183 3029 dioc,
1201 2947 1263 3014 R...
1459 2939 1466 2952 ⁸

521 3052 602 3120 Dat.
618 3054 717 3120 nnn.
735 3075 752 3134 9
769 3054 837 3120 kal.
850 3053 934 3139 junii
949 3061 982 3119 a⁰
998 3055 1041 3119 8⁰.
1058 3056 1126 3133 (19,
1147 3056 1210 3137 14).

532 3192 674 3278 1734.
1549 3224 1643 3287 1349,
1660 3224 1702 3289 27
1719 3206 1796 3269 mai.

523 3310 624 3396 Supp.
642 3309 791 3374 Thomas
806 3307 1015 3389 Gouchardi,.
1032 3308 1212 3373 canonicus
1235 3309 1375 3374 ecclesie
1398 3308 1429 3374 S.
1447 3308 1536 3373 Petri
1554 3307 1742 3391 Insulensis,
1759 3308 1840 3373 Tor-

486 3435 597 3480 nacen.
613 3414 711 3493 dioc,
728 3433 861 3478 necnon
885 3411 1031 3489 Jacobus
1055 3410 1205 3479 Murselli
1229 3419 1264 3476 et
1288 3410 1478 3496 Margareta
1502 3413 1572 3498 ejus
1595 3434 1687 3494 uxor,
1704 3412 1840 3478 Guillel-

486 3538 553 3583 mus
568 3518 611 3583 de
629 3516 663 3582 N
666 3518 775 3597 ivella,
791 3517 897 3595 miles,
914 3524 948 3580 et
966 3514 1156 3599 Margareta
1173 3516 1243 3599 ejus
1259 3535 1351 3594 uxor,
1368 3515 1517 3599 ejusdem
1534 3515 1723 3583 Tomacen.
1742 3516 1839 3595 dioc,

488 3619 643 3687 Nicolaus
658 3620 700 3686 de
717 3619 849 3685 Baliolo
866 3630 900 3684 et
928 3618 1086 3703 Boydina
1111 3620 1181 3704 ejus
1204 3639 1296 3698 uxor,
1322 3616 1491 3683 Morinen.
1517 3620 1614 3700 dioc„
1631 3628 1744 3704 quat...
1761 3639 1840 3685 con-

488 3723 615 3790 fessor...
632 3724 666 3788 in
683 3724 800 3789 mortis
816 3724 957 3788 articulo
981 3723 1154 3787 absolvere
1181 3722 1303 3801 valeat,
1330 3720 1512 3805 dignemini
1536 3722 1714 3807 indulgere,
1742 3732 1778 3786 ut
1806 3723 1839 3786 in

487 3826 597 3894 forma.
620 3865 653 3875 —
675 3826 753 3892 Fiat
770 3826 809 3891 R.

523 3931 600 3997 Dat.
617 3931 718 3995 Avin.
737 3935 754 3994 6
771 3929 836 3994 kal.
849 3929 932 4015 junii
950 3937 982 3993 a⁰
999 3931 1041 3993 8⁰.
1059 3931 1128 4014 (19,
1151 3929 1216 4011 15).

532 4069 670 4154 1735·
1541 4097 1635 4162 1549,
1655 4095 1696 4159 27
1718 4078 1795 4141 mai.

523 4186 625 4272 Supp.
657 4183 840 4269 Philippus,
873 4181 1015 4247 Francie
1039 4202 1107 4261 rex,
1139 4188 1229 4264 quat.
1264 4179 1412 4266 [Tlrome
1439 4177 1546 4264 dicto]
1580 4177 1781 4259 Gouchardi,
1798 4178 1839 4244 de

490 4288 625 4375 Stapulis
641 4307 739 4373 supra
755 4306 846 4350 mare
863 4295 882 4365 ²,
908 4284 1075 4350 Morinen.
1099 4284 1197 4362 dioc„
1221 4285 1298 4347 ben.
1322 4284 1404 4348 0001.
1428 4303 1456 4348 0.
1481 4303 1510 4348 c.
1533 4283 1588 4347 vel
1610 4303 1635 4348 s,
1652 4303 1680 4348 c.
1698 4282 1741 4348 ad
1764 4283 1839 4348 coll.

491 4391 723 4477 archiepiscopi
741 4400 775 4454 et
791 4389 927 4474 capituli
951 4388 1197 4471 Rothomagen.
1222 4387 1301 4469 (100
1317 4386 1373 4451 lib.
1390 4406 1418 4451 0.
1435 4406 1475 4464 0.,
1492 4389 1533 4451 80
1550 4407 1574 4451 S.
1592 4390 1645 4469 0.),
1657 4385 1840 4471 dignemini

493 4514 650 4561 reservare
665 4517 673 4573 ;
691 4514 759 4558 non
776 4496 862 4558 obst.
879 4493 969 4575 quod
985 4512 1060 4557 can.
1077 4498 1111 4555 et
1128 4494 1220 4576 preb.
1231 4490 1313 4554 eccl.
1330 4489 1361 4555 S.
1386 4490 1476 4555 Petri
1500 4488 1690 4570 Insulensis,
1713 4488 1840 4554 Toma-

495 4616 554 4664 cen.
570 4598 669 4677 dioc,
685 4596 834 4661 noscitur
849 4596 1001 4661 obtinere
1025 4604 1060 4660 et
1074 4598 1150 4659 ben.
1167 4594 1249 4659 eccl.
1267 4614 1295 4658 c.
1312 4613 1341 4659 c.
1357 4594 1410 4658 vel
1426 4614 1451 4659 s.
1468 4614 1496 4658 c.
1513 4593 1555 4659 ad
1571 4596 1646 4660 coll.
1662 4594 1791 4659 abbatis
1806 4602 1841 4657 et

497 4701 675 4767 nonasterii
693 4700 724 4764 S.
742 4699 831 4765 Petri
848 4698 1037 4764 Gandensis
1054 4707 1232 4784 expectare
1248 4706 1437 4763 noscatur...
1454 4699 1507 4762 vel
1533 4697 1675 4763 similem
1700 4698 1840 4782 gratiam

500 4802 534 4866 ad
548 4807 622 4871 coll.
642 4804 774 4869 abbatis
790 4811 824 4867 et
840 4804 1031 4868 monasterii
1049 4803 1080 4868 S.
1096 4802 1270 4868 Trinitatis
1285 4801 1327 4867 de
1344 4800 1522 4881 Fiscanno,
1540 4801 1581 4868 Ο.
1598 4803 1629 4867 S.
1646 4801 1695 4881 Β,
1714 4800 1841 4867 Rotho-

503 4922 615 4992 magen.
628 4907 716 4974 dioc.
732 4948 775 4956 -
791 4905 867 4971 Fiat
883 4928 986 4991 usque
1003 4909 1044 4972 80
1061 4928 1089 4972 c.
1106 4928 1134 4972 c.
1151 4907 1206 4971 vel
1226 4926 1265 4990 50
1281 4926 1306 4970 s.
1323 4926 1351 4971 c.
1370 4904 1431 4970 R...

540 5010 719 5078 DatAvin.
738 5016 755 5075 6
772 5010 837 5076 kal.
850 5011 933 5096 junii
957 5019 991 5076 a⁰
1007 5013 1049 5077 8⁰.
1067 5012 1136 5094 (19,
1158 5012 1223 5093 17).

539 5214 621 5266 1.Voir
632 5234 657 5267 n.
672 5219 743 5265 1491.
755 5242 786 5252 -
799 5219 821 5265 2.
834 5218 895 5265 Voir
908 5232 931 5264 n.
947 5218 1015 5263 1131.
