<?xml version="1.0" encoding="UTF-8"?>
<!DOCTYPE html PUBLIC "-//W3C//DTD XHTML 1.0 Transitional//EN"
    "http://www.w3.org/TR/xhtml1/DTD/xhtml1-transitional.dtd">
<html xmlns="http://www.w3.org/1999/xhtml" xml:lang="en" lang="en">
 <head>
  <title>
</title>
<meta http-equiv="Content-Type" content="text/html;charset=utf-8" />
  <meta name='ocr-system' content='tesseract 3.04.00' />
  <meta name='ocr-capabilities' content='ocr_page ocr_carea ocr_par ocr_line ocrx_word'/>
</head>
<body>
  <div class='ocr_page' id='page_1' title='image "./suppliquesdeclm00goog_0278.png"; bbox 0 0 4650 6059; ppageno 0'>
   <div class='ocr_carea' id='block_1_1' title="bbox 910 756 1744 829">
    <p class='ocr_par' dir='ltr' id='par_1_1' title="bbox 910 756 1744 829">
     <span class='ocr_line' id='line_1_1' title="bbox 910 756 1744 829; baseline 0.012 -10"><span class='ocrx_word' id='word_1_1' title='bbox 910 756 995 828; x_wconf 78' lang='lat'>1345,</span> <span class='ocrx_word' id='word_1_2' title='bbox 1019 756 1111 819; x_wconf 80' lang='lat'><strong>26-28</strong></span> <span class='ocrx_word' id='word_1_3' title='bbox 1133 760 1213 821; x_wconf 83' lang='lat' dir='ltr'><strong>aoht.</strong></span> <span class='ocrx_word' id='word_1_4' title='bbox 1683 766 1744 829; x_wconf 85' lang='grc'><strong>223</strong></span> 
     </span>
    </p>
   </div>
   <div class='ocr_carea' id='block_1_2' title="bbox 398 901 1744 1504">
    <p class='ocr_par' dir='ltr' id='par_1_2' title="bbox 437 901 1699 1006">
     <span class='ocr_line' id='line_1_2' title="bbox 437 901 1699 1006; baseline 0.008 -24"><span class='ocrx_word' id='word_1_5' title='bbox 437 901 544 984; x_wconf 71' lang='grc'><strong>897.</strong></span> <span class='ocrx_word' id='word_1_6' title='bbox 1443 942 1536 1006; x_wconf 65' lang='lat'><em>1345,</em></span> <span class='ocrx_word' id='word_1_7' title='bbox 1556 925 1595 987; x_wconf 78' lang='grc'><strong>26</strong></span> <span class='ocrx_word' id='word_1_8' title='bbox 1612 930 1699 992; x_wconf 69' lang='lat' dir='ltr'><strong>ariell.</strong></span> 
     </span>
    </p>

    <p class='ocr_par' dir='ltr' id='par_1_3' title="bbox 398 1018 1744 1504">
     <span class='ocr_line' id='line_1_3' title="bbox 429 1018 1744 1114; baseline 0.011 -31"><span class='ocrx_word' id='word_1_9' title='bbox 429 1020 524 1105; x_wconf 84' lang='lat' dir='ltr'><strong>Supp.</strong></span> <span class='ocrx_word' id='word_1_10' title='bbox 541 1018 560 1097; x_wconf 93' lang='lat' dir='ltr'>J</span> <span class='ocrx_word' id='word_1_11' title='bbox 564 1024 690 1086; x_wconf 84' lang='lat' dir='ltr'><strong>acobus</strong></span> <span class='ocrx_word' id='word_1_12' title='bbox 699 1021 864 1089; x_wconf 83' lang='lat' dir='ltr'><strong>Aurifabri</strong></span> <span class='ocrx_word' id='word_1_13' title='bbox 875 1034 894 1104; x_wconf 89' lang='lat'><strong>¹,</strong></span> <span class='ocrx_word' id='word_1_14' title='bbox 910 1042 1016 1107; x_wconf 90' lang='lat' dir='ltr'><strong>nepos</strong></span> <span class='ocrx_word' id='word_1_15' title='bbox 1031 1022 1067 1087; x_wconf 86' lang='lat' dir='ltr'><strong>fr.</strong></span> <span class='ocrx_word' id='word_1_16' title='bbox 1081 1022 1212 1102; x_wconf 69' lang='lat' dir='ltr'><strong>Jacobq·</strong></span> <span class='ocrx_word' id='word_1_17' title='bbox 1226 1023 1349 1089; x_wconf 85' lang='lat' dir='ltr'>ordinis</span> <span class='ocrx_word' id='word_1_18' title='bbox 1362 1023 1628 1108; x_wconf 67' lang='lat' dir='ltr'><strong>Carmelitarum,</strong></span> <span class='ocrx_word' id='word_1_19' title='bbox 1639 1052 1744 1114; x_wconf 91' lang='lat' dir='ltr'><strong>quon-</strong></span> 
     </span>
     <span class='ocr_line' id='line_1_4' title="bbox 398 1124 1744 1212; baseline 0.006 -24"><span class='ocrx_word' id='word_1_20' title='bbox 398 1124 460 1188; x_wconf 89' lang='lat' dir='ltr'><strong>dam</strong></span> <span class='ocrx_word' id='word_1_21' title='bbox 488 1125 654 1211; x_wconf 87' lang='lat' dir='ltr'><strong>capellani</strong></span> <span class='ocrx_word' id='word_1_22' title='bbox 684 1127 796 1208; x_wconf 83' lang='lat' dir='ltr'><strong>vestri,</strong></span> <span class='ocrx_word' id='word_1_23' title='bbox 827 1126 1044 1195; x_wconf 88' lang='lat' dir='ltr'><strong>Cameracen.</strong></span> <span class='ocrx_word' id='word_1_24' title='bbox 1074 1125 1172 1206; x_wconf 79' lang='lat' dir='ltr'><strong>dioc,</strong></span> <span class='ocrx_word' id='word_1_25' title='bbox 1204 1126 1341 1211; x_wconf 90' lang='lat' dir='ltr'><strong>cupiens</strong></span> <span class='ocrx_word' id='word_1_26' title='bbox 1371 1130 1431 1192; x_wconf 91' lang='lat' dir='ltr'><strong>sub</strong></span> <span class='ocrx_word' id='word_1_27' title='bbox 1461 1130 1600 1212; x_wconf 89' lang='lat' dir='ltr'><strong>regulari</strong></span> <span class='ocrx_word' id='word_1_28' title='bbox 1628 1132 1744 1198; x_wconf 88' lang='lat' dir='ltr'><strong>habitu</strong></span> 
     </span>
     <span class='ocr_line' id='line_1_5' title="bbox 400 1228 1744 1320; baseline 0.008 -27"><span class='ocrx_word' id='word_1_29' title='bbox 400 1228 529 1294; x_wconf 87' lang='lat' dir='ltr'><strong>Domino</strong></span> <span class='ocrx_word' id='word_1_30' title='bbox 541 1229 704 1311; x_wconf 83' lang='lat' dir='ltr'><strong>famulari,</strong></span> <span class='ocrx_word' id='word_1_31' title='bbox 721 1239 812 1314; x_wconf 83' lang='lat' dir='ltr'><strong>quat.</strong></span> <span class='ocrx_word' id='word_1_32' title='bbox 822 1230 901 1297; x_wconf 87' lang='lat' dir='ltr'><strong>dare</strong></span> <span class='ocrx_word' id='word_1_33' title='bbox 910 1230 1092 1316; x_wconf 90' lang='lat' dir='ltr'><strong>dignemini</strong></span> <span class='ocrx_word' id='word_1_34' title='bbox 1108 1230 1140 1294; x_wconf 92' lang='lat' dir='ltr'><strong>in</strong></span> <span class='ocrx_word' id='word_1_35' title='bbox 1157 1229 1327 1296; x_wconf 88' lang='lat' dir='ltr'><strong>mandatis</strong></span> <span class='ocrx_word' id='word_1_36' title='bbox 1339 1240 1376 1295; x_wconf 95' lang='lat' dir='ltr'><strong>ut</strong></span> <span class='ocrx_word' id='word_1_37' title='bbox 1388 1232 1496 1317; x_wconf 93' lang='lat' dir='ltr'><strong>ipsum</strong></span> <span class='ocrx_word' id='word_1_38' title='bbox 1506 1234 1607 1320; x_wconf 89' lang='lat' dir='ltr'>recipi</span> <span class='ocrx_word' id='word_1_39' title='bbox 1621 1235 1744 1305; x_wconf 84' lang='lat' dir='ltr'><strong>faciant</strong></span> 
     </span>
     <span class='ocr_line' id='line_1_6' title="bbox 399 1332 1738 1425; baseline 0.007 -29"><span class='ocrx_word' id='word_1_40' title='bbox 399 1333 424 1396; x_wconf 94' lang='lat' dir='ltr'><strong>in</strong></span> <span class='ocrx_word' id='word_1_41' title='bbox 437 1354 504 1398; x_wconf 87' lang='lat' dir='ltr'><strong>can.</strong></span> <span class='ocrx_word' id='word_1_42' title='bbox 519 1340 555 1398; x_wconf 89' lang='lat' dir='ltr'><strong>et</strong></span> <span class='ocrx_word' id='word_1_43' title='bbox 571 1333 606 1397; x_wconf 93' lang='lat' dir='ltr'><strong>in</strong></span> <span class='ocrx_word' id='word_1_44' title='bbox 623 1333 758 1401; x_wconf 84' lang='lat' dir='ltr'><strong>fratrem</strong></span> <span class='ocrx_word' id='word_1_45' title='bbox 785 1336 820 1400; x_wconf 92' lang='lat' dir='ltr'><strong>in</strong></span> <span class='ocrx_word' id='word_1_46' title='bbox 842 1342 986 1401; x_wconf 88' lang='lat' dir='ltr'><strong>monast.</strong></span> <span class='ocrx_word' id='word_1_47' title='bbox 1010 1334 1041 1399; x_wconf 86' lang='lat' dir='ltr'><strong>S.</strong></span> <span class='ocrx_word' id='word_1_48' title='bbox 1058 1332 1219 1399; x_wconf 90' lang='lat' dir='ltr'><strong>Odeberti</strong></span> <span class='ocrx_word' id='word_1_49' title='bbox 1243 1333 1469 1417; x_wconf 83' lang='lat' dir='ltr'><strong>Cameracen,</strong></span> <span class='ocrx_word' id='word_1_50' title='bbox 1487 1337 1528 1403; x_wconf 91' lang='lat' dir='ltr'><strong>O.</strong></span> <span class='ocrx_word' id='word_1_51' title='bbox 1545 1338 1575 1403; x_wconf 81' lang='lat' dir='ltr'><strong>S.</strong></span> <span class='ocrx_word' id='word_1_52' title='bbox 1600 1342 1685 1425; x_wconf 82' lang='lat' dir='ltr'><strong>Aug.</strong></span> <span class='ocrx_word' id='word_1_53' title='bbox 1707 1380 1738 1390; x_wconf 97' lang='lat'><em>-</em></span> 
     </span>
     <span class='ocr_line' id='line_1_7' title="bbox 403 1435 1677 1504; baseline 0.009 -5"><span class='ocrx_word' id='word_1_54' title='bbox 403 1435 463 1501; x_wconf 84' lang='lat' dir='ltr'><strong>Fiat</strong></span> <span class='ocrx_word' id='word_1_55' title='bbox 477 1437 510 1502; x_wconf 94' lang='lat' dir='ltr'><strong>in</strong></span> <span class='ocrx_word' id='word_1_56' title='bbox 527 1437 634 1503; x_wconf 86' lang='lat' dir='ltr'><strong>forma</strong></span> <span class='ocrx_word' id='word_1_57' title='bbox 645 1438 685 1504; x_wconf 88' lang='lat' dir='ltr'><strong>R.</strong></span> <span class='ocrx_word' id='word_1_58' title='bbox 1675 1460 1677 1465; x_wconf 88' lang='grc'><em>·</em></span> 
     </span>
    </p>
   </div>
   <div class='ocr_carea' id='block_1_3' title="bbox 434 1542 1126 1631">
    <p class='ocr_par' dir='ltr' id='par_1_4' title="bbox 434 1542 1126 1631">
     <span class='ocr_line' id='line_1_8' title="bbox 434 1542 1126 1631; baseline 0 -24"><span class='ocrx_word' id='word_1_59' title='bbox 434 1542 505 1608; x_wconf 87' lang='lat' dir='ltr'><strong>Dat.</strong></span> <span class='ocrx_word' id='word_1_60' title='bbox 521 1543 622 1609; x_wconf 79' lang='lat' dir='ltr'><strong>Avin.</strong></span> <span class='ocrx_word' id='word_1_61' title='bbox 641 1562 659 1627; x_wconf 92' lang='lat'>7</span> <span class='ocrx_word' id='word_1_62' title='bbox 676 1544 742 1610; x_wconf 87' lang='lat' dir='ltr'><strong>kal.</strong></span> <span class='ocrx_word' id='word_1_63' title='bbox 758 1554 843 1631; x_wconf 84' lang='lat' dir='ltr'><strong>sept.</strong></span> <span class='ocrx_word' id='word_1_64' title='bbox 859 1553 892 1611; x_wconf 89' lang='lat' dir='ltr'><strong>a⁰</strong></span> <span class='ocrx_word' id='word_1_65' title='bbox 908 1553 952 1629; x_wconf 86' lang='lat'><strong>4⁰.</strong></span> <span class='ocrx_word' id='word_1_66' title='bbox 969 1547 1022 1630; x_wconf 86' lang='grc'><strong>(9,</strong></span> <span class='ocrx_word' id='word_1_67' title='bbox 1040 1563 1075 1628; x_wconf 86' lang='lat'><strong>15</strong></span> <span class='ocrx_word' id='word_1_68' title='bbox 1101 1543 1126 1626; x_wconf 90' lang='lat'><strong>).</strong></span> 
     </span>
    </p>
   </div>
   <div class='ocr_carea' id='block_1_4' title="bbox 363 1694 1746 2635">
    <p class='ocr_par' dir='ltr' id='par_1_5' title="bbox 363 1694 1744 1903">
     <span class='ocr_line' id='line_1_9' title="bbox 441 1694 1699 1798; baseline 0.003 -21"><span class='ocrx_word' id='word_1_69' title='bbox 441 1694 545 1778; x_wconf 85' lang='grc'>898.</span> <span class='ocrx_word' id='word_1_70' title='bbox 1443 1734 1503 1798; x_wconf 63' lang='lat'><strong>134</strong></span> <span class='ocrx_word' id='word_1_71' title='bbox 1506 1734 1537 1795; x_wconf 86' lang='lat'><strong>5,</strong></span> <span class='ocrx_word' id='word_1_72' title='bbox 1555 1717 1597 1780; x_wconf 84' lang='grc'><strong>28</strong></span> <span class='ocrx_word' id='word_1_73' title='bbox 1612 1721 1699 1782; x_wconf 64' lang='lat' dir='ltr'><strong>aoht.</strong></span> 
     </span>
     <span class='ocr_line' id='line_1_10' title="bbox 363 1813 1744 1903; baseline 0.006 -24"><span class='ocrx_word' id='word_1_74' title='bbox 363 1830 364 1840; x_wconf 57' lang='lat'>¹</span> <span class='ocrx_word' id='word_1_75' title='bbox 434 1815 526 1903; x_wconf 85' lang='lat' dir='ltr'><strong>Supp.</strong></span> <span class='ocrx_word' id='word_1_76' title='bbox 550 1816 588 1882; x_wconf 83' lang='lat' dir='ltr'><strong>fr.</strong></span> <span class='ocrx_word' id='word_1_77' title='bbox 612 1813 812 1882; x_wconf 84' lang='lat' dir='ltr'><strong>Lambert&#39;us</strong></span> <span class='ocrx_word' id='word_1_78' title='bbox 827 1826 846 1898; x_wconf 84' lang='lat'><strong>²,</strong></span> <span class='ocrx_word' id='word_1_79' title='bbox 870 1819 945 1883; x_wconf 88' lang='lat' dir='ltr'>abb.</span> <span class='ocrx_word' id='word_1_80' title='bbox 961 1816 1154 1882; x_wconf 90' lang='lat' dir='ltr'><strong>monasterii</strong></span> <span class='ocrx_word' id='word_1_81' title='bbox 1170 1815 1212 1881; x_wconf 91' lang='lat' dir='ltr'><strong>de</strong></span> <span class='ocrx_word' id='word_1_82' title='bbox 1228 1816 1335 1882; x_wconf 90' lang='lat' dir='ltr'><strong>Dunis</strong></span> <span class='ocrx_word' id='word_1_83' title='bbox 1350 1824 1372 1899; x_wconf 79' lang='lat'><strong>¹¹,</strong></span> <span class='ocrx_word' id='word_1_84' title='bbox 1389 1816 1525 1884; x_wconf 93' lang='lat' dir='ltr'><strong>Cisterc.</strong></span> <span class='ocrx_word' id='word_1_85' title='bbox 1543 1819 1623 1901; x_wconf 92' lang='lat' dir='ltr'><strong>ord.,</strong></span> <span class='ocrx_word' id='word_1_86' title='bbox 1641 1820 1744 1886; x_wconf 91' lang='lat' dir='ltr'><strong>Mori-</strong></span> 
     </span>
    </p>

    <p class='ocr_par' dir='ltr' id='par_1_6' title="bbox 404 1919 1746 2526">
     <span class='ocr_line' id='line_1_11' title="bbox 404 1919 1744 2006; baseline 0.008 -26"><span class='ocrx_word' id='word_1_87' title='bbox 404 1938 461 1983; x_wconf 89' lang='lat' dir='ltr'><strong>nen.</strong></span> <span class='ocrx_word' id='word_1_88' title='bbox 482 1919 579 2001; x_wconf 79' lang='lat' dir='ltr'><strong>dioc,</strong></span> <span class='ocrx_word' id='word_1_89' title='bbox 604 1928 695 2004; x_wconf 89' lang='lat' dir='ltr'><strong>quat.</strong></span> <span class='ocrx_word' id='word_1_90' title='bbox 712 1919 832 2001; x_wconf 87' lang='lat' dir='ltr'><strong>eidem,</strong></span> <span class='ocrx_word' id='word_1_91' title='bbox 848 1920 904 2005; x_wconf 92' lang='lat' dir='ltr'><strong>qui</strong></span> <span class='ocrx_word' id='word_1_92' title='bbox 928 1920 1084 2005; x_wconf 86' lang='lat' dir='ltr'><strong>gravibus</strong></span> <span class='ocrx_word' id='word_1_93' title='bbox 1105 1941 1223 1985; x_wconf 89' lang='lat' dir='ltr'><strong>renum</strong></span> <span class='ocrx_word' id='word_1_94' title='bbox 1241 1920 1489 1988; x_wconf 87' lang='lat' dir='ltr'><strong>infirmitatibus</strong></span> <span class='ocrx_word' id='word_1_95' title='bbox 1512 1931 1562 1989; x_wconf 91' lang='lat' dir='ltr'><strong>est</strong></span> <span class='ocrx_word' id='word_1_96' title='bbox 1577 1923 1744 2006; x_wconf 89' lang='lat' dir='ltr'><strong>detentus,</strong></span> 
     </span>
     <span class='ocr_line' id='line_1_12' title="bbox 406 2017 1744 2112; baseline 0.009 -28"><span class='ocrx_word' id='word_1_97' title='bbox 406 2017 469 2088; x_wconf 79' lang='lat' dir='ltr'><strong>ideo</strong></span> <span class='ocrx_word' id='word_1_98' title='bbox 479 2024 569 2108; x_wconf 87' lang='lat' dir='ltr'><strong>quod</strong></span> <span class='ocrx_word' id='word_1_99' title='bbox 581 2024 643 2110; x_wconf 90' lang='lat' dir='ltr'><strong>ipsi</strong></span> <span class='ocrx_word' id='word_1_100' title='bbox 656 2024 858 2110; x_wconf 85' lang='lat' dir='ltr'>supplicanti</span> <span class='ocrx_word' id='word_1_101' title='bbox 871 2026 946 2090; x_wconf 87' lang='lat' dir='ltr'><strong>loca</strong></span> <span class='ocrx_word' id='word_1_102' title='bbox 957 2024 1088 2090; x_wconf 90' lang='lat' dir='ltr'><strong>diversa</strong></span> <span class='ocrx_word' id='word_1_103' title='bbox 1100 2045 1161 2110; x_wconf 90' lang='lat' dir='ltr'><strong>pro</strong></span> <span class='ocrx_word' id='word_1_104' title='bbox 1174 2025 1286 2093; x_wconf 88' lang='lat' dir='ltr'><strong>suiset</strong></span> <span class='ocrx_word' id='word_1_105' title='bbox 1298 2026 1421 2093; x_wconf 85' lang='lat' dir='ltr'><strong>ordinis</strong></span> <span class='ocrx_word' id='word_1_106' title='bbox 1432 2028 1575 2112; x_wconf 84' lang='lat' dir='ltr'><strong>negotiis</strong></span> <span class='ocrx_word' id='word_1_107' title='bbox 1586 2030 1744 2112; x_wconf 83' lang='lat' dir='ltr'><strong>visitanti,</strong></span> 
     </span>
     <span class='ocr_line' id='line_1_13' title="bbox 406 2126 1744 2215; baseline 0.01 -27"><span class='ocrx_word' id='word_1_108' title='bbox 406 2126 549 2194; x_wconf 79' lang='lat' dir='ltr'><strong>lacticinia</strong></span> <span class='ocrx_word' id='word_1_109' title='bbox 566 2137 601 2194; x_wconf 91' lang='lat' dir='ltr'><strong>et</strong></span> <span class='ocrx_word' id='word_1_110' title='bbox 618 2127 742 2194; x_wconf 81' lang='lat' dir='ltr'><strong>ordinis</strong></span> <span class='ocrx_word' id='word_1_111' title='bbox 757 2130 822 2195; x_wconf 87' lang='lat' dir='ltr'><strong>alia</strong></span> <span class='ocrx_word' id='word_1_112' title='bbox 838 2129 968 2210; x_wconf 87' lang='lat' dir='ltr'><strong>cibaria,</strong></span> <span class='ocrx_word' id='word_1_113' title='bbox 982 2129 1078 2214; x_wconf 84' lang='lat' dir='ltr'><strong>juxta</strong></span> <span class='ocrx_word' id='word_1_114' title='bbox 1098 2130 1304 2196; x_wconf 90' lang='lat' dir='ltr'><strong>medicorum</strong></span> <span class='ocrx_word' id='word_1_115' title='bbox 1317 2131 1489 2215; x_wconf 87' lang='lat' dir='ltr'><strong>judicium,</strong></span> <span class='ocrx_word' id='word_1_116' title='bbox 1503 2141 1580 2197; x_wconf 90' lang='lat' dir='ltr'><strong>sunt</strong></span> <span class='ocrx_word' id='word_1_117' title='bbox 1603 2135 1722 2200; x_wconf 88' lang='lat' dir='ltr'><strong>nociva</strong></span> <span class='ocrx_word' id='word_1_118' title='bbox 1736 2158 1744 2214; x_wconf 81' lang='lat'>3</span> 
     </span>
     <span class='ocr_line' id='line_1_14' title="bbox 408 2232 1746 2322; baseline 0.008 -29"><span class='ocrx_word' id='word_1_119' title='bbox 408 2241 433 2294; x_wconf 88' lang='lat' dir='ltr'><strong>ut</strong></span> <span class='ocrx_word' id='word_1_120' title='bbox 444 2232 515 2318; x_wconf 86' lang='lat' dir='ltr'><strong>ipse,</strong></span> <span class='ocrx_word' id='word_1_121' title='bbox 532 2234 724 2319; x_wconf 91' lang='lat' dir='ltr'><strong>ubicunque</strong></span> <span class='ocrx_word' id='word_1_122' title='bbox 739 2234 799 2299; x_wconf 84' lang='lat' dir='ltr'><strong>sibi</strong></span> <span class='ocrx_word' id='word_1_123' title='bbox 828 2235 1034 2322; x_wconf 82' lang='lat' dir='ltr'><strong>prospexerit</strong></span> <span class='ocrx_word' id='word_1_124' title='bbox 1061 2234 1229 2320; x_wconf 89' lang='lat' dir='ltr'><strong>expedire,</strong></span> <span class='ocrx_word' id='word_1_125' title='bbox 1247 2235 1400 2302; x_wconf 84' lang='lat' dir='ltr'><strong>carnibus</strong></span> <span class='ocrx_word' id='word_1_126' title='bbox 1424 2237 1528 2322; x_wconf 88' lang='lat' dir='ltr'><strong>possit</strong></span> <span class='ocrx_word' id='word_1_127' title='bbox 1555 2238 1613 2317; x_wconf 90' lang='lat' dir='ltr'><strong>uti,</strong></span> <span class='ocrx_word' id='word_1_128' title='bbox 1630 2238 1746 2304; x_wconf 90' lang='lat' dir='ltr'><strong>diebus</strong></span> 
     </span>
     <span class='ocr_line' id='line_1_15' title="bbox 408 2336 1746 2425; baseline 0.01 -28"><span class='ocrx_word' id='word_1_129' title='bbox 408 2343 498 2401; x_wconf 87' lang='lat' dir='ltr'><strong>tamen</strong></span> <span class='ocrx_word' id='word_1_130' title='bbox 508 2338 590 2403; x_wconf 89' lang='lat' dir='ltr'><strong>alias</strong></span> <span class='ocrx_word' id='word_1_131' title='bbox 605 2336 618 2372; x_wconf 71' lang='lat'><strong>¹³</strong></span> <span class='ocrx_word' id='word_1_132' title='bbox 633 2336 676 2403; x_wconf 91' lang='lat' dir='ltr'><strong>ad</strong></span> <span class='ocrx_word' id='word_1_133' title='bbox 692 2338 758 2404; x_wconf 90' lang='lat' dir='ltr'><strong>hoc</strong></span> <span class='ocrx_word' id='word_1_134' title='bbox 773 2339 882 2419; x_wconf 84' lang='lat' dir='ltr'><strong>licitis,</strong></span> <span class='ocrx_word' id='word_1_135' title='bbox 898 2338 1081 2423; x_wconf 89' lang='lat' dir='ltr'><strong>dignemini</strong></span> <span class='ocrx_word' id='word_1_136' title='bbox 1108 2339 1288 2425; x_wconf 87' lang='lat' dir='ltr'><strong>indulgere,</strong></span> <span class='ocrx_word' id='word_1_137' title='bbox 1305 2341 1440 2406; x_wconf 88' lang='lat' dir='ltr'><strong>statutis</strong></span> <span class='ocrx_word' id='word_1_138' title='bbox 1465 2341 1546 2407; x_wconf 89' lang='lat' dir='ltr'><strong>dicti</strong></span> <span class='ocrx_word' id='word_1_139' title='bbox 1572 2343 1696 2410; x_wconf 89' lang='lat' dir='ltr'><strong>ordinis</strong></span> <span class='ocrx_word' id='word_1_140' title='bbox 1711 2352 1746 2410; x_wconf 91' lang='lat' dir='ltr'><strong>et</strong></span> 
     </span>
     <span class='ocr_line' id='line_1_16' title="bbox 408 2440 1246 2526; baseline 0.007 -22"><span class='ocrx_word' id='word_1_141' title='bbox 408 2440 635 2526; x_wconf 86' lang='lat' dir='ltr'><strong>quibuscunque</strong></span> <span class='ocrx_word' id='word_1_142' title='bbox 650 2442 722 2508; x_wconf 90' lang='lat' dir='ltr'><strong>aliis</strong></span> <span class='ocrx_word' id='word_1_143' title='bbox 737 2463 806 2509; x_wconf 92' lang='lat' dir='ltr'><strong>non</strong></span> <span class='ocrx_word' id='word_1_144' title='bbox 822 2442 1042 2509; x_wconf 85' lang='lat' dir='ltr'><strong>obstantibus.</strong></span> <span class='ocrx_word' id='word_1_145' title='bbox 1058 2480 1090 2491; x_wconf 94' lang='lat'>-</span> <span class='ocrx_word' id='word_1_146' title='bbox 1112 2443 1189 2509; x_wconf 82' lang='lat' dir='ltr'><strong>Fiat</strong></span> <span class='ocrx_word' id='word_1_147' title='bbox 1207 2444 1246 2511; x_wconf 92' lang='lat' dir='ltr'><strong>R.</strong></span> 
     </span>
    </p>

    <p class='ocr_par' dir='ltr' id='par_1_7' title="bbox 437 2543 1137 2635">
     <span class='ocr_line' id='line_1_17' title="bbox 437 2543 1137 2635; baseline 0.009 -27"><span class='ocrx_word' id='word_1_148' title='bbox 437 2543 506 2612; x_wconf 88' lang='lat' dir='ltr'><strong>Dat.</strong></span> <span class='ocrx_word' id='word_1_149' title='bbox 522 2546 624 2612; x_wconf 77' lang='lat' dir='ltr'><strong>Avin.</strong></span> <span class='ocrx_word' id='word_1_150' title='bbox 643 2566 660 2631; x_wconf 88' lang='lat'><strong>5</strong></span> <span class='ocrx_word' id='word_1_151' title='bbox 677 2545 743 2613; x_wconf 89' lang='lat' dir='ltr'><strong>kal.</strong></span> <span class='ocrx_word' id='word_1_152' title='bbox 759 2554 844 2635; x_wconf 85' lang='lat' dir='ltr'><strong>sept.</strong></span> <span class='ocrx_word' id='word_1_153' title='bbox 860 2554 893 2613; x_wconf 88' lang='lat' dir='ltr'><strong>a⁰</strong></span> <span class='ocrx_word' id='word_1_154' title='bbox 908 2554 952 2633; x_wconf 88' lang='lat'><strong>4⁰.</strong></span> <span class='ocrx_word' id='word_1_155' title='bbox 969 2548 1017 2628; x_wconf 83' lang='lat'><strong>(9,</strong></span> <span class='ocrx_word' id='word_1_156' title='bbox 1039 2552 1137 2633; x_wconf 61' lang='lat' dir='ltr'><strong>idol).</strong></span> 
     </span>
    </p>
   </div>
   <div class='ocr_carea' id='block_1_5' title="bbox 371 2689 1744 3322">
    <p class='ocr_par' dir='ltr' id='par_1_8' title="bbox 371 2689 1744 3322">
     <span class='ocr_line' id='line_1_18' title="bbox 371 2689 1700 2795; baseline -0.003 -14"><span class='ocrx_word' id='word_1_157' title='bbox 371 2689 375 2754; x_wconf 61' lang='lat' dir='ltr'><strong>l</strong></span> <span class='ocrx_word' id='word_1_158' title='bbox 440 2697 548 2783; x_wconf 84' lang='lat'>899·</span> <span class='ocrx_word' id='word_1_159' title='bbox 1448 2730 1542 2795; x_wconf 68' lang='lat'><em>1345,</em></span> <span class='ocrx_word' id='word_1_160' title='bbox 1557 2713 1599 2775; x_wconf 79' lang='lat'><strong>28</strong></span> <span class='ocrx_word' id='word_1_161' title='bbox 1613 2718 1700 2777; x_wconf 75' lang='lat' dir='ltr'><strong>nortl.</strong></span> 
     </span>
     <span class='ocr_line' id='line_1_19' title="bbox 433 2813 1743 2904; baseline -0.001 -23"><span class='ocrx_word' id='word_1_162' title='bbox 433 2818 527 2904; x_wconf 88' lang='lat' dir='ltr'><strong>Supp.</strong></span> <span class='ocrx_word' id='word_1_163' title='bbox 545 2816 734 2884; x_wconf 88' lang='lat' dir='ltr'><strong>Bernardus</strong></span> <span class='ocrx_word' id='word_1_164' title='bbox 749 2817 792 2883; x_wconf 90' lang='lat' dir='ltr'><strong>de</strong></span> <span class='ocrx_word' id='word_1_165' title='bbox 805 2817 1011 2899; x_wconf 84' lang='lat' dir='ltr'><strong>Ventodoro‚</strong></span> <span class='ocrx_word' id='word_1_166' title='bbox 1022 2816 1241 2901; x_wconf 86' lang='lat' dir='ltr'><strong>Burdegalen.</strong></span> <span class='ocrx_word' id='word_1_167' title='bbox 1252 2822 1287 2879; x_wconf 87' lang='lat' dir='ltr'><strong>et</strong></span> <span class='ocrx_word' id='word_1_168' title='bbox 1297 2813 1512 2880; x_wconf 85' lang='lat' dir='ltr'><strong>Cameracen.</strong></span> <span class='ocrx_word' id='word_1_169' title='bbox 1528 2817 1743 2880; x_wconf 82' lang='lat' dir='ltr'><strong>ecclesiarum</strong></span> 
     </span>
     <span class='ocr_line' id='line_1_20' title="bbox 402 2917 1744 3008; baseline 0.001 -25"><span class='ocrx_word' id='word_1_170' title='bbox 402 2939 467 3001; x_wconf 84' lang='lat' dir='ltr'><strong>can,</strong></span> <span class='ocrx_word' id='word_1_171' title='bbox 483 2931 576 3007; x_wconf 89' lang='lat' dir='ltr'><strong>quat.</strong></span> <span class='ocrx_word' id='word_1_172' title='bbox 593 2922 655 2988; x_wconf 90' lang='lat' dir='ltr'><strong>sibi</strong></span> <span class='ocrx_word' id='word_1_173' title='bbox 670 2921 841 3008; x_wconf 87' lang='lat' dir='ltr'><strong>indulgere</strong></span> <span class='ocrx_word' id='word_1_174' title='bbox 857 2922 1038 3008; x_wconf 88' lang='lat' dir='ltr'><strong>dignemini</strong></span> <span class='ocrx_word' id='word_1_175' title='bbox 1056 2922 1146 3008; x_wconf 94' lang='lat' dir='ltr'><strong>quod</strong></span> <span class='ocrx_word' id='word_1_176' title='bbox 1162 2921 1234 3007; x_wconf 90' lang='lat' dir='ltr'><strong>ipse</strong></span> <span class='ocrx_word' id='word_1_177' title='bbox 1249 2917 1433 2984; x_wconf 90' lang='lat' dir='ltr'><strong>insistendo</strong></span> <span class='ocrx_word' id='word_1_178' title='bbox 1449 2920 1633 2985; x_wconf 87' lang='lat' dir='ltr'><strong>scolasticis</strong></span> <span class='ocrx_word' id='word_1_179' title='bbox 1648 2920 1744 2985; x_wconf 89' lang='lat' dir='ltr'><strong>disei-</strong></span> 
     </span>
     <span class='ocr_line' id='line_1_21' title="bbox 401 3022 1744 3112; baseline 0 -23"><span class='ocrx_word' id='word_1_180' title='bbox 401 3026 482 3108; x_wconf 90' lang='lat' dir='ltr'><strong>plinis</strong></span> <span class='ocrx_word' id='word_1_181' title='bbox 496 3027 530 3092; x_wconf 92' lang='lat' dir='ltr'><strong>in</strong></span> <span class='ocrx_word' id='word_1_182' title='bbox 548 3028 627 3093; x_wconf 93' lang='lat' dir='ltr'><strong>loco</strong></span> <span class='ocrx_word' id='word_1_183' title='bbox 642 3027 697 3091; x_wconf 91' lang='lat' dir='ltr'><strong>ubi</strong></span> <span class='ocrx_word' id='word_1_184' title='bbox 714 3026 859 3093; x_wconf 90' lang='lat' dir='ltr'><strong>studium</strong></span> <span class='ocrx_word' id='word_1_185' title='bbox 875 3027 987 3111; x_wconf 87' lang='lat' dir='ltr'><strong>vigeat</strong></span> <span class='ocrx_word' id='word_1_186' title='bbox 1001 3027 1156 3112; x_wconf 85' lang='lat' dir='ltr'><strong>generale</strong></span> <span class='ocrx_word' id='word_1_187' title='bbox 1172 3024 1225 3089; x_wconf 91' lang='lat' dir='ltr'><strong>vel</strong></span> <span class='ocrx_word' id='word_1_188' title='bbox 1242 3023 1374 3088; x_wconf 85' lang='lat' dir='ltr'><strong>incuria</strong></span> <span class='ocrx_word' id='word_1_189' title='bbox 1390 3022 1575 3103; x_wconf 89' lang='lat' dir='ltr'><strong>residendo,</strong></span> <span class='ocrx_word' id='word_1_190' title='bbox 1589 3023 1744 3089; x_wconf 78' lang='lat' dir='ltr'><strong>fructus..</strong></span> 
     </span>
     <span class='ocr_line' id='line_1_22' title="bbox 400 3127 1245 3217; baseline -0.002 -24"><span class='ocrx_word' id='word_1_191' title='bbox 400 3133 557 3217; x_wconf 80' lang='lat' dir='ltr'><strong>percipere</strong></span> <span class='ocrx_word' id='word_1_192' title='bbox 573 3132 696 3196; x_wconf 82' lang='lat' dir='ltr'><strong>ualeat.</strong></span> <span class='ocrx_word' id='word_1_193' title='bbox 714 3173 756 3181; x_wconf 92' lang='lat'><em>-</em></span> <span class='ocrx_word' id='word_1_194' title='bbox 774 3132 848 3197; x_wconf 86' lang='lat' dir='ltr'><strong>Fiat</strong></span> <span class='ocrx_word' id='word_1_195' title='bbox 865 3133 907 3197; x_wconf 89' lang='lat' dir='ltr'><strong>ad</strong></span> <span class='ocrx_word' id='word_1_196' title='bbox 923 3130 1187 3216; x_wconf 84' lang='lat' dir='ltr'><strong>quinquennium</strong></span> <span class='ocrx_word' id='word_1_197' title='bbox 1206 3127 1245 3192; x_wconf 90' lang='lat' dir='ltr'><strong>R.</strong></span> 
     </span>
     <span class='ocr_line' id='line_1_23' title="bbox 431 3236 1115 3322; baseline -0.001 -23"><span class='ocrx_word' id='word_1_198' title='bbox 431 3237 506 3301; x_wconf 90' lang='lat' dir='ltr'><strong>Dat.</strong></span> <span class='ocrx_word' id='word_1_199' title='bbox 523 3237 624 3300; x_wconf 67' lang='lat' dir='ltr'><strong>Asin.</strong></span> <span class='ocrx_word' id='word_1_200' title='bbox 644 3258 660 3319; x_wconf 78' lang='lat'><strong>5</strong></span> <span class='ocrx_word' id='word_1_201' title='bbox 678 3236 743 3301; x_wconf 85' lang='lat' dir='ltr'><strong>kal.</strong></span> <span class='ocrx_word' id='word_1_202' title='bbox 760 3246 844 3322; x_wconf 89' lang='lat' dir='ltr'><strong>sept.</strong></span> <span class='ocrx_word' id='word_1_203' title='bbox 861 3249 893 3301; x_wconf 84' lang='lat' dir='ltr'><strong>a&#39;’</strong></span> <span class='ocrx_word' id='word_1_204' title='bbox 909 3247 952 3321; x_wconf 75' lang='lat'><strong>4⁰.</strong></span> <span class='ocrx_word' id='word_1_205' title='bbox 970 3239 1018 3320; x_wconf 76' lang='lat'><strong>(9,</strong></span> <span class='ocrx_word' id='word_1_206' title='bbox 1042 3237 1115 3317; x_wconf 76' lang='lat'>161)</span> 
     </span>
    </p>
   </div>
   <div class='ocr_carea' id='block_1_6' title="bbox 426 3389 1745 3594">
    <p class='ocr_par' dir='ltr' id='par_1_9' title="bbox 426 3389 1745 3594">
     <span class='ocr_line' id='line_1_24' title="bbox 470 3389 1700 3474; baseline -0.007 -5"><span class='ocrx_word' id='word_1_207' title='bbox 470 3389 555 3469; x_wconf 86' lang='lat'><strong>00·</strong></span> <span class='ocrx_word' id='word_1_208' title='bbox 1445 3417 1459 3458; x_wconf 85' lang='lat'><em>1</em></span> <span class='ocrx_word' id='word_1_209' title='bbox 1531 3447 1538 3474; x_wconf 83' lang='lat'><strong><em>,</em></strong></span> <span class='ocrx_word' id='word_1_210' title='bbox 1556 3400 1700 3462; x_wconf 70' lang='lat'><strong>2800122.</strong></span> 
     </span>
     <span class='ocr_line' id='line_1_25' title="bbox 426 3389 1745 3594; baseline -0.003 -23"><span class='ocrx_word' id='word_1_211' title='bbox 426 3389 528 3594; x_wconf 50' lang='lat' dir='ltr'><strong>§hipp</strong></span> <span class='ocrx_word' id='word_1_212' title='bbox 548 3506 695 3589; x_wconf 82' lang='lat' dir='ltr'><strong>Hqugo),</strong></span> <span class='ocrx_word' id='word_1_213' title='bbox 708 3504 759 3568; x_wconf 87' lang='lat' dir='ltr'><strong>tit.</strong></span> <span class='ocrx_word' id='word_1_214' title='bbox 776 3504 807 3567; x_wconf 79' lang='lat' dir='ltr'><strong>S.</strong></span> <span class='ocrx_word' id='word_1_215' title='bbox 825 3503 994 3568; x_wconf 87' lang='lat' dir='ltr'><strong>Laurentii</strong></span> <span class='ocrx_word' id='word_1_216' title='bbox 1011 3503 1044 3566; x_wconf 90' lang='lat' dir='ltr'><strong>in</strong></span> <span class='ocrx_word' id='word_1_217' title='bbox 1062 3502 1222 3577; x_wconf 72' lang='lat' dir='ltr'><strong>Damaso</strong></span> <span class='ocrx_word' id='word_1_218' title='bbox 1240 3503 1348 3585; x_wconf 90' lang='lat' dir='ltr'><strong>presb.</strong></span> <span class='ocrx_word' id='word_1_219' title='bbox 1368 3415 1605 3583; x_wconf 45' lang='lat' dir='ltr'><strong>cardj³j5quat</strong></span> <span class='ocrx_word' id='word_1_220' title='bbox 1627 3502 1745 3587; x_wconf 79' lang='lat' dir='ltr'><strong>[famil.</strong></span> 
     </span>
    </p>
   </div>
   <div class='ocr_carea' id='block_1_7' title="bbox 385 3603 1747 4840">
    <p class='ocr_par' dir='ltr' id='par_1_10' title="bbox 385 3603 1747 4840">
     <span class='ocr_line' id='line_1_26' title="bbox 389 3603 1745 3690; baseline -0.002 -15"><span class='ocrx_word' id='word_1_221' title='bbox 389 3624 416 3676; x_wconf 86' lang='lat' dir='ltr'><strong>et</strong></span> <span class='ocrx_word' id='word_1_222' title='bbox 432 3613 595 3678; x_wconf 88' lang='lat' dir='ltr'><strong>continuo</strong></span> <span class='ocrx_word' id='word_1_223' title='bbox 612 3608 828 3675; x_wconf 87' lang='lat' dir='ltr'><strong>commensali</strong></span> <span class='ocrx_word' id='word_1_224' title='bbox 845 3630 885 3672; x_wconf 87' lang='lat' dir='ltr'><strong>ae</strong></span> <span class='ocrx_word' id='word_1_225' title='bbox 902 3607 1052 3673; x_wconf 89' lang='lat' dir='ltr'><strong>servitori</strong></span> <span class='ocrx_word' id='word_1_226' title='bbox 1069 3627 1129 3671; x_wconf 92' lang='lat' dir='ltr'><strong>suo</strong></span> <span class='ocrx_word' id='word_1_227' title='bbox 1142 3605 1314 3689; x_wconf 84' lang='lat' dir='ltr'><strong>Stephano</strong></span> <span class='ocrx_word' id='word_1_228' title='bbox 1331 3603 1451 3689; x_wconf 86' lang='lat' dir='ltr'><strong>Ruphi‚</strong></span> <span class='ocrx_word' id='word_1_229' title='bbox 1469 3605 1562 3690; x_wconf 72' lang='lat' dir='ltr'><strong>cler]</strong></span> <span class='ocrx_word' id='word_1_230' title='bbox 1579 3605 1745 3672; x_wconf 88' lang='lat' dir='ltr'><strong>Morinen.</strong></span> 
     </span>
     <span class='ocr_line' id='line_1_27' title="bbox 387 3709 1745 3797; baseline 0.001 -21"><span class='ocrx_word' id='word_1_231' title='bbox 387 3715 478 3793; x_wconf 75' lang='lat' dir='ltr'><strong>dioc,</strong></span> <span class='ocrx_word' id='word_1_232' title='bbox 510 3714 553 3778; x_wconf 92' lang='lat' dir='ltr'><strong>de</strong></span> <span class='ocrx_word' id='word_1_233' title='bbox 585 3721 680 3777; x_wconf 86' lang='lat' dir='ltr'><strong>sexta</strong></span> <span class='ocrx_word' id='word_1_234' title='bbox 707 3712 861 3797; x_wconf 86' lang='lat' dir='ltr'><strong>portione</strong></span> <span class='ocrx_word' id='word_1_235' title='bbox 892 3710 961 3775; x_wconf 84' lang='lat' dir='ltr'><strong>sive</strong></span> <span class='ocrx_word' id='word_1_236' title='bbox 993 3721 1086 3795; x_wconf 86' lang='lat' dir='ltr'><strong>parte</strong></span> <span class='ocrx_word' id='word_1_237' title='bbox 1118 3710 1270 3797; x_wconf 85' lang='lat' dir='ltr'><strong>parroch.</strong></span> <span class='ocrx_word' id='word_1_238' title='bbox 1294 3711 1375 3775; x_wconf 91' lang='lat' dir='ltr'><strong>eccl.</strong></span> <span class='ocrx_word' id='word_1_239' title='bbox 1403 3710 1434 3774; x_wconf 87' lang='lat' dir='ltr'><strong>S.</strong></span> <span class='ocrx_word' id='word_1_240' title='bbox 1453 3709 1629 3776; x_wconf 83' lang='lat' dir='ltr'><strong>Michaelis</strong></span> <span class='ocrx_word' id='word_1_241' title='bbox 1657 3713 1745 3777; x_wconf 87' lang='lat' dir='ltr'><strong>Gan-</strong></span> 
     </span>
     <span class='ocr_line' id='line_1_28' title="bbox 385 3815 1746 3902; baseline 0.004 -26"><span class='ocrx_word' id='word_1_242' title='bbox 385 3819 501 3894; x_wconf 70' lang='lat' dir='ltr'><strong>‹lensis</strong></span> <span class='ocrx_word' id='word_1_243' title='bbox 519 3817 708 3882; x_wconf 80' lang='lat' dir='ltr'><strong>&#39;fornacem</strong></span> <span class='ocrx_word' id='word_1_244' title='bbox 725 3815 822 3896; x_wconf 80' lang='lat' dir='ltr'><strong>dioc,</strong></span> <span class='ocrx_word' id='word_1_245' title='bbox 840 3836 899 3902; x_wconf 89' lang='lat' dir='ltr'><strong>per</strong></span> <span class='ocrx_word' id='word_1_246' title='bbox 914 3815 1060 3898; x_wconf 89' lang='lat' dir='ltr'><strong>quinque</strong></span> <span class='ocrx_word' id='word_1_247' title='bbox 1085 3825 1240 3896; x_wconf 85' lang='lat' dir='ltr'><strong>rectores,</strong></span> <span class='ocrx_word' id='word_1_248' title='bbox 1269 3836 1409 3898; x_wconf 89' lang='lat' dir='ltr'><strong>quorum</strong></span> <span class='ocrx_word' id='word_1_249' title='bbox 1426 3835 1508 3878; x_wconf 92' lang='lat' dir='ltr'><strong>unus</strong></span> <span class='ocrx_word' id='word_1_250' title='bbox 1532 3815 1613 3880; x_wconf 89' lang='lat' dir='ltr'><strong>duas</strong></span> <span class='ocrx_word' id='word_1_251' title='bbox 1634 3826 1746 3901; x_wconf 89' lang='lat' dir='ltr'><strong>partes</strong></span> 
     </span>
     <span class='ocr_line' id='line_1_29' title="bbox 385 3919 1745 4007; baseline 0 -22"><span class='ocrx_word' id='word_1_252' title='bbox 385 3925 448 3985; x_wconf 78' lang='lat' dir='ltr'><strong>sire</strong></span> <span class='ocrx_word' id='word_1_253' title='bbox 467 3923 640 4007; x_wconf 87' lang='lat' dir='ltr'><strong>portiones</strong></span> <span class='ocrx_word' id='word_1_254' title='bbox 656 3921 756 4006; x_wconf 87' lang='lat' dir='ltr'><strong>ipsius</strong></span> <span class='ocrx_word' id='word_1_255' title='bbox 770 3921 851 3984; x_wconf 91' lang='lat' dir='ltr'><strong>eccl.</strong></span> <span class='ocrx_word' id='word_1_256' title='bbox 866 3921 1005 3993; x_wconf 88' lang='lat' dir='ltr'><strong>obtinet,</strong></span> <span class='ocrx_word' id='word_1_257' title='bbox 1017 3921 1113 3985; x_wconf 89' lang='lat' dir='ltr'><strong>solite</strong></span> <span class='ocrx_word' id='word_1_258' title='bbox 1124 3920 1307 4003; x_wconf 79' lang='lat' dir='ltr'><strong>gubernari,</strong></span> <span class='ocrx_word' id='word_1_259' title='bbox 1319 3940 1391 3983; x_wconf 78' lang='lat' dir='ltr'><strong>vac.</strong></span> <span class='ocrx_word' id='word_1_260' title='bbox 1405 3921 1493 4002; x_wconf 84' lang='lat' dir='ltr'><strong>apud</strong></span> <span class='ocrx_word' id='word_1_261' title='bbox 1510 3919 1623 3982; x_wconf 88' lang='lat' dir='ltr'><strong>sedem</strong></span> <span class='ocrx_word' id='word_1_262' title='bbox 1638 3930 1745 4005; x_wconf 87' lang='lat' dir='ltr'><strong>apost.</strong></span> 
     </span>
     <span class='ocr_line' id='line_1_30' title="bbox 385 4024 1745 4111; baseline -0.001 -22"><span class='ocrx_word' id='word_1_263' title='bbox 385 4049 441 4111; x_wconf 87' lang='lat' dir='ltr'><strong>pro</strong></span> <span class='ocrx_word' id='word_1_264' title='bbox 458 4026 605 4109; x_wconf 90' lang='lat' dir='ltr'><strong>eoquod</strong></span> <span class='ocrx_word' id='word_1_265' title='bbox 621 4024 793 4101; x_wconf 90' lang='lat' dir='ltr'><strong>Johannes</strong></span> <span class='ocrx_word' id='word_1_266' title='bbox 822 4024 1012 4105; x_wconf 76' lang='lat' dir='ltr'><strong>Bourgeois,</strong></span> <span class='ocrx_word' id='word_1_267' title='bbox 1035 4025 1114 4088; x_wconf 91' lang='lat' dir='ltr'><strong>olim</strong></span> <span class='ocrx_word' id='word_1_268' title='bbox 1144 4025 1244 4109; x_wconf 89' lang='lat' dir='ltr'><strong>ipsius</strong></span> <span class='ocrx_word' id='word_1_269' title='bbox 1269 4024 1349 4087; x_wconf 87' lang='lat' dir='ltr'><strong>eccl.</strong></span> <span class='ocrx_word' id='word_1_270' title='bbox 1367 4031 1485 4098; x_wconf 82' lang='lat' dir='ltr'><strong>rector,</strong></span> <span class='ocrx_word' id='word_1_271' title='bbox 1502 4024 1745 4106; x_wconf 89' lang='lat' dir='ltr'><strong>possessionem</strong></span> 
     </span>
     <span class='ocr_line' id='line_1_31' title="bbox 385 4126 1745 4214; baseline -0.001 -21"><span class='ocrx_word' id='word_1_272' title='bbox 385 4131 558 4214; x_wconf 79' lang='lat' dir='ltr'><strong>pacificam</strong></span> <span class='ocrx_word' id='word_1_273' title='bbox 576 4131 728 4214; x_wconf 87' lang='lat' dir='ltr'><strong>parroch.</strong></span> <span class='ocrx_word' id='word_1_274' title='bbox 746 4129 885 4194; x_wconf 86' lang='lat' dir='ltr'><strong>ecclesie</strong></span> <span class='ocrx_word' id='word_1_275' title='bbox 903 4129 934 4193; x_wconf 82' lang='lat' dir='ltr'><strong>S.</strong></span> <span class='ocrx_word' id='word_1_276' title='bbox 951 4128 1111 4213; x_wconf 76' lang='lat' dir='ltr'><strong>Stephani</strong></span> <span class='ocrx_word' id='word_1_277' title='bbox 1136 4127 1324 4205; x_wconf 88' lang='lat' dir='ltr'><strong>Insulensis,</strong></span> <span class='ocrx_word' id='word_1_278' title='bbox 1341 4126 1525 4191; x_wconf 78' lang='lat' dir='ltr'><strong>&#39;fornacem</strong></span> <span class='ocrx_word' id='word_1_279' title='bbox 1542 4127 1639 4208; x_wconf 77' lang='lat' dir='ltr'><strong>dioc,</strong></span> <span class='ocrx_word' id='word_1_280' title='bbox 1657 4138 1745 4193; x_wconf 85' lang='lat' dir='ltr'><strong>auct.</strong></span> 
     </span>
     <span class='ocr_line' id='line_1_32' title="bbox 386 4231 1746 4317; baseline -0.001 -20"><span class='ocrx_word' id='word_1_281' title='bbox 386 4236 572 4299; x_wconf 86' lang='lat' dir='ltr'><strong>litterarum</strong></span> <span class='ocrx_word' id='word_1_282' title='bbox 590 4242 770 4298; x_wconf 80' lang='lat' dir='ltr'><strong>vestrarum</strong></span> <span class='ocrx_word' id='word_1_283' title='bbox 797 4242 847 4298; x_wconf 91' lang='lat' dir='ltr'><strong>est</strong></span> <span class='ocrx_word' id='word_1_284' title='bbox 871 4232 1009 4317; x_wconf 87' lang='lat' dir='ltr'><strong>pacifice</strong></span> <span class='ocrx_word' id='word_1_285' title='bbox 1036 4241 1229 4309; x_wconf 86' lang='lat' dir='ltr'><strong>assecutus;</strong></span> <span class='ocrx_word' id='word_1_286' title='bbox 1256 4231 1347 4315; x_wconf 87' lang='lat' dir='ltr'><strong>cujus</strong></span> <span class='ocrx_word' id='word_1_287' title='bbox 1372 4240 1466 4295; x_wconf 85' lang='lat' dir='ltr'><strong>sexte</strong></span> <span class='ocrx_word' id='word_1_288' title='bbox 1490 4231 1652 4316; x_wconf 87' lang='lat' dir='ltr'><strong>portionis</strong></span> <span class='ocrx_word' id='word_1_289' title='bbox 1679 4232 1746 4296; x_wconf 92' lang='lat' dir='ltr'><strong>sive</strong></span> 
     </span>
     <span class='ocr_line' id='line_1_33' title="bbox 386 4335 1745 4423; baseline -0.001 -20"><span class='ocrx_word' id='word_1_290' title='bbox 386 4340 488 4423; x_wconf 89' lang='lat' dir='ltr'><strong>partis</strong></span> <span class='ocrx_word' id='word_1_291' title='bbox 504 4338 595 4403; x_wconf 88' lang='lat' dir='ltr'><strong>dicte</strong></span> <span class='ocrx_word' id='word_1_292' title='bbox 612 4338 693 4403; x_wconf 93' lang='lat' dir='ltr'><strong>eccl.</strong></span> <span class='ocrx_word' id='word_1_293' title='bbox 711 4339 741 4402; x_wconf 87' lang='lat' dir='ltr'><strong>S.</strong></span> <span class='ocrx_word' id='word_1_294' title='bbox 761 4336 936 4401; x_wconf 86' lang='lat' dir='ltr'><strong>Michaelis</strong></span> <span class='ocrx_word' id='word_1_295' title='bbox 950 4337 1114 4402; x_wconf 81' lang='lat' dir='ltr'><strong>fructus...</strong></span> <span class='ocrx_word' id='word_1_296' title='bbox 1132 4345 1167 4401; x_wconf 90' lang='lat' dir='ltr'><strong>et</strong></span> <span class='ocrx_word' id='word_1_297' title='bbox 1183 4344 1364 4422; x_wconf 80' lang='lat' dir='ltr'><strong>proventus</strong></span> <span class='ocrx_word' id='word_1_298' title='bbox 1393 4356 1432 4419; x_wconf 78' lang='lat'><strong>50</strong></span> <span class='ocrx_word' id='word_1_299' title='bbox 1459 4336 1514 4400; x_wconf 93' lang='lat' dir='ltr'><strong>lib.</strong></span> <span class='ocrx_word' id='word_1_300' title='bbox 1540 4356 1632 4421; x_wconf 80' lang='lat' dir='ltr'><strong>parv.</strong></span> <span class='ocrx_word' id='word_1_301' title='bbox 1658 4335 1745 4415; x_wconf 77' lang='lat' dir='ltr'><strong>Tun,</strong></span> 
     </span>
     <span class='ocr_line' id='line_1_34' title="bbox 387 4440 1747 4526; baseline -0.002 -19"><span class='ocrx_word' id='word_1_302' title='bbox 387 4465 450 4509; x_wconf 80' lang='lat' dir='ltr'><strong>sec.</strong></span> <span class='ocrx_word' id='word_1_303' title='bbox 468 4453 539 4508; x_wconf 86' lang='lat' dir='ltr'><strong>tax.</strong></span> <span class='ocrx_word' id='word_1_304' title='bbox 556 4442 695 4522; x_wconf 88' lang='lat' dir='ltr'><strong>decime,</strong></span> <span class='ocrx_word' id='word_1_305' title='bbox 718 4442 866 4507; x_wconf 86' lang='lat' dir='ltr'><strong>valorem</strong></span> <span class='ocrx_word' id='word_1_306' title='bbox 883 4463 1031 4507; x_wconf 87' lang='lat' dir='ltr'><strong>aunuum</strong></span> <span class='ocrx_word' id='word_1_307' title='bbox 1052 4462 1119 4507; x_wconf 91' lang='lat' dir='ltr'><strong>non</strong></span> <span class='ocrx_word' id='word_1_308' title='bbox 1136 4441 1313 4520; x_wconf 85' lang='lat' dir='ltr'><strong>excedunt,</strong></span> <span class='ocrx_word' id='word_1_309' title='bbox 1328 4440 1435 4504; x_wconf 87' lang='lat' dir='ltr'><strong>eidem</strong></span> <span class='ocrx_word' id='word_1_310' title='bbox 1450 4440 1621 4526; x_wconf 86' lang='lat' dir='ltr'><strong>Stephano</strong></span> <span class='ocrx_word' id='word_1_311' title='bbox 1633 4440 1747 4525; x_wconf 85' lang='lat' dir='ltr'><strong>digne-</strong></span> 
     </span>
     <span class='ocr_line' id='line_1_35' title="bbox 387 4542 1746 4633; baseline -0.001 -22"><span class='ocrx_word' id='word_1_312' title='bbox 387 4549 465 4612; x_wconf 88' lang='lat' dir='ltr'><strong>mini</strong></span> <span class='ocrx_word' id='word_1_313' title='bbox 482 4547 682 4633; x_wconf 85' lang='lat' dir='ltr'><strong>providere;</strong></span> <span class='ocrx_word' id='word_1_314' title='bbox 706 4568 776 4612; x_wconf 92' lang='lat' dir='ltr'><strong>non</strong></span> <span class='ocrx_word' id='word_1_315' title='bbox 793 4550 877 4613; x_wconf 89' lang='lat' dir='ltr'><strong>obst.</strong></span> <span class='ocrx_word' id='word_1_316' title='bbox 895 4546 984 4630; x_wconf 92' lang='lat' dir='ltr'><strong>quod</strong></span> <span class='ocrx_word' id='word_1_317' title='bbox 1001 4568 1072 4611; x_wconf 90' lang='lat' dir='ltr'><strong>can.</strong></span> <span class='ocrx_word' id='word_1_318' title='bbox 1089 4555 1123 4610; x_wconf 91' lang='lat' dir='ltr'><strong>et</strong></span> <span class='ocrx_word' id='word_1_319' title='bbox 1143 4549 1234 4631; x_wconf 91' lang='lat' dir='ltr'><strong>preb.</strong></span> <span class='ocrx_word' id='word_1_320' title='bbox 1262 4545 1295 4609; x_wconf 92' lang='lat' dir='ltr'><strong>in</strong></span> <span class='ocrx_word' id='word_1_321' title='bbox 1322 4545 1402 4609; x_wconf 90' lang='lat' dir='ltr'><strong>eccl.</strong></span> <span class='ocrx_word' id='word_1_322' title='bbox 1421 4544 1451 4608; x_wconf 84' lang='lat' dir='ltr'><strong>S.</strong></span> <span class='ocrx_word' id='word_1_323' title='bbox 1470 4542 1517 4609; x_wconf 80' lang='lat' dir='ltr'><strong>bt.</strong></span> <span class='ocrx_word' id='word_1_324' title='bbox 1535 4543 1746 4626; x_wconf 83' lang='lat' dir='ltr'><strong>Casleteusis‚</strong></span> 
     </span>
     <span class='ocr_line' id='line_1_36' title="bbox 386 4648 1334 4732; baseline -0.003 -16"><span class='ocrx_word' id='word_1_325' title='bbox 386 4652 474 4717; x_wconf 87' lang='lat' dir='ltr'><strong>dicte</strong></span> <span class='ocrx_word' id='word_1_326' title='bbox 493 4652 660 4716; x_wconf 86' lang='lat' dir='ltr'><strong>Morinen.</strong></span> <span class='ocrx_word' id='word_1_327' title='bbox 676 4652 774 4732; x_wconf 86' lang='lat' dir='ltr'><strong>dioc,</strong></span> <span class='ocrx_word' id='word_1_328' title='bbox 792 4652 942 4716; x_wconf 91' lang='lat' dir='ltr'><strong>obtinere</strong></span> <span class='ocrx_word' id='word_1_329' title='bbox 958 4661 1124 4717; x_wconf 88' lang='lat' dir='ltr'><strong>noscatur.</strong></span> <span class='ocrx_word' id='word_1_330' title='bbox 1143 4689 1184 4700; x_wconf 94' lang='lat'><em>-</em></span> <span class='ocrx_word' id='word_1_331' title='bbox 1202 4648 1276 4714; x_wconf 90' lang='lat' dir='ltr'><strong>Fiat</strong></span> <span class='ocrx_word' id='word_1_332' title='bbox 1294 4648 1334 4713; x_wconf 90' lang='lat' dir='ltr'><strong>R.</strong></span> 
     </span>
     <span class='ocr_line' id='line_1_37' title="bbox 429 4756 1113 4840; baseline -0.003 -20"><span class='ocrx_word' id='word_1_333' title='bbox 429 4757 508 4820; x_wconf 85' lang='lat' dir='ltr'><strong>Dat.</strong></span> <span class='ocrx_word' id='word_1_334' title='bbox 526 4756 624 4819; x_wconf 68' lang='lat' dir='ltr'><strong>hein.</strong></span> <span class='ocrx_word' id='word_1_335' title='bbox 644 4778 659 4840; x_wconf 81' lang='lat'>5</span> <span class='ocrx_word' id='word_1_336' title='bbox 677 4756 742 4820; x_wconf 86' lang='lat' dir='ltr'><strong>kal.</strong></span> <span class='ocrx_word' id='word_1_337' title='bbox 759 4764 843 4840; x_wconf 85' lang='lat' dir='ltr'><strong>sept.</strong></span> <span class='ocrx_word' id='word_1_338' title='bbox 860 4767 892 4820; x_wconf 84' lang='lat' dir='ltr'><strong>a‘’</strong></span> <span class='ocrx_word' id='word_1_339' title='bbox 908 4765 950 4839; x_wconf 79' lang='lat'><strong>4⁰.</strong></span> <span class='ocrx_word' id='word_1_340' title='bbox 969 4758 1016 4837; x_wconf 81' lang='lat'><strong>(9,</strong></span> <span class='ocrx_word' id='word_1_341' title='bbox 1040 4757 1113 4839; x_wconf 73' lang='lat'><strong>¹⁶3)</strong></span> 
     </span>
    </p>
   </div>
   <div class='ocr_carea' id='block_1_8' title="bbox 417 4944 857 5007">
    <p class='ocr_par' dir='ltr' id='par_1_11' title="bbox 417 4944 857 5007">
     <span class='ocr_line' id='line_1_38' title="bbox 417 4944 857 5007; baseline 0.005 -18"><span class='ocrx_word' id='word_1_342' title='bbox 417 4959 445 5007; x_wconf 57' lang='lat' dir='ltr'><strong>a}</strong></span> <span class='ocrx_word' id='word_1_343' title='bbox 463 4953 472 4987; x_wconf 79' lang='grc' dir='ltr'><em>Ι</em></span> <span class='ocrx_word' id='word_1_344' title='bbox 481 4945 521 4991; x_wconf 71' lang='lat' dir='ltr'><strong>iul.</strong></span> <span class='ocrx_word' id='word_1_345' title='bbox 538 4946 615 4992; x_wconf 59' lang='lat' dir='ltr'><strong>lilith.</strong></span> <span class='ocrx_word' id='word_1_346' title='bbox 628 4973 655 4978; x_wconf 81' lang='lat'><strong>--</strong></span> <span class='ocrx_word' id='word_1_347' title='bbox 671 4946 701 5004; x_wconf 81' lang='lat' dir='ltr'><strong>lt)</strong></span> <span class='ocrx_word' id='word_1_348' title='bbox 717 4944 773 4992; x_wconf 74' lang='lat' dir='ltr'><strong>(hd.</strong></span> <span class='ocrx_word' id='word_1_349' title='bbox 788 4945 857 4991; x_wconf 67' lang='lat' dir='ltr'><strong>:llil-⁸.</strong></span> 
     </span>
    </p>
   </div>
   <div class='ocr_carea' id='block_1_9' title="bbox 387 5072 630 5080">
    <p class='ocr_par' dir='ltr' id='par_1_12' title="bbox 387 5072 630 5080">
     <span class='ocr_line' id='line_1_39' title="bbox 387 5072 630 5080; baseline -0.008 0"><span class='ocrx_word' id='word_1_350' title='bbox 387 5072 630 5080; x_wconf 43' lang='grc' dir='ltr'><strong>μή</strong></span> 
     </span>
    </p>
   </div>
   <div class='ocr_carea' id='block_1_10' title="bbox 383 5144 1744 5283">
    <p class='ocr_par' dir='ltr' id='par_1_13' title="bbox 383 5144 1744 5283">
     <span class='ocr_line' id='line_1_40' title="bbox 417 5144 1744 5210; baseline -0.004 -14"><span class='ocrx_word' id='word_1_351' title='bbox 417 5152 439 5196; x_wconf 89' lang='lat' dir='ltr'><strong>l.</strong></span> <span class='ocrx_word' id='word_1_352' title='bbox 454 5151 531 5196; x_wconf 62' lang='lat' dir='ltr'><strong>(uate</strong></span> <span class='ocrx_word' id='word_1_353' title='bbox 543 5148 678 5210; x_wconf 71' lang='lat' dir='ltr'><strong>supplique</strong></span> <span class='ocrx_word' id='word_1_354' title='bbox 690 5155 724 5195; x_wconf 78' lang='lat' dir='ltr'><strong>cst</strong></span> <span class='ocrx_word' id='word_1_355' title='bbox 740 5148 762 5195; x_wconf 84' lang='lat' dir='ltr'><strong>le</strong></span> <span class='ocrx_word' id='word_1_356' title='bbox 774 5148 893 5195; x_wconf 68' lang='lat' dir='ltr'><strong>corr-alif</strong></span> <span class='ocrx_word' id='word_1_357' title='bbox 910 5147 941 5194; x_wconf 61' lang='lat' dir='ltr'><strong>ale</strong></span> <span class='ocrx_word' id='word_1_358' title='bbox 960 5147 1062 5194; x_wconf 76' lang='lat' dir='ltr'><strong>l&#39;erreur·</strong></span> <span class='ocrx_word' id='word_1_359' title='bbox 1080 5144 1190 5203; x_wconf 55' lang='lat' dir='ltr'><strong>dereiner·</strong></span> <span class='ocrx_word' id='word_1_360' title='bbox 1209 5144 1265 5206; x_wconf 69' lang='lat' dir='ltr'><strong>plus</strong></span> <span class='ocrx_word' id='word_1_361' title='bbox 1277 5146 1335 5191; x_wconf 82' lang='lat' dir='ltr'><strong>haut</strong></span> <span class='ocrx_word' id='word_1_362' title='bbox 1353 5162 1358 5202; x_wconf 66' lang='grc' dir='ltr'><em>ς</em></span> <span class='ocrx_word' id='word_1_363' title='bbox 1373 5147 1425 5191; x_wconf 83' lang='lat' dir='ltr'><strong>ruli·</strong></span> <span class='ocrx_word' id='word_1_364' title='bbox 1438 5161 1462 5195; x_wconf 84' lang='lat' dir='ltr'><strong>u.</strong></span> <span class='ocrx_word' id='word_1_365' title='bbox 1475 5148 1528 5193; x_wconf 70' lang='lat' dir='ltr'><strong>sat.</strong></span> <span class='ocrx_word' id='word_1_366' title='bbox 1541 5173 1572 5178; x_wconf 92' lang='lat'><strong>——</strong></span> <span class='ocrx_word' id='word_1_367' title='bbox 1585 5149 1606 5191; x_wconf 85' lang='grc'><strong>2.</strong></span> <span class='ocrx_word' id='word_1_368' title='bbox 1617 5146 1744 5203; x_wconf 74' lang='lat' dir='ltr'><strong>anlrert,</strong></span> 
     </span>
     <span class='ocr_line' id='line_1_41' title="bbox 383 5220 1392 5283; baseline -0.003 -14"><span class='ocrx_word' id='word_1_369' title='bbox 383 5225 450 5271; x_wconf 61' lang='lat' dir='ltr'><strong>ahbc&#39;·</strong></span> <span class='ocrx_word' id='word_1_370' title='bbox 462 5224 511 5271; x_wconf 69' lang='lat' dir='ltr'><strong>«les</strong></span> <span class='ocrx_word' id='word_1_371' title='bbox 527 5223 615 5271; x_wconf 64' lang='lat' dir='ltr'><strong>bunos</strong></span> <span class='ocrx_word' id='word_1_372' title='bbox 631 5224 766 5271; x_wconf 70' lang='lat'><strong>1318-1354</strong></span> <span class='ocrx_word' id='word_1_373' title='bbox 780 5222 866 5283; x_wconf 63' lang='lat' dir='ltr'><strong>(mill.</strong></span> <span class='ocrx_word' id='word_1_374' title='bbox 878 5222 971 5271; x_wconf 57' lang='lat' dir='ltr'><strong>alnis-t„</strong></span> <span class='ocrx_word' id='word_1_375' title='bbox 987 5221 1014 5280; x_wconf 78' lang='lat' dir='ltr'><strong>l&#39;,</strong></span> <span class='ocrx_word' id='word_1_376' title='bbox 1028 5225 1095 5278; x_wconf 73' lang='grc'><strong>2911).</strong></span> <span class='ocrx_word' id='word_1_377' title='bbox 1113 5249 1139 5254; x_wconf 68' lang='lat'>-</span> <span class='ocrx_word' id='word_1_378' title='bbox 1152 5223 1174 5266; x_wconf 75' lang='lat'><strong>3.</strong></span> <span class='ocrx_word' id='word_1_379' title='bbox 1189 5220 1292 5279; x_wconf 61' lang='lat' dir='ltr'><strong>lingue&lt;</strong></span> <span class='ocrx_word' id='word_1_380' title='bbox 1305 5220 1392 5280; x_wconf 67' lang='lat' dir='ltr'><strong>reaper.</strong></span> 
     </span>
    </p>
   </div>
   <div class='ocr_carea' id='block_1_11' title="bbox 0 0 2340 6052">
    <p class='ocr_par' dir='ltr' id='par_1_14' title="bbox 0 0 2340 6052">
     <span class='ocr_line' id='line_1_42' title="bbox 0 0 2340 6052; baseline 0 0"><span class='ocrx_word' id='word_1_381' title='bbox 0 0 2340 6052; x_wconf 95' lang='lat' dir='ltr'><strong> </strong></span> 
     </span>
    </p>
   </div>
  </div>
 </body>
</html>
