4650 6059
956 492 1043 564 1849,
1066 492 1255 574 22-28juin
1725 502 1786 567 455

465 639 561 705 ltem
575 640 675 705 simili
689 641 792 708 modo
807 642 992 728 dignemini
1008 642 1184 728 providere
1198 642 1334 710 Andree
1350 643 1393 710 de
1409 643 1528 723 Ponte,
1546 647 1667 713 clerico
1681 646 1789 715 Mori·

417 764 501 809 nen.
527 742 625 823 dioc,
650 744 694 811 de
720 747 882 831 capellan.
910 744 949 812 B.
966 744 1017 811 M.
1044 746 1078 811 in
1105 747 1188 811 eccl.
1204 745 1237 812 S.
1253 745 1421 824 Johannis
1438 747 1489 819 ,de
1505 747 1786 835 Pauperhinghes,

419 844 597 912 Morinen.
612 847 710 928 dioc,
726 869 799 914 vac.
814 870 874 935 per
899 850 1041 915 liberam
1067 849 1329 939 resignationem
1358 850 1392 915 in
1417 851 1573 920 manibus
1600 852 1783 942 [ejusdem]

416 950 549 1016 iactam
564 960 599 1016 et
614 952 793 1017 admissam
808 973 867 1038 per
881 952 1072 1031 Johannem
1087 953 1240 1039 Aucupis
1253 962 1277 1021 ¹.
1289 994 1332 1013 —.
1348 952 1424 1019 Fiat
1440 953 1481 1020 R.
1525 1018 1528 1025 .

463 1054 551 1119 Dat.
565 1055 665 1121 Avin.
684 1077 719 1120 11
737 1055 805 1122 lral.
818 1057 890 1142 julii
906 1064 941 1121 a⁰
956 1059 1000 1122 8⁰.
1015 1057 1087 1141 (19,
1104 1059 1171 1141 57).

474 1190 619 1273 1747.
1133 1219 1135 1226 '
1293 1194 1309 1227 ⁵
1488 1229 1583 1293 1349,
1600 1232 1641 1274 22
1651 1209 1739 1291 juin.

463 1310 570 1396 Supp.
596 1309 794 1376 Franciscus
826 1309 868 1376 de
896 1302 1138 1395 Kettenbeym,
1166 1329 1239 1375 can.
1266 1308 1497 1391 Tracentinus,
1525 1320 1616 1397 quat.
1642 1334 1784 1382 consan-

412 1414 547 1498 guineo
560 1434 622 1479 suo
646 1411 792 1490 Johanni
817 1412 860 1479 de
876 1411 1100 1499 Lutzelborgh
1116 1424 1138 1494 ²,
1166 1414 1343 1499 capellano
1369 1413 1455 1499 regis
1478 1413 1717 1497 Romanorum,
1741 1418 1783 1483 de

414 1538 499 1583 can.
515 1519 577 1582 sub
592 1537 669 1603 exp.
681 1519 773 1602 preb.
788 1516 973 1601 dignemini
989 1516 1032 1583 ad
1048 1516 1125 1583 coll.
1141 1515 1289 1603 episcopi
1301 1515 1473 1607 Leodien.,
1483 1518 1516 1583 in
1530 1522 1611 1586 eccl.
1623 1523 1677 1586 vel
1697 1521 1783 1587 dioc.

414 1620 584 1686 Leodien.
599 1619 782 1706 dignemini
798 1620 973 1707 providere
987 1643 997 1701 3
1014 1641 1083 1686 non
1096 1622 1183 1686 obst.
1195 1620 1285 1705 quod
1307 1622 1389 1688 eccl.
1405 1624 1541 1709 paroch.
1562 1624 1604 1690 de
1622 1625 1784 1712 Osperen,

413 1723 601 1789 Treveren.
626 1723 723 1804 dioc,
749 1724 899 1790 noscitur
923 1724 1086 1804 obtinere,
1106 1725 1164 1792 ¹vel
1189 1719 1233 1790 de
1258 1744 1333 1793 can,
1349 1726 1409 1790 sub
1436 1747 1511 1812 exp.
1538 1730 1629 1813 preb.
1652 1728 1686 1793 in
1702 1731 1784 1796 eccl.

416 1827 451 1892 S.
468 1825 638 1904 Johannis
654 1825 814 1893 Leodien.
835 1865 868 1876 -
890 1828 967 1893 Fiat
983 1826 1025 1896 R.

465 1931 548 1996 Dat.
569 1932 668 1995 Avin.
689 1951 727 1997 10
742 1930 810 1997 kal.
822 1931 896 2018 julii
919 1938 952 1997 a⁰
976 1934 1019 1997 8⁰.
1041 1933 1111 2015 (19,
1136 1933 1204 2016 58).
1236 1983 1237 1986 ¹
1265 1996 1266 1999 ,

473 2067 619 2151 1748.
1037 2159 1040 2168 .
1110 2156 1126 2164 Η
1180 2097 1185 2105 “
1320 2146 1331 2171 ,,
1489 2084 1741 2169 1349',25juin.

463 2186 569 2272 Supp.
590 2184 612 2264 J
615 2186 767 2252 ohannes
784 2185 950 2270 Fauqueti
966 2200 988 2267 ³,
1005 2186 1163 2271 magister
1180 2185 1213 2250 in
1230 2194 1303 2266 art,
1321 2193 1355 2251 et
1371 2186 1508 2252 scolaris
1523 2187 1556 2252 in
1574 2188 1679 2265 theol.
1694 2188 1783 2254 Pari-

412 2291 489 2356 ·sius
503 2311 524 2355 a
539 2290 686 2375 quinque
701 2290 797 2355 annis
812 2298 847 2356 et
863 2289 956 2371 citra,
972 2289 1173 2356 Ambianen.
1189 2288 1288 2370 dioc„
1304 2291 1575 2376 consanguineus
1592 2291 1731 2359 Henrici
1742 2293 1784 2358 de

417 2392 540 2474 Bours,
549 2402 643 2478 quat.
653 2392 683 2458 ei
694 2393 876 2479 specialem
885 2394 1027 2479 gratiam
1037 2392 1199 2463 facientes
1218 2393 1260 2460 de
1270 2394 1424 2479 parrocb.
1434 2396 1515 2463 eccl.
1529 2393 1567 2460 B.
1581 2394 1629 2463 M.
1642 2396 1684 2461 de
1696 2395 1783 2461 Fon-

414 2500 520 2578 tibus,
538 2497 785 2582 Rothomagen.
801 2498 899 2579 dioc,
915 2519 1017 2583 quam
1031 2518 1138 2584 nuper
1153 2496 1513 2576 obtinebatJohannes
1529 2498 1649 2581 Malet,
1665 2500 1784 2567 doctor

419 2603 456 2666 in
473 2601 591 2681 theol,
606 2602 633 2668 si
648 2611 760 2685 vacat,
776 2604 830 2668 vel
847 2624 925 2669 cum
939 2602 1077 2669 vacabit
1093 2622 1153 2688 per
1169 2582 1415 2670 assecutionem
1427 2603 1645 2669 canonicatus
1660 2612 1695 2669 et
1710 2625 1784 2689 pre

417 2704 534 2770 bende
559 2725 601 2771 ac
614 2706 852 2791 penitentiarie
879 2706 1019 2773 ecclesie
1034 2704 1232 2787 Tomacen.,
1247 2704 1290 2772 de
1317 2705 1437 2790 quibus
1463 2706 1622 2791 magistro
1635 2705 1656 2784 J
1660 2700 1784 2780 ohanni

420 2807 567 2874 Μ3131·4
591 2829 651 2895 per
676 2810 710 2876 S.
736 2809 775 2876 V.
799 2830 905 2896 nuper
919 2811 1068 2877 noscitur
1089 2830 1161 2876 esse
1186 2809 1367 2896 provisum,
1394 2818 1452 2885 aut
1476 2809 1559 2875 alias
1585 2830 1784 2895 quocunque

418 2912 536 2994 modo,
552 2923 766 2999 preterquam
781 2935 841 3000 per
857 2915 959 3000 ipsius
973 2923 1129 2994 mortem,
1145 2913 1176 2979 ei
1191 2912 1374 2999 dignemini
1398 2912 1574 2999 providere
1589 2936 1597 2994 ;
1614 2933 1682 2979 non
1698 2916 1783 2981 obst.

422 3018 515 3104 quod
530 3018 616 3084 duas
630 3020 779 3106 capellas
805 3020 840 3084 in
865 3021 948 3085 eccl.
975 3018 1014 3085 B.
1031 3017 1081 3085 M.
1108 3019 1151 3085 de
1178 3017 1322 3104 Nigella‚
1337 3018 1541 3085 Ambianen.
1564 3018 1663 3100 dioc,
1689 3027 1725 3085 et
1750 3019 1783 3085 in

420 3122 574 3207 parrocb.
590 3124 672 3189 eccl.
689 3123 868 3190 cardinalis
884 3121 1045 3190 Monacbi
1071 3122 1223 3202 parisius,
1239 3131 1375 3208 propter
1401 3123 1601 3188 tenuitatem
1617 3122 1783 3189 fructuum

421 3226 464 3291 ad
479 3226 649 3291 decimam
666 3247 734 3293 non
751 3228 884 3307 taxatis,
901 3229 1049 3293 noscitur
1064 3227 1238 3306 obtinere;
1256 3247 1314 3291 seu
1329 3226 1420 3310 quod
1436 3226 1479 3291 ad
1492 3228 1567 3291 coll.
1590 3236 1654 3292 etc.
1665 3228 1781 3293 decani

422 3338 455 3394 et
470 3329 609 3414 capituli
626 3330 657 3395 S.
675 3330 761 3395 Piati
790 3331 1002 3410 Sicliniensis,
1030 3331 1217 3397 Tomaeen.
1244 3329 1341 3406 dioc,
1356 3350 1395 3394 ae
1423 3330 1570 3413 episcopi
1587 3337 1621 3393 et
1645 3329 1782 3414 capituli

422 3434 633 3514 Ambianen„
657 3455 717 3520 per
742 3436 890 3500 diversas
913 3443 1040 3499 vestras
1063 3435 1193 3499 litteras
1204 3434 1274 3517 jam
1302 3433 1409 3497 factas
1424 3440 1458 3497 et
1474 3453 1533 3517 per
1548 3433 1628 3497 alias
1644 3432 1781 3513 fiendae,

422 3546 578 3621 pretextu
598 3540 705 3622 gratie
732 3540 762 3604 ei
790 3540 879 3605 facte
902 3540 956 3602 vel
984 3539 1092 3604 fiende
1120 3538 1153 3602 in
1187 3538 1297 3602 rotulo
1323 3535 1559 3602 Universitatis
1592 3535 1782 3599 parisiensis

422 3661 527 3726 nuper
541 3641 673 3725 signato
688 3644 741 3706 vel
758 3642 921 3726 signando
945 3642 1109 3707 beneficia
1136 3640 1362 3707 ecclesiastica
1387 3658 1416 3704 c.
1433 3659 1461 3705 c.
1477 3640 1531 3703 vel
1548 3658 1572 3703 s.
1589 3659 1618 3703 c.
1634 3639 1781 3703 noscitur

422 3753 612 3830 expectare.
628 3785 671 3794 -
688 3743 763 3809 Fiat
784 3744 824 3809 R.
1359 3756 1361 3759 ’
1568 3762 1569 3765 ’

465 3847 546 3911 Dat.
560 3848 659 3913 Avin.
674 3866 692 3931 7
709 3847 776 3913 kal.
786 3848 858 3932 julii
874 3855 907 3913 a⁰
924 3850 966 3914 8⁰.
984 3849 1053 3932 (19,
1080 3848 1147 3932 60).

474 3974 618 4058 1749.
1487 4010 1580 4073 1349,
1597 3992 1639 4055 38
1648 3989 1734 4071 juin.

464 4094 568 4178 Supp.
592 4093 733 4158 servitor
760 4100 794 4156 et
821 4092 992 4160 familiaris
1019 4101 1139 4172 vester,
1178 4091 1351 4179 Philippus
1378 4091 1574 4174 1131113135,
1600 4103 1690 4179 quat.
1717 4095 1777 4160 sibi

419 4206 517 4262 motu
531 4197 667 4281 proprio
683 4197 864 4281 specialem
880 4196 1020 4279 gratiam
1037 4196 1207 4277 facientes,
1223 4196 1265 4261 de
1281 4196 1426 4262 secunda
1450 4198 1604 4283 portione
1626 4197 1778 4282 parroch.

418 4299 563 4365 ecclesie
577 4301 610 4365 S.
625 4297 792 4377 Johannis
808 4299 1006 4379 Gandensis,
1023 4298 1210 4375 Tornacen.
1237 4299 1334 4383 dioc,
1358 4321 1430 4367 vac.
1455 4322 1515 4387 per
1539 4306 1592 4367 ob.
1609 4301 1777 4367 Guillelmi

419 4403 462 4469 de
478 4402 693 4488 Sleidingben
709 4403 731 4483 ⁶,
759 4404 866 4468 ultimi
894 4404 1032 4469 rectoris
1058 4404 1217 4489 ejusdem,
1234 4404 1289 4489 qui
1315 4415 1408 4470 extra
1434 4406 1557 4470 curiam
1577 4404 1673 4472 Rom.
1689 4405 1778 4470 diem

418 4509 541 4575 clausit
568 4516 767 4588 extremum,
795 4510 821 4573 si
849 4530 908 4593 per
934 4508 1195 4574 reservationem
1220 4509 1274 4573 vel
1302 4509 1369 4575 alio
1395 4512 1513 4593 quovis
1537 4510 1638 4575 modo
1660 4519 1777 4591 uacet,

453 4710 474 4756 1.
488 4708 552 4757 Voir
573 4722 598 4756 n.
620 4710 690 4764 1622,
710 4709 779 4766 1223,
800 4710 868 4765 1216,
889 4710 959 4757 1315.
971 4736 1002 4742 -
1020 4712 1042 4757 2.
1056 4711 1119 4756 Sans
1130 4709 1209 4756 ‹loutc
1220 4708 1244 4756 le
1256 4708 1320 4756 dean
1333 4708 1435 4757 Gerlacl
1447 4708 1497 4757 3116
1514 4710 1577 4757 (lans
1592 4709 1689 4765 Kirscb,
1702 4707 1777 4757 Ir'oll..

419 4784 474 4837 192,
487 4782 521 4829 cf.
534 4782 657 4837 338-389;
669 4782 703 4828 ct.
717 4781 784 4830 llore.
808 4781 860 4828 liet.
874 4781 946 4838 Boia,
961 4782 980 4839 1,
994 4784 1047 4833 621.
1062 4797 1087 4830 n.
1102 4784 1169 4838 1132,
1185 4783 1254 4830 1133.
1266 4810 1298 4816 -
1309 4783 1331 4831 3.
1344 4781 1448 4842 berrue,
1465 4783 1587 4837 (1131111,
1609 4783 1643 4842 ΙΙ,
1657 4784 1711 4841 613,
1725 4784 1780 4831 616.

417 4884 450 4892 -
468 4857 490 4902 l.
507 4854 612 4912 Denifle,
627 4853 666 4912 11,,
676 4855 711 4914 11,
729 4855 784 4911 363,
798 4857 851 4909 361,
865 4857 919 4912 366,
933 4857 1064 4913 3611392,
1077 4857 1191 4913 sos-596,
1205 4857 1258 4905 625.
1272 4855 1423 4908 successeur
1435 4869 1493 4905 sans
1504 4857 1582 4905 doute
1599 4856 1736 4905 ir'l'ournai
1748 4856 1779 4904 ‹lc

419 4930 540 4992 Philippo
552 4928 585 4977 de
596 4928 682 4976 Tbielt
694 4928 761 4988 (voa,
779 4928 905 4991 (lrapitra.
921 4929 954 4988 ll,
968 4928 1073 4986 2061-
1086 4933 1107 4977 5.
1120 4928 1182 4976 l'oir
1193 4944 1219 4980 n.
1232 4931 1271 4980 15.
1283 4957 1314 4965 -
1324 4932 1348 4985 6.
1361 4930 1423 4978 Voir
1440 4942 1465 4979 n.
1484 4931 1554 4981 1743.
