4650 6059
558 495 615 560 196
1018 491 1105 569 1345,
1130 491 1171 556 26
1193 490 1352 556 semer-1⁸¹
1372 509 1460 557 mars.

602 643 690 709 Item
706 664 813 729 supp,
828 649 921 727 quat.
937 641 1008 722 sibi,
1022 642 1112 727 quod
1127 662 1190 708 uec
1203 642 1287 707 infra
1297 650 1431 729 tempus
1442 643 1485 709 dc
1503 644 1737 710 consecrandis
1752 645 1920 732 episcopis

558 770 578 815 a
598 749 672 833 jure
695 754 868 826 statutum,
883 765 947 811 nec
973 745 1077 811 etiam
1093 747 1180 811 ultra
1197 746 1287 827 illud,
1304 767 1409 831 usque
1426 747 1470 813 ad
1485 768 1609 813 novem
1625 769 1769 830 menses,
1788 759 1922 836 tempus

559 853 667 936 ipsum
692 849 887 914 immediate
911 857 1098 933 sequentes,
1125 849 1314 934 hujusmodi
1341 870 1463 916 munus
1489 851 1751 918 consecrationis
1771 852 1920 938 recipere

559 962 735 1032 teneatur;
750 952 914 1037 generalis
932 952 1065 1018 concilii
1085 960 1119 1017 et
1135 953 1284 1037 qualibet
1311 954 1377 1019 alia
1394 954 1635 1020 constitutione
1662 957 1833 1020 contraria
1855 977 1921 1022 non

561 1061 658 1137 obst,
675 1055 859 1123 concedere
873 1056 1056 1140 dignemini
1073 1056 1115 1121 de
1130 1077 1177 1141 gr.
1194 1057 1343 1143 speciali.
1359 1098 1403 1107 —
1419 1057 1496 1123 Fiat
1512 1057 1552 1123 R.

607 1162 686 1226 Dat.
703 1181 757 1247 ap.
773 1159 1024 1225 Villamnovam
1040 1182 1060 1244 4
1076 1159 1144 1225 kal.
1159 1168 1257 1226 mart.
1273 1166 1306 1225 a⁰
1322 1168 1365 1245 3⁰.
1382 1163 1431 1245 (6,
1447 1162 1533 1246 46').

613 1309 726 1390 797.
1576 1339 1672 1403 1345,
1689 1321 1881 1408 adfevrzer.

606 1427 695 1511 Sign.
713 1423 942 1511 Raymundus,
953 1423 1053 1510 episc.
1068 1422 1339 1508 Morinen.,quod
1348 1444 1464 1511 nuper,
1474 1432 1654 1510 postquam
1668 1424 1711 1490 de
1726 1424 1922 1511 episcopatu

565 1529 733 1595 Morinen.
757 1528 895 1594 recessit
918 1548 980 1613 pro
1005 1527 1174 1594 veniendo
1189 1528 1232 1594 ad
1248 1528 1279 1594 S.
1296 1527 1347 1609 V.,
1363 1528 1511 1613 ejusdem
1527 1528 1675 1615 episcopi
1691 1528 1808 1594 vicarii
1826 1532 1868 1594 ab
1884 1550 1922 1594 eo

564 1654 662 1719 super
685 1634 752 1697 hoc
774 1639 981 1717 potestatem
1005 1632 1169 1698 habentes
1192 1652 1266 1698 can.
1290 1641 1325 1697 et
1348 1634 1441 1718 preb.
1457 1633 1539 1697 eccl.
1556 1631 1594 1697 B.
1613 1631 1662 1698 M.
1678 1632 1720 1697 de
1737 1631 1923 1717 Fauquem·

563 1738 687 1821 berghe
700 1745 735 1801 et
750 1744 967 1822 personatum
982 1735 1025 1801 de
1042 1734 1188 1817 Memes,
1206 1735 1374 1802 Morinen.
1389 1736 1487 1816 dioc,
1503 1756 1544 1801 ac
1559 1735 1678 1821 capell.
1694 1734 1725 1800 S.
1742 1735 1883 1820 Spiritus
1893 1736 1922 1799 in

565 1841 647 1906 eccl.
665 1839 833 1904 Morinen.
843 1839 887 1905 ad
897 1839 998 1925 ipsius
1013 1840 1114 1925 episc.
1125 1842 1202 1907 coll.
1213 1848 1405 1926 spectantes
1416 1860 1457 1905 ac
1466 1859 1526 1925 per
1537 1841 1591 1904 ob.
1604 1838 1693 1903 Petri
1704 1839 1747 1905 de
1758 1839 1894 1905 Dohem
1907 1850 1923 1920 ¹,

564 1944 620 2028 qui
652 1945 741 2027 ipsos
772 1943 946 2008 obtinebat
976 1964 1059 2024 vac,
1089 1952 1171 2010 tunc
1202 1943 1372 2009 Bemardo
1401 1942 1444 2008 de
1475 1942 1696 2023 CasthanacO,
1732 1944 1811 2009 cler.
1840 1943 1925 2010 dioc.

567 2047 739 2126 Rivorum,
755 2046 836 2112 dicti
853 2047 955 2132 episc.
970 2047 1098 2132 nepoti,
1115 2048 1329 2114 contulerunt
1344 2055 1379 2112 et
1395 2048 1612 2134 providerunt
1627 2048 1669 2113 de
1685 2048 1759 2113 illis.
1777 2047 1823 2113 Et
1839 2047 1924 2113 idem

566 2152 864 2237 episc.,postquam
875 2150 917 2216 de
927 2150 1087 2236 predictis
1097 2152 1158 2217 sibi
1172 2151 1328 2232 innotuit,
1338 2152 1408 2236 jam
1417 2151 1543 2217 dictam
1555 2151 1783 2237 provisionem
1797 2160 1925 2236 gratam

566 2255 683 2319 habuit
714 2262 749 2318 et
778 2255 978 2340 acceptavit.
1006 2255 1092 2320 Cum
1116 2264 1240 2336 autem,
1268 2254 1370 2319 Pater
1393 2255 1459 2336 8⁹¹⁰,
1486 2275 1506 2319 a
1528 2254 1727 2338 quibusdam
1762 2262 1927 2320 asseratur

567 2359 741 2439 beneficia,
758 2379 822 2443 que
838 2358 928 2424 idem
944 2359 1113 2443 quondam
1130 2358 1248 2424 Petrus
1263 2359 1305 2425 de
1322 2358 1457 2424 Dohem
1472 2358 1657 2438 obtinebat,
1669 2358 1750 2423 dum
1767 2358 1879 2424 adhuc
1895 2360 1926 2423 in

457 2523 459 2525 ,
566 2463 720 2527 humanis
732 2469 855 2547 ageret,
868 2462 967 2527 fuisse
979 2461 1189 2548 dispositioni
1206 2462 1294 2528 sedis
1310 2470 1418 2547 apost.
1434 2461 1625 2547 specialiter
1639 2471 1820 2542 reservata,
1833 2484 1928 2548 supp.

566 2566 655 2632 idem
671 2566 773 2652 episc.
790 2573 880 2650 quat.
899 2565 1008 2652 [dicto
1023 2565 1139 2650 nepoti
1155 2564 1232 2651 suo]
1251 2565 1293 2630 de
1308 2565 1407 2630 dictis
1421 2567 1509 2645 ben,
1525 2565 1595 2629 sive
1610 2573 1780 2630 reservata
1795 2565 1929 2645 fuerint,

565 2669 635 2734 sive
665 2689 745 2749 non,
775 2668 960 2734 dummodo
985 2669 1080 2734 alteri
1106 2668 1140 2733 in
1168 2669 1216 2733 eis
1242 2670 1296 2754 jus
1318 2669 1352 2733 in
1377 2688 1412 2732 re
1436 2667 1604 2753 quesitum
1634 2689 1703 2734 non
1733 2668 1843 2749 fuerit,
1868 2670 1929 2755 ipsi

567 2772 737 2837 Bemardo
752 2781 848 2837 motu
863 2772 999 2859 proprio
1014 2772 1196 2857 dignemini
1213 2772 1401 2857 providere.
1417 2812 1461 2822 —
1477 2770 1552 2836 Fiat
1570 2770 1611 2836 R.

612 2876 688 2940 Dat.
706 2896 759 2961 ap.
776 2874 1025 2941 Villamnovam
1041 2898 1060 2960 4
1077 2874 1142 2941 kal.
1163 2884 1260 2941 mart.
1277 2883 1311 2940 a⁰
1328 2884 1369 2960 3⁰.
1387 2877 1435 2957 (6,
1454 2880 1531 2960 56l).

620 3026 1677 3125 798.1345,
1694 3059 1736 3124 27
1744 3040 1887 3127 s'e‘vrier.

611 3146 712 3229 Supp.
739 3143 1002 3228 R(aymundus),
1024 3145 1125 3232 episc.
1152 3143 1330 3224 Morinen.,
1347 3144 1437 3230 quod
1453 3144 1612 3209 ecclesias
1634 3152 1669 3209 et
1692 3144 1857 3209 cimiteria
1874 3165 1932 3210 sue

568 3249 632 3314 cir.
657 3255 691 3311 et
715 3246 835 3312 dioc...
851 3268 911 3332 per
933 3249 1078 3333 aliquem
1099 3249 1309 3314 sacerdotem
1325 3248 1497 3333 ydoneum
1517 3247 1732 3333 reconciliare
1748 3249 1874 3313 valeat.
1889 3290 1932 3297 —

571 3351 648 3416 Fiat
663 3351 697 3414 in
714 3350 820 3416 forma
835 3352 877 3417 ad
892 3352 1073 3416 triennium
1089 3351 1129 3416 R.

603 3454 693 3518 Dat.
711 3474 764 3539 ap.
781 3453 1031 3520 Villamnovam
1050 3477 1067 3539 3
1084 3456 1149 3520 kal.
1166 3465 1263 3521 mart.
1280 3463 1314 3520 a⁰
1331 3464 1372 3539 3⁰.
1391 3460 1440 3534 (6,
1457 3459 1542 3539 46l).

622 3610 736 3692 799.
1609 3643 1702 3706 1345,
1727 3629 1768 3687 1⁰¹
1784 3645 1889 3687 marc.

615 3730 716 3812 Supp.
734 3726 862 3805 Petrus,
875 3726 927 3791 tit.
944 3727 975 3791 S.
992 3726 1140 3791 Susanne
1156 3730 1264 3812 presb.
1281 3725 1371 3791 card.
1387 3736 1407 3805 ²,
1424 3734 1516 3809 quat.
1534 3746 1609 3790 cum
1626 3726 1834 3811 prepositura
1850 3728 1933 3792 eccl.

571 3834 602 3896 S.
621 3830 758 3894 Martini
772 3829 1002 3911 Wormatien,
1019 3852 1118 3913 quam
1135 3831 1266 3896 obtinet
1276 3830 1366 3895 dom.
1379 3830 1609 3913 Engelbertus,
1622 3830 1749 3894 electus
1761 3828 1933 3907 Leodien,

572 3956 631 4020 per·
657 3934 907 4018 promotionem
944 3943 978 3999 et
1013 3935 1301 4000 consecrationem
1339 3955 1459 4000 vacare
1491 3941 1640 4019 speretur
1671 3933 1703 3996 in
1733 3933 1839 4011 brevi,
1873 3934 1932 3997 sibi

570 4038 752 4120 dignemini
772 4058 949 4101 reservare.
966 4037 1101 4103 -Fiat
1119 4038 1157 4102 R.

617 4140 696 4203 Dat.
713 4160 766 4224 ap.
782 4138 1032 4205 Villamnovam
1049 4142 1114 4207 kal.
1131 4151 1227 4207 mart.
1245 4150 1278 4206 a⁰
1296 4151 1338 4225 3⁰.
1355 4142 1403 4225 (6,
1422 4148 1489 4225 55).

628 4294 747 4374 800.
1615 4324 1676 4387 134
1679 4324 1710 4385 5,
1728 4310 1770 4369 1er
1786 4327 1890 4369 mars.

618 4412 719 4497 Supp.
746 4409 765 4487 J
769 4410 918 4476 ohannes
939 4411 1062 4496 Ogerii,
1079 4414 1227 4477 decanus
1243 4412 1325 4477 eccl.
1343 4410 1381 4475 B.
1399 4409 1448 4474 M.
1465 4408 1638 4491 Belnensis
1653 4419 1673 4488 ³,
1690 4407 1821 4474 Eduen.
1836 4409 1933 4487 dioc,

574 4519 637 4601 leg.
653 4516 754 4594 doct,
770 4507 860 4579 nunc
877 4525 985 4600 apost.
998 4517 1084 4581 sedis
1101 4517 1133 4579 in
1152 4517 1291 4580 Remen.
1308 4514 1478 4601 provincia
1495 4534 1535 4578 ac
1552 4514 1631 4577 olim
1644 4514 1677 4577 in
1694 4512 1886 4597 Burgundia
1901 4523 1935 4576 et

576 4618 771 4704 quibusdam
794 4619 865 4682 aliis
886 4621 1035 4704 partibus
1053 4621 1202 4700 nuncius,
1221 4627 1310 4704 quat.
1327 4619 1387 4684 sibi
1404 4639 1479 4683 can.
1495 4626 1529 4681 et
1545 4620 1647 4703 preb,
1664 4637 1748 4700 quos
1763 4617 1935 4700 quondam

577 4724 743 4788 Robertus
767 4721 808 4785 de
837 4721 1046 4804 Malodumo,
1064 4724 1117 4808 qui
1135 4725 1169 4787 in
1186 4724 1250 4787 illis
1265 4723 1416 4808 partibus
1438 4721 1527 4786 diem
1552 4721 1671 4786 clausit
1686 4728 1885 4797 extremum,
1903 4720 1934 4782 in

577 4864 826 4875 -—-——

611 4934 630 4978 l.
643 4932 704 4979 Voir
716 4946 741 4978 n.
755 4933 808 4978 795.
820 4956 852 4963 -
864 4932 886 4976 2.
901 4929 984 4976 Pierre
998 4929 1130 4976 Bortrand.
1144 4956 1174 4961 -
1187 4930 1209 4975 3.
1221 4928 1283 4974 Voir
1295 4941 1321 4976 n.
1334 4928 1387 4974 678.
