4650 6059
558 790 614 853 150
1012 786 1099 858 1314,
1121 784 1156 848 31
1176 781 1327 863 jamin-5
1350 780 1467 848 1611161.

558 941 706 1019 cuerit...
723 935 863 1020 elargiri.
877 936 1007 1002 -Fiat
1022 938 1064 1003 de
1081 958 1148 1002 uno
1164 956 1254 1001 anno
1270 944 1305 1000 et
1320 956 1387 1001 una
1398 933 1612 1021 quadragena
1628 934 1662 997 in
1674 932 1920 1013 festivitatibus,

560 1047 591 1109 in
610 1043 741 1109 octavis
757 1050 791 1105 et
807 1060 867 1125 per
882 1049 1021 1107 octavas
1036 1042 1079 1107 de
1094 1049 1232 1107 centum
1252 1040 1378 1105 diebus.
1394 1080 1437 1088 -
1455 1039 1495 1105 R.

605 1150 684 1212 Dat.
698 1146 797 1210 Aviu.
815 1166 832 1209 2
850 1143 915 1209 kal.
932 1144 1012 1209 febr.
1030 1151 1063 1209 a⁰
1077 1151 1118 1208 2⁰.
1136 1145 1187 1224 (4,
1209 1141 1299 1227 163).Ι

613 1286 855 1371 651-653.
1573 1309 1668 1375 1344,
1684 1310 1726 1374 31
1738 1288 1879 1370 januier.

608 1405 769 1490 [Rotulus
784 1419 967 1487 pauperum
988 1394 1234 1482 clericomm...]
1253 1395 1354 1481 Supp.
1374 1394 1482 1481 [quat.
1498 1393 1682 1479 dignemini
1698 1393 1915 1480 providere...]

607 1507 694 1572 Item
719 1504 913 1582 GorlefridO,
930 1510 1013 1566 nato
1037 1500 1183 1566 condam
1202 1498 1389 1565 Franconis
1404 1497 1446 1563 de
1464 1497 1568 1580 Maef,
1584 1497 1747 1565 Leodien.
1763 1498 1860 1579 dioc,
1880 1498 1916 1563 ad

563 1615 640 1678 coll.
656 1622 721 1676 etc.
738 1610 849 1695 episc,
866 1607 938 1672 dec.
955 1613 989 1668 et
1005 1625 1079 1689 cap.
1097 1602 1257 1669 Leodien.
1275 1603 1326 1686 (4,
1346 1603 1432 1687 185).

606 1755 690 1816 652.
720 1747 808 1811 Item
836 1765 930 1830 supp.
958 1742 1151 1828 Amulplrus
1175 1741 1216 1806 de
1244 1740 1400 1826 Stapulis,
1423 1743 1531 1832 presb.
1557 1739 1726 1806 Morinen.
1757 1741 1854 1822 dioc,
1882 1740 1915 1805 de

564 1855 683 1938 capell.
708 1852 740 1916 S.
766 1849 881 1914 Crucis
897 1848 930 1911 in
948 1846 1152 1911 monasterio
1177 1844 1375 1910 monialium
1392 1843 1429 1909 B.
1448 1843 1496 1910 M.
1514 1842 1741 1926 Messinensis,
1759 1842 1916 1911 Morinen.

564 1956 661 2036 dioc,
679 1976 751 2019 vac.
776 1974 835 2039 per
856 1956 910 2017 ob.
927 1950 1034 2015 ultimi
1051 1949 1225 2035 capellani,
1243 1948 1297 2033 qui
1315 1948 1347 2012 in
1373 1948 1471 2013 Rom.
1491 1968 1558 2013 cur.
1579 1947 1669 2013 diem
1685 1949 1807 2014 clausit
1821 1958 1918 2014 extre·

565 2081 668 2139 mum,
696 2059 790 2142 cujus
814 2057 969 2120 fructus..
1002 2075 1037 2137 15
1063 2054 1119 2118 lib.
1144 2052 1222 2117 Tur.
1244 2052 1393 2117 valorem
1419 2072 1568 2116 annuum
1590 2072 1660 2117 non
1681 2051 1859 2118 excedunt.
1884 2091 1920 2102 —-

566 2162 644 2228 Fiat
661 2162 701 2227 R.
719 2164 771 2246 (4,
794 2163 879 2242 186).

609 2306 690 2365 653.
708 2300 809 2383 Supp.
826 2297 867 2361 de
884 2295 996 2361 officio
1011 2295 1258 2359 tabellionatus.
1280 2330 1312 2341 -
1332 2291 1484 2358 Amoldo
1499 2292 1658 2359 Willelmi
1675 2293 1766 2359 Ruffi
1781 2294 1824 2360 de
1840 2294 1922 2360 Ton-

568 2403 642 2486 gris,
656 2404 733 2466 cler.
750 2400 910 2465 Leodien.
930 2400 1016 2465 dioc,

610 2506 690 2570 Dat.
707 2505 806 2569 Acin.
824 2525 841 2567 2
858 2502 923 2567 kal.
941 2502 1020 2567 febr.
1038 2510 1071 2567 a⁰
1089 2510 1128 2568 2⁰.
1146 2504 1197 2585 (4,
1219 2503 1303 2586 186).

618 2644 735 2724 654.
1605 2675 1700 2739 1544,
1717 2679 1735 2739 ,r
1745 2656 1887 2743 sevrier.

610 2761 711 2845 Supp.
730 2760 927 2826 Franciscus
938 2760 1048 2825 dictus
1063 2762 1094 2824 le
1105 2759 1261 2826 Boclreus
1274 2770 1292 2841 ¹,
1305 2759 1523 2825 buticularius
1534 2759 1635 2845 episc.
1646 2758 1842 2840 Belvacen,
1855 2760 1929 2825 cler.

569 2864 798 2943 Cameracen,
824 2874 916 2947 quat.
941 2864 983 2929 de
1011 2863 1122 2947 aliqua
1156 2864 1380 2929 matricularia
1407 2885 1465 2929 seu
1490 2863 1641 2929 custodia
1658 2863 1701 2929 ad
1728 2864 1805 2928 coll.
1830 2863 1929 2949 episc.

567 2967 756 3032 Tomacen.
773 2988 812 3033 ac
829 2970 989 3032 abbatum
1005 2966 1036 3032 S.
1053 2966 1145 3031 Petri
1161 2975 1195 3031 et
1212 2967 1243 3033 S.
1261 2966 1409 3033 Bavonis
1425 2966 1623 3047 Gandensis,
1639 2965 1818 3031 Tomacen
1834 2966 1929 3044 dioc,

567 3072 750 3155 dignemini
768 3071 953 3157 providere.
968 3112 1012 3119 -
1029 3070 1106 3135 Fiat
1124 3071 1164 3137 R.

610 3176 690 3240 Dat.
711 3176 810 3240 Avin.
829 3197 846 3240 2
863 3196 943 3240 non.
960 3175 1039 3239 sebr.
1057 3183 1090 3238 a⁰
1107 3184 1148 3240 2⁰.
1166 3179 1216 3259 (4,
1237 3178 1322 3259 169).

619 3311 733 3393 655.
1604 3346 1699 3411 1344,
1714 3344 1736 3409 5
1743 3326 1887 3413 sevrier.

611 3426 699 3509 Sign.
730 3426 903 3502 Jolrannes
931 3426 1088 3491 Portuen.
1115 3437 1149 3491 et
1188 3428 1220 3493 S.
1250 3429 1383 3494 Ruffine
1413 3429 1514 3516 episc.
1545 3428 1644 3510 card,
1671 3429 1763 3513 quod
1790 3429 1824 3494 in
1849 3431 1931 3496 eccl.

568 3528 728 3594 Leodien.
752 3536 863 3614 preter
887 3530 1105 3596 canonicatus
1132 3539 1166 3595 et
1183 3531 1378 3616 prebendas,
1396 3534 1452 3617 qui
1476 3532 1694 3599 canonicatus
1709 3518 1772 3619 ipsi
1788 3533 1930 3599 ecclesie

567 3632 787 3716 assignantur,
805 3641 882 3697 sunt
898 3634 955 3698 alii
971 3634 1192 3700 canonicatus
1208 3643 1242 3700 et
1257 3636 1438 3721 prebende,
1454 3637 1510 3720 qui
1536 3637 1567 3703 S.
1586 3635 1733 3702 Materni
1750 3638 1931 3723 vulgariter

567 3744 812 3821 nuncupantur,
838 3739 990 3802 consueti
1018 3739 1146 3804 clericis
1171 3740 1372 3806 secularibus
1397 3740 1579 3825 assignari;
1604 3743 1825 3825 quamobrem
1844 3740 1882 3807 E.
1899 3741 1930 3806 S.

567 3863 662 3927 supp.
677 3842 787 3907 dictus
802 3840 821 3918 J
825 3842 986 3921 ohannes,
1003 3852 1094 3926 quat.
1111 3843 1278 3929 [servitori
1295 3843 1569 3930 suo,Dominico]
1590 3843 1717 3909 Donati
1732 3844 1776 3909 de
1793 3842 1931 3910 Floren-

567 3946 624 4027 tia,
634 3947 677 4012 de
687 3966 761 4012 can.
774 3945 962 4031 hujusmodi
976 3945 1007 4011 S.
1020 3943 1166 4011 Materni
1179 3947 1212 4011 in
1226 3946 1345 4012 eadem
1361 3949 1443 4012 eccl.
1465 3967 1505 4013 ac
1520 3950 1612 4034 preb.
1633 3947 1714 4014 dicti
1730 3948 1763 4013 S.
1780 3946 1929 4013 Materni

567 4050 749 4134 dignemini
761 4049 936 4134 providere
952 4073 960 4128 ;
978 4050 1124 4134 alioquin
1138 4053 1231 4135 preb.
1242 4051 1273 4115 S.
1285 4049 1432 4117 Materni
1446 4050 1585 4138 predicti
1598 4051 1632 4117 in
1648 4052 1730 4118 eccl.
1742 4062 1931 4118 memorata

568 4154 717 4235 proxime
730 4161 936 4233 vacaturam,
952 4154 1060 4218 eidem
1078 4154 1259 4220 Dorninico
1272 4155 1520 4237 conferendam,
1536 4155 1719 4241 dignemini
1734 4176 1906 4222 reservare
1921 4180 1930 4236 ;

568 4275 636 4317 non
657 4258 743 4318 obst.
771 4256 861 4336 quod
887 4256 995 4320 dictus
1015 4258 1213 4324 Dominicus
1237 4260 1343 4325 altare
1366 4260 1397 4324 S.
1415 4259 1600 4325 Katherine
1616 4270 1651 4325 et
1666 4259 1698 4325 S.
1713 4258 1883 4339 Johannis
1898 4261 1931 4325 in

567 4357 659 4422 dicta
675 4359 767 4437 eccl,
786 4360 935 4422 valorem
954 4379 994 4441 30
1011 4362 1198 4427 modiorum
1215 4365 1322 4449 spelte
1335 4364 1388 4428 vel
1402 4364 1489 4430 circa
1505 4384 1654 4430 annuum
1669 4384 1739 4429 non
1752 4364 1930 4444 excedens,

568 4481 673 4546 nuper
699 4461 860 4540 obtineat,
888 4461 978 4546 quod
1001 4472 1136 4547 paratus
1163 4475 1213 4531 est
1241 4467 1379 4532 6111111116
1402 4467 1583 4550 dimittere,
1599 4489 1676 4534 cum
1702 4468 1931 4555 predictorum

568 4586 643 4631 can.
659 4572 694 4630 et
709 4568 801 4651 preb.
819 4568 1062 4650 possessionem
1078 4571 1254 4654 pacificam
1270 4570 1368 4635 fuerit
1385 4580 1565 4638 assecutus.
1581 4612 1625 4621 -
1641 4571 1719 4637 Fiat
1736 4571 1776 4637 R.

611 4669 692 4735 Dat.
708 4669 807 4733 Avin.
824 4690 902 4735 11611.
919 4670 998 4737 febr.
1012 4680 1045 4737 a⁰
1062 4680 1104 4738 2⁰.
1122 4673 1173 4756 (4,
1195 4675 1283 4757 1681)

619 4806 735 4891 656.
876 4869 879 4874 -
1590 4844 1685 4910 1344,
1708 4845 1729 4907 5
1744 4826 1890 4915 scurier.

611 4926 712 5012 Supp.
738 4925 928 5011 pelliparius
954 4935 1064 4991 vester
1089 4927 1255 4994 Walterus
1279 4930 1388 4995 dictus
1413 4929 1518 4995 Gorre
1534 4939 1553 5011 ',
1581 4937 1674 5015 quat.
1705 4928 1840 5017 [nepoti
1861 4952 1933 5011 suo,

568 5028 764 5115 Guillelmo]
788 5029 956 5095 Guillelrni
978 5031 1059 5096 dicti
1077 5031 1192 5113 Gorre,
1208 5033 1250 5098 de
1267 5033 1418 5114 Colonia,
1435 5035 1523 5115 cler,
1540 5033 1582 5099 de
1599 5055 1672 5101 can.
1689 5043 1724 5100 et
1739 5037 1834 5120 preb.
1850 5037 1935 5102 eccl.

599 5230 620 5276 1.
631 5227 693 5276 Voir
704 5242 729 5275 n.
742 5228 796 5276 ubl.
815 5256 846 5261 —
864 5230 886 5276 2.
899 5229 960 5276 Voir
971 5244 996 5278 n.
1010 5231 1066 5279 638.
