4650 6059
481 757 521 820 54
1014 753 1099 826 1342,
1124 753 1157 815 16
1181 754 1310 819 octobre.
1460 833 1466 845 ι

532 904 765 988 251-252.
1491 939 1586 1003 1342,
1602 918 1644 982 16
1660 920 1796 983 octobre.

525 1024 625 1109 Supp.
641 1021 837 1101 Willelmus,
854 1040 968 1085 comes
993 1018 1161 1099 Hanonie,
1178 1026 1268 1103 quat.
1284 1040 1360 1084 cum
1376 1041 1492 1106 preces
1512 1042 1580 1101 sue,
1596 1042 1662 1087 una
1678 1042 1756 1087 cum
1771 1043 1834 1108 pre-

482 1128 574 1192 cibus
592 1126 631 1190 R.
649 1125 685 1190 P.
702 1124 793 1190 dom.
807 1122 975 1203 Anibaldi,
986 1123 1087 1207 episc.
1103 1121 1293 1202 Tusculani,
1304 1130 1338 1187 et
1353 1122 1373 1201 J
1376 1124 1527 1206 ohannis,
1543 1125 1638 1190 ducis
1653 1124 1834 1206 Brabantie,

482 1251 563 1313 quas
579 1228 707 1313 pridem
730 1226 840 1291 eidem
856 1225 888 1289 S.
904 1225 944 1290 V.
961 1225 1087 1305 effudit,
1103 1245 1165 1310 pro
1182 1246 1265 1306 can..
1281 1229 1383 1312 preb.,
1399 1229 1617 1314 prepositura,
1633 1237 1669 1294 et
1683 1228 1837 1295 archidia-

482 1341 606 1397 conatu
622 1330 783 1396 canonice
799 1328 910 1408 unitis,
927 1349 986 1413 per
998 1331 1051 1393 ob.
1073 1329 1242 1413 quondam
1260 1328 1436 1414 Ingelrami
1452 1332 1494 1397 de
1520 1331 1600 1398 Fifis
1617 1342 1635 1414 ¹,
1661 1316 1775 1399 ultimi
1795 1332 1837 1399 di·

482 1444 612 1501 ctorum
629 1454 712 1513 can,
728 1441 763 1498 et
779 1434 881 1517 preb.,
902 1432 1120 1517 prepositure,
1144 1438 1179 1496 et
1202 1433 1489 1500 archidiaconatus
1505 1437 1669 1517 canonici,
1684 1434 1836 1523 prepositi

481 1548 516 1604 et
531 1537 755 1605 archidiaconi
772 1537 806 1600 in
822 1536 905 1600 eccl.
921 1534 960 1600 B.
985 1533 1034 1600 M.
1058 1534 1256 1620 Trajecteu,
1272 1544 1354 1603 tunc
1380 1559 1453 1604 vac.
1478 1548 1513 1604 et
1536 1540 1712 1605 donationi
1737 1547 1838 1626 apost

482 1642 666 1721 reservatis,
683 1639 893 1707 conferendis
909 1640 987 1704 cler.
998 1645 1032 1703 et
1048 1639 1238 1705 consiliario
1254 1661 1314 1705 suo
1328 1661 1416 1726 mag.
1429 1640 1464 1706 N
1466 1642 1595 1709 iccolao
1610 1642 1716 1729 Stuyc
1725 1653 1746 1724 ¹,
1758 1663 1839 1727 mag.

483 1749 514 1811 in
531 1755 602 1826 art,
619 1754 654 1811 et
669 1746 722 1811 lic.
739 1746 773 1808 in
788 1744 862 1827 leg,
879 1742 934 1826 qui
951 1741 1060 1806 eidem
1076 1741 1192 1807 comiti
1202 1745 1244 1807 ab
1260 1742 1362 1828 ipsius
1379 1743 1526 1826 infantia,
1535 1767 1576 1812 ac
1588 1746 1730 1812 celebris
1745 1766 1840 1811 mem

482 1851 652 1916 Willelmo
667 1848 752 1935 patri
776 1868 846 1927 su0,
863 1866 922 1931 per
937 1865 1004 1911 non
1032 1845 1166 1911 modica
1191 1853 1344 1939 tempora
1370 1847 1484 1914 sedula
1499 1849 1681 1915 devotione
1696 1848 1841 1928 servivit,

482 1976 548 2020 non
562 1954 755 2018 habuissent
770 1950 938 2028 effectum,
954 1968 1016 2033 pro
1031 1969 1073 2013 eo
1088 1949 1178 2032 quod
1201 1950 1318 2016 eadem
1335 1951 1366 2016 S.
1383 1950 1422 2017 V.
1439 1951 1571 2018 cuidam
1594 1974 1681 2038 mag.
1697 1950 1841 2031 Johanni

484 2059 613 2124 Doroer
624 2068 644 2137 ³,
657 2076 749 2122 sacre
765 2056 886 2141 pagine
901 2055 1087 2141 professori,
1099 2057 1142 2121 de
1158 2056 1206 2121 eis
1221 2056 1412 2141 providerat
1425 2078 1433 2135 ;
1444 2055 1574 2141 prefato
1588 2076 1676 2140 mag.
1689 2053 1843 2136 Nicolao,

483 2162 663 2248 specialem
678 2180 726 2244 gr.
737 2158 906 2240 facientes,
923 2158 1033 2224 eidem
1045 2160 1087 2225 de
1103 2180 1176 2225 can.
1193 2160 1226 2224 in
1244 2161 1325 2226 eccl.
1339 2159 1525 2225 Eboracen.
1534 2158 1720 2244 dignemini
1736 2159 1843 2246 provi·

482 2266 570 2340 dere,
587 2265 678 2349 preb.
695 2282 776 2327 vero
791 2262 891 2346 dign,
919 2264 973 2328 vel
997 2283 1093 2348 pers,
1121 2283 1180 2328 seu
1205 2263 1260 2328 off.
1279 2284 1308 2329 c.
1324 2284 1353 2329 c.
1369 2264 1422 2328 vel
1439 2285 1465 2329 s.
1480 2285 1520 2344 c.,
1536 2264 1625 2348 [vac.
1640 2264 1695 2328 vel
1711 2263 1844 2348 vacatl,

483 2367 718 2434 conferendam
735 2367 789 2430 vel
812 2365 1062 2445 conferendum,
1087 2366 1197 2431 eidem
1222 2388 1309 2451 mag.
1337 2366 1511 2448 Niccolao,
1536 2367 1720 2452 dignemini
1744 2387 1844 2433 reser-

483 2491 582 2549 vare;
599 2490 666 2534 non
683 2471 769 2534 obst.
786 2470 876 2553 quod
901 2470 990 2535 idem
1015 2491 1101 2554 mag.
1128 2469 1310 2535 Niccolaus
1335 2490 1408 2536 can.
1433 2478 1468 2535 et
1491 2473 1583 2557 preb.
1606 2470 1797 2556 Trajecten.
1811 2477 1845 2536 et

483 2572 520 2640 B.
537 2572 761 2638 Waldetrudis
778 2570 976 2653 Montensis,
993 2573 1220 2654 Cameracen,
1237 2581 1272 2638 et
1294 2574 1547 2660 preposituram,
1574 2574 1627 2640 cui
1653 2575 1746 2639 nulla
1769 2593 1844 2639 cura

482 2677 636 2741 imminet
659 2676 855 2756 animarum,
873 2674 1002 2742 Montis
1018 2676 1139 2757 Odilie,
1157 2676 1318 2743 Leodien.
1334 2678 1431 2759 dioc,
1455 2664 1681 2758 ecclesiarum,
1697 2677 1845 2743 noscitur

482 2781 643 2845 obtinere.
660 2820 702 2828 —
719 2778 795 2844 Fiat
811 2779 843 2842 in
860 2781 941 2845 eccl.
959 2779 1134 2845 Colonien.
1151 2779 1192 2846 R.

525 2932 609 2993 252.
628 2924 728 2990 Pater
743 2925 807 2991 8⁰¹⁹.
825 2926 856 2991 S.
869 2925 908 2992 V.
921 2927 1050 3012 pridem
1065 2947 1153 3011 mag.
1168 2925 1202 2991 N
1204 2927 1334 2992 iccolao
1349 2927 1465 3012 Stuyc,
1481 2926 1701 2993 ambaxiatori
1715 2926 1846 2993 comitis

484 3031 651 3111 Hanonie,
660 3031 756 3116 juxta
772 3029 913 3095 formam
929 3029 1183 3116 supplicationis
1198 3031 1408 3116 presentibus
1423 3052 1563 3112 annexe,
1574 3052 1620 3117 gr.
1636 3030 1741 3097 fecit·
1757 3050 1843 3117 spec.

482 3138 622 3222 quesibi
640 3144 690 3201 est
707 3135 842 3213 inutilis,
858 3133 920 3197 nisi
948 3134 981 3196 in
1008 3133 1098 3198 dicta
1126 3134 1291 3219 petitione
1315 3134 1346 3199 S.
1363 3133 1403 3199 V.
1421 3143 1526 3220 ponat
1549 3136 1733 3201 clausulam
1749 3134 1843 3200 infra-

482 3249 604 3305 sertam
630 3239 788 3304 videlicet
808 3258 815 3301 :
832 3257 901 3301 non
918 3239 1003 3301 obst.
1031 3237 1283 3318 consuetudine,
1300 3244 1427 3302 statuto
1442 3259 1501 3303 seu
1517 3239 1729 3304 observantia
1746 3237 1843 3303 Colo

482 3344 570 3407 nien.
594 3342 745 3420 ecclesie,
769 3341 888 3424 quibus
913 3347 1059 3419 cavetur,
1087 3340 1177 3424 quod
1203 3341 1284 3404 nulli
1309 3341 1371 3405 nisi
1398 3342 1503 3423 liberi,
1529 3341 1660 3407 nobiles
1685 3362 1729 3406 ex
1752 3340 1841 3407 omni

482 3448 596 3525 latere,
612 3444 655 3510 ad
670 3444 886 3510 canonicatus
902 3450 937 3506 et
952 3443 1137 3527 prebendas
1152 3442 1301 3527 ejusdem
1323 3446 1417 3524 eccl,
1433 3454 1645 3530 preterquam
1661 3445 1705 3511 ad
1721 3444 1841 3531 presbi-

482 3550 612 3627 terales,
643 3547 896 3632 quomodolibet
912 3545 1142 3611 admittantur.
1159 3546 1206 3611 Et
1229 3546 1319 3631 quod
1345 3555 1493 3613 transeat
1508 3550 1569 3613 sub
1584 3547 1664 3614 data
1679 3548 1839 3635 supplica·

483 3652 584 3717 tionis
599 3651 747 3737 superius
763 3650 968 3735 consignate.
983 3650 1116 3716 —Fiat
1130 3661 1169 3715 ut
1184 3651 1309 3736 petitur
1325 3650 1365 3716 R.

527 3756 606 3820 Dat.
622 3755 721 3819 Avin.
742 3773 779 3838 17
795 3753 862 3819 kal.
878 3775 956 3819 nov.
973 3762 1006 3818 a⁰
1026 3762 1065 3819 1⁰.
1082 3754 1126 3838 (l,
1144 3776 1161 3819 2
1167 3757 1248 3839 59').

532 3901 644 3988 253.
1492 3936 1587 4001 1542,
1604 3917 1646 3980 16
1661 3919 1800 3982 octobre.

526 4021 627 4107 Supp.
655 4020 782 4099 Petrus,
809 4039 923 4083 comes
937 4017 979 4082 de
996 4016 1182 4099 Coconat0,
1199 4018 1464 4102 consanguineus
1487 4020 1690 4086 marchionis
1716 4018 1837 4086 Montis

484 4125 621 4205 Ferrati‚
638 4133 728 4209 quat.
745 4123 816 4203 sibi,
827 4143 927 4206 quern
942 4121 1052 4187 dictus
1066 4122 1156 4188 dom.
1169 4123 1320 4188 marchio
1336 4122 1368 4188 S.
1378 4121 1417 4187 V.
1430 4144 1491 4209 per
1505 4145 1580 4189 suas
1594 4124 1724 4189 litteras
1733 4122 1837 4189 efficu-

483 4228 566 4292 citer
580 4226 843 4305 recommandat,
860 4225 990 4291 decan.
1008 4227 1089 4291 eccl.
1114 4226 1274 4292 Leodien.
1290 4227 1470 4313 dignemini
1498 4228 1684 4314 providere,
1701 4237 1737 4293 et
1751 4230 1836 4314 preb.

483 4350 661 4411 reservare,
677 4351 746 4395 non
770 4333 856 4396 obst.
872 4333 962 4415 quod
978 4332 1012 4396 in
1029 4333 1110 4397 eccl.
1139 4332 1279 4397 Remen.
1304 4353 1377 4397 can.
1394 4343 1428 4396 et
1443 4335 1535 4418 preb.
1551 4353 1591 4397 ac
1606 4352 1699 4418 perp.
1726 4333 1837 4418 capell.

482 4434 524 4499 de
540 4433 685 4518 Vocoys,
702 4432 883 4500 Virdunen.
900 4433 998 4514 dioc,
1022 4442 1057 4498 et
1080 4434 1170 4517 quod
1193 4435 1227 4498 in
1239 4435 1320 4499 eccl.
1337 4435 1464 4521 Spiren.
1488 4456 1557 4501 can.
1581 4437 1643 4501 sub
1658 4456 1736 4522 exp.
1752 4437 1837 4521 preb.

482 4538 630 4603 noscitur
645 4537 807 4602 obtinere.
823 4578 866 4585 —
883 4536 958 4603 Fiat
978 4537 1017 4603 R.
1245 4541 1249 4548 ’

526 4641 604 4706 Dat.
619 4642 719 4706 Avin.
741 4660 777 4725 17
794 4641 859 4707 kal.
875 4662 953 4706 nov.
969 4649 1002 4705 a⁰
1022 4651 1060 4705 1⁰.
1078 4640 1121 4725 (l,
1140 4644 1244 4725 261').

512 4829 540 4890 a)
557 4828 613 4877 (lid.
627 4830 724 4877 foverit.

513 5039 534 5085 l.
548 5037 710 5086 volvatur.
723 5066 755 5071 -
772 5041 795 5086 2.
810 5038 891 5095 lirum,
906 5038 925 5095 l,
938 5052 963 5085 n.
975 5039 1030 5097 935.
1047 5053 1052 5093 ;
1072 5039 1105 5087 ci.
1126 5037 1257 5095 Devillers
1281 5037 1349 5087 θινὶ.
1367 5036 1410 5085 dcc
1430 5037 1481 5086 ΟΨ
1497 5036 1528 5085 dc
1544 5038 1674 5096 Hal-naut,
1692 5038 1737 5097 VI,
1756 5040 1836 5096 index.

480 5125 504 5173 p.
517 5113 582 5164 989:
600 5110 668 5159 (hrt.
681 5112 712 5159 do
724 5110 900 5170 saltandi-21,
914 5111 948 5167 ΙΙ,
962 5112 1008 5159 loo
1021 5128 1027 5170 ;
1040 5112 1123 5169 Vidal,
1136 5126 1161 5159 n.
1174 5113 1244 5159 2887.
1258 5140 1289 5146 —-
1305 5114 1327 5159 3.
1346 5111 1411 5160 Jean
1429 5110 1531 5160 d’Oroir
1551 5110 1598 5173 (dc
1619 5111 1755 5175 Oratorio)
1769 5130 1775 5173 ;
1787 5115 1837 5160 voir

479 5199 504 5232 u.
519 5187 574 5233 230.
