4650 6059
961 759 1047 833 1350,
1070 758 1111 823 25
1132 758 1275 824 leuior-9
1297 774 1385 822 mars.
1755 835 1761 842 ,
1783 760 1848 824 497

536 911 847 996 1907-1909.
1486 927 1582 1008 1350,
1606 944 1647 1006 25
1662 925 1804 1010 sevrr'er.

526 1032 674 1095 Rutulus
691 1030 980 1117 confirmationum
1004 1030 1200 1093 erectoritate
1215 1029 1399 1093 ordinaria.

527 1135 616 1200 Item
629 1134 880 1201 collationem...
898 1132 1065 1197 Cristiano
1091 1131 1134 1197 de
1162 1130 1280 1196 Burrde
1297 1138 1318 1211 ¹,
1341 1129 1503 1197 Leodien.
1528 1131 1627 1211 dioc„
1652 1131 1694 1197 de
1721 1152 1796 1197 can.
1812 1139 1848 1196 et

478 1243 576 1324 preb.
594 1258 634 1304 ac
650 1237 833 1317 scolastria‚
849 1257 915 1321 que
931 1245 982 1300 est
1007 1235 1156 1301 officium
1179 1234 1251 1299 sine
1272 1254 1351 1300 cura
1374 1235 1515 1300 ecclesie
1531 1236 1563 1301 S.
1581 1235 1739 1301 Rumoldi
1756 1234 1846 1301 Mar-

479 1341 662 1421 cliniensis,
680 1340 896 1406 Cameracen.
912 1340 1010 1420 dioc„
1026 1359 1099 1404 vac.
1115 1358 1177 1423 per
1191 1340 1246 1404 ob.
1262 1336 1434 1422 quondam
1450 1336 1613 1405 Bonisacii
1630 1339 1674 1404 de
1690 1338 1809 1404 Platea
1825 1350 1845 1405 ².

478 1487 525 1497 —
543 1445 620 1510 Fiat
632 1445 674 1511 R.

526 1549 607 1614 Dat.
623 1549 723 1613 Asin.
741 1569 758 1631 5
776 1547 843 1613 kal.
859 1554 956 1612 mart.
973 1553 1006 1611 a⁰
1022 1548 1065 1611 8⁰.
1087 1547 1158 1629 (18,
1179 1549 1267 1630 177).

528 1693 632 1753 1908.
651 1685 738 1751 Item
760 1687 1008 1752 collationem...
1024 1684 1248 1764 Theodorico,
1274 1685 1446 1750 monacho
1471 1683 1664 1749 monasterii
1682 1682 1713 1747 S.
1730 1683 1845 1768 Sepul-

481 1789 528 1853 cri
557 1788 786 1869 Cameracen,
803 1788 844 1854 Ο.
862 1789 893 1853 S.
921 1786 970 1868 B„
997 1787 1039 1853 de
1060 1789 1271 1874 prepositura
1296 1789 1435 1875 Capelle
1461 1796 1555 1853 extra
1570 1808 1683 1853 muros
1710 1786 1846 1851 Bruxel-

481 1896 604 1973 lenses,
621 1892 839 1958 Cameracen.
855 1892 954 1972 dioc,
970 1912 1042 1957 vac.
1059 1912 1119 1978 per
1131 1895 1186 1959 ob.
1200 1893 1309 1961 ultimi
1321 1892 1482 1978 prepositi
1498 1891 1696 1977 ejusdem·
1712 1889 1788 1956 Fiat
1805 1890 1845 1955 R.

528 1996 610 2061 Dat.
625 1997 726 2062 Avin.
745 2016 761 2080 5
779 1994 946 2062 kalmart.
962 2004 996 2060 a⁰
1012 1998 1054 2064 8⁰.
1073 1996 1144 2080 (18,
1166 1998 1270 2081 178').

531 2140 635 2201 1909.
660 2132 747 2198 Item
763 2134 979 2199 collationem
997 2132 1127 2218 Egidio,
1142 2141 1227 2198 nato
1243 2133 1364 2218 Egidio
1378 2133 1459 2199 dicti
1475 2132 1519 2198 de
1534 2133 1674 2214 Statera,
1690 2133 1732 2198 de
1758 2134 1847 2199 vica·

482 2239 531 2302 ria
547 2238 765 2302 ecclesiarum
790 2237 833 2303 de
857 2237 961 2303 Bakel
977 2246 1013 2303 et
1027 2237 1070 2303 de
1088 2237 1223 2303 Doeme
1239 2237 1283 2303 ad
1304 2238 1449 2306 invicem
1472 2237 1744 2323 dependentium,
1761 2237 1847 2302 Leo-

482 2341 573 2406 dien.
585 2340 683 2422 dioc„
695 2361 768 2407 vac.
780 2363 840 2428 per
851 2342 1109 2427 resignationem
1122 2341 1250 2407 factam
1261 2361 1364 2407 causa
1378 2342 1636 2427 permutationis
1648 2342 1682 2406 in
1693 2342 1847 2407 manibus

484 2444 652 2510 ordinarii.

528 2545 618 2611 Item
643 2548 861 2614 collationem
886 2549 1053 2615 Cristiano
1079 2548 1121 2614 de
1146 2546 1266 2614 Bunde
1292 2548 1335 2614 de
1361 2568 1434 2613 can.
1457 2556 1492 2614 et
1513 2552 1606 2636 preb.
1623 2570 1662 2615 ac
1677 2550 1848 2616 scolastria

485 2651 517 2716 S.
544 2650 703 2717 Rumoldi
729 2650 985 2733 Mascliniensis,
1013 2651 1229 2718 Cameracen.
1251 2651 1350 2733 dioc,
1373 2672 1438 2717 vac
1460 2666 1520 2738 per
1543 2655 1597 2718 ob.
1621 2651 1783 2719 Bonifacii
1806 2653 1848 2718 de

487 2753 605 2819 Platea
621 2764 641 2818 ³.
664 2795 708 2804 -
731 2754 808 2820 Fiat
832 2755 872 2821 R.

531 2858 612 2922 Dat.
628 2858 727 2923 Avin.
746 2878 762 2942 5
780 2858 847 2924 kal.
863 2869 962 2926 mart.
979 2868 1013 2925 a⁰
1029 2864 1072 2926 8⁰.
1089 2862 1161 2944 (18,
1178 2861 1281 2945 179l).

539 2994 680 3077 1910.
1551 3030 1647 3094 1350,
1664 2999 1811 3078 8mars.

529 3113 633 3198 Supp.
646 3111 665 3189 J
668 3116 792 3179 acobus
807 3113 849 3178 de
863 3112 1055 3179 Bourbonio
1071 3123 1230 3198 quat.suo
1245 3114 1424 3179 secretario
1436 3122 1471 3179 et
1482 3114 1690 3203 thesaurario
1704 3113 1849 3181 Nicolao

486 3217 634 3281 Brunelli
647 3230 667 3297 ⁴,
684 3219 881 3283 Atrebates.
898 3218 995 3297 dioc,
1012 3218 1045 3281 in
1063 3228 1124 3283 art.
1141 3218 1195 3283 lic.
1213 3226 1247 3283 et
1262 3219 1295 3281 in
1310 3219 1383 3303 jure
1399 3218 1488 3282 civili
1503 3218 1622 3303 perito,
1639 3218 1681 3283 de
1698 3239 1772 3283 can.
1789 3222 1848 3284 sub

483 3343 561 3406 exp.
578 3323 669 3405 preb.
696 3322 836 3386 ecclesie
863 3324 1061 3387 Atrebates.
1088 3320 1270 3405 dignemini
1299 3320 1499 3405 providere;
1524 3341 1591 3386 non
1609 3324 1693 3386 obst.
1711 3322 1801 3406 quod
1816 3323 1850 3387 in

484 3426 676 3490 'fornacem
700 3428 759 3489 sub
784 3447 859 3510 exp.
883 3428 985 3511 preb„
1002 3425 1183 3509 dignitatis
1201 3434 1398 3509 personatus
1413 3425 1467 3489 vel
1483 3424 1540 3489 off.
1556 3434 1591 3490 et
1607 3426 1639 3488 in
1656 3425 1698 3490 de
1716 3424 1850 3492 Monte-

485 3529 575 3594 lucio
592 3539 626 3592 et
642 3528 675 3591 in
691 3528 733 3593 de
751 3527 933 3594 Hericione
959 3530 1117 3611 ecclesiis,
1145 3529 1327 3594 Bituricen.
1352 3537 1364 3562 ¹¹
1387 3529 1484 3611 dioc,
1509 3551 1582 3595 can.
1607 3537 1641 3595 et
1664 3530 1850 3616 prebendas

485 3634 639 3698 obtinere
663 3640 828 3698 noscatur.
852 3674 895 3681 —
919 3632 995 3697 Fiat
1019 3633 1059 3699 R.

530 3736 620 3801 Item
636 3737 670 3799 in
687 3735 835 3800 favorem
851 3736 952 3821 ipsius
969 3736 1113 3817 Nicolai,
1130 3746 1167 3801 ut
1183 3736 1354 3823 prefertur,
1363 3737 1515 3802 canonici
1532 3736 1731 3818 Tornacen„
1747 3759 1849 3802 reser-

486 3841 641 3905 vationes
656 3839 762 3905 factas
777 3840 819 3905 de
835 3839 1013 3925 prebendis
1029 3840 1130 3925 ipsius
1146 3840 1287 3904 ecclesie
1311 3841 1457 3905 relaxare
1473 3840 1665 3924 dignemini,
1682 3840 1791 3905 donec
1806 3840 1848 3905 de

485 3947 577 4029 preb.
593 3944 705 4027 aliqua
721 3944 822 4028 ipsius
838 3943 978 4009 ecclesie
995 3945 1055 4009 sibi
1080 3944 1177 4009 fuerit
1201 3943 1381 4029 provisum.
1398 3982 1440 3993 —
1457 3942 1534 4007 Fiat
1558 3943 1591 4007 in
1617 3943 1730 4009 forma.
1750 3943 1789 4008 R.

528 4048 612 4111 Dat.
628 4047 728 4111 Avin.
746 4050 764 4111 8
782 4047 824 4112 id.
841 4056 939 4113 mart.
956 4056 988 4112 a⁰
1005 4050 1047 4112 8⁰.
1065 4051 1136 4129 (18,
1150 4047 1187 4113 P.
1206 4046 1250 4129 ll,
1269 4047 1330 4132 al).

538 4185 672 4267 1911.
1552 4217 1648 4281 1550,
1665 4219 1683 4282 9
1701 4220 1804 4265 mars

529 4302 633 4387 Supp.
650 4301 792 4386 Sygerus
807 4300 849 4365 de
867 4300 969 4366 Novo
985 4300 1123 4386 Lapide,
1147 4301 1189 4367 de
1214 4300 1400 4367 Machlinia
1412 4310 1433 4381 ⁵,
1449 4322 1537 4387 mag.
1552 4302 1587 4365 in
1603 4311 1663 4367 art.
1680 4304 1762 4368 etin
1776 4305 1849 4388 jure

489 4406 576 4471 cirili
599 4406 736 4491 peritus,
760 4406 881 4489 quique
907 4405 1145 4470 Universitatis
1169 4407 1346 4472 scolarium
1370 4407 1404 4470 in
1421 4406 1465 4472 U.
1482 4405 1513 4484 J.
1537 4406 1690 4473 Bononie
1713 4409 1847 4474 studen-

491 4510 573 4574 tium
589 4529 787 4594 perannum
804 4509 968 4592 integrum
984 4518 1094 4575 rector
1109 4530 1215 4594 nuper
1229 4510 1351 4590 extitit,
1368 4518 1459 4594 quat.
1475 4510 1536 4574 sibi
1552 4509 1594 4575 de
1616 4531 1690 4576 can.
1706 4521 1740 4576 et
1756 4516 1848 4597 preb.

494 4632 530 4677 ac
555 4612 724 4677 decanatu
751 4612 890 4677 ecclesie
918 4612 949 4676 S.
975 4612 1114 4678 Servatii
1138 4613 1374 4698 Trajectensis,
1398 4613 1558 4680 Leodien.
1581 4614 1680 4696 dioc,
1704 4637 1766 4682 rac
1790 4637 1848 4702 per

497 4725 633 4780 mortem
649 4714 668 4792 J
672 4716 813 4781 ohannis
828 4717 869 4781 de
887 4715 1101 4782 Molinarken
1116 4717 1138 4797 ⁶,
1154 4717 1303 4802 ejusdem
1327 4718 1467 4783 ecclesie
1483 4719 1635 4784 canonici
1653 4720 1847 4805 prebendati

527 4900 549 4965 a)
561 4903 616 4950 (tul.
630 4904 776 4951 Bitumcen.

439 5080 449 5178 i
533 5101 550 5150 l.
561 5102 616 5151 (lite
627 5103 685 5167 plus
697 5104 755 5152 tard
764 5119 862 5152 comme
871 5103 931 5152 curt<
939 5105 1044 5154 d'Acbel
1057 5106 1171 5167 (liirsch,
1181 5105 1254 5165 ltili.
1269 5108 1315 5156 342
1325 5122 1330 5165 ;
1339 5106 1373 5154 ci.
1385 5105 1503 5169 Hoynclr‚
1515 5106 1601 5167 Armi„
1614 5107 1662 5164 111,
1678 5107 1703 5155 P.
1717 5108 1735 5167 Ι,
1747 5123 1771 5171 p.
1782 5110 1851 5169 ³14).

439 5179 451 5224 ’.
510 5195 533 5206 -
542 5177 626 5226 tlon
638 5193 664 5226 n.
677 5180 783 5228 190l.-
791 5178 881 5229 3.Voir
890 5194 915 5229 n.
924 5180 1066 5239 ltulluot.
1076 5208 1107 5215 —
1121 5185 1142 5229 l.
1152 5180 1214 5229 Voir
1225 5195 1250 5230 n.
1265 5181 1367 5230 1175.-
1378 5184 1402 5230 ὖ.
1414 5180 1475 5231 vob·
1487 5196 1512 5233 n.
1526 5182 1628 5231 1901-
1637 5183 1660 5229 6.
1671 5181 1731 5229 Voir
1743 5197 1768 5232 n.
1781 5185 1852 5232 1905.

453 5291 459 5384 p
549 5269 605 5311 lnal.
621 5270 669 5311 Vat.
686 5268 747 5320 sela.

453 5417 458 5448 l

439 5513 454 5616 l
