4650 6059
478 807 563 889 468,
960 811 1048 885 1349,
1071 809 1160 875 12-23
1181 809 1353 888 septembre.

526 959 612 1024 Item
628 982 723 1047 supp.
740 972 830 1047 quat.
850 962 1004 1050 [Nicasio
1030 963 1073 1028 de
1098 962 1306 1046 Herogliere,
1332 962 1469 1048 clerico]
1500 962 1721 1030 Cameracen.
1744 965 1822 1042 dioc..

481 1063 523 1126 de
538 1067 613 1129 ben.
629 1067 711 1131 eccl.
731 1065 789 1152 [50
804 1066 877 1153 lib.]
907 1067 949 1133 ad
966 1067 1042 1133 coll.
1059 1066 1208 1153 episcopi
1236 1075 1270 1131 et
1297 1066 1435 1151 capituli
1460 1067 1601 1132 ecclesie
1623 1067 1822 1134 Cameracen.

481 1166 662 1250 dignemini
679 1170 864 1255 prouidere.
879 1211 923 1219 —
940 1170 1016 1236 Fiat
1033 1170 1073 1236 R.

526 1271 602 1337 Dat.
618 1273 717 1339 Am'n.
736 1294 752 1358 5
771 1274 814 1340 id.
831 1284 904 1362 sept
920 1282 953 1340 a⁰
970 1277 1012 1340 8⁰.
1032 1275 1101 1359 (19,
1122 1273 1209 1358 172).

536 1407 676 1491 1799.
1436 1442 1532 1507 1349,
1549 1444 1590 1487 12
1607 1426 1794 1511 septembre.

524 1526 625 1612 Supp.
656 1527 827 1593 familiaris
863 1537 974 1594 vester
1010 1527 1185 1606 Johannes
1223 1527 1358 1592 Punifer
1389 1542 1409 1607 ¹,
1451 1535 1543 1610 quat.
1574 1525 1751 1612 [germano
1779 1548 1823 1593 suo

482 1629 631 1695 Roberto
647 1630 781 1697 Punifer
807 1633 849 1698 de
874 1632 1034 1713 Liernoir,
1051 1630 1190 1717 clerico]
1220 1630 1381 1696 Leodien.
1406 1630 1504 1710 dioc,
1529 1629 1571 1695 de
1599 1650 1674 1696 can.
1691 1638 1726 1695 et
1748 1634 1824 1717 preb.

481 1735 620 1799 ecclesie
648 1735 766 1820 colleg.
797 1735 1010 1819 Nivellensis,
1037 1736 1127 1802 dicte
1152 1736 1250 1815 dioc,
1275 1756 1349 1800 vac.
1376 1735 1418 1800 ad
1446 1754 1581 1820 presens
1612 1733 1704 1821 apud
1728 1736 1824 1801 sedem

481 1848 588 1922 apost.
612 1860 672 1923 per
698 1848 844 1905 mortem
870 1841 1042 1925 quondam
1068 1839 1215 1925 magistri
1249 1838 1397 1924 Alquerii
1428 1838 1470 1903 de
1502 1836 1641 1920 Lanate,
1673 1839 1826 1925 scriptoris

481 1943 581 2007 vestri
598 1956 619 2022 ²,
647 1943 702 2027 qui
733 1964 840 2028 nuper
866 1945 900 2008 in
926 1944 1025 2010 Rom.
1053 1943 1143 2009 curia
1167 1944 1256 2008 diem
1281 1943 1401 2008 clausit
1437 1951 1636 2023 extremum,
1668 1951 1704 2008 et
1733 1943 1825 2009 dictos

482 2048 718 2112 canonicatum
734 2056 769 2113 et
784 2048 990 2133 prebendam
1005 2048 1040 2114 in
1056 2048 1174 2114 eadem
1201 2046 1342 2113 ecclesia
1367 2046 1447 2112 olim
1470 2047 1551 2112 dum
1566 2047 1698 2112 viveret
1713 2047 1825 2113 obtine·

481 2152 551 2229 bat,
569 2172 645 2215 cum
662 2151 816 2215 omnibus
827 2151 954 2235 juribus
980 2161 1014 2217 et
1041 2151 1251 2237 pertinentiis
1276 2150 1342 2215 suis
1366 2150 1475 2215 eidem
1492 2148 1644 2217 Roberto
1659 2148 1825 2236 dignemini

482 2254 679 2337 providere;
696 2274 764 2319 non
781 2257 867 2318 obst.
884 2254 1136 2337 quibuscunque
1162 2253 1443 2317 reservationibus
1467 2252 1509 2317 de
1536 2253 1617 2338 ipsis
1642 2254 1825 2338 generaliter

482 2358 535 2420 vel
561 2358 750 2442 specialiter
777 2358 883 2437 factiS,
909 2378 949 2422 ac
976 2358 1111 2423 statutis
1137 2367 1172 2422 et
1199 2356 1494 2422 consuetudinibus
1522 2356 1624 2441 ipsius
1650 2358 1789 2424 ecclesie
1801 2356 1825 2419 in

482 2460 686 2525 contrarium
711 2460 818 2540 editis,
836 2461 1037 2544 jurament0,
1065 2460 1319 2526 confirmatione
1351 2459 1538 2544 apostolica
1560 2460 1615 2524 vel
1640 2479 1824 2545 quacunque

483 2563 640 2628 firmitate
656 2565 722 2628 alia
737 2564 901 2629 roboratis
910 2586 918 2643 ;
936 2585 1013 2629 curn
1030 2564 1150 2630 ceteris
1160 2584 1230 2629 uon
1248 2567 1334 2629 obst.
1349 2604 1393 2613 -
1409 2562 1488 2629 Fiat
1504 2562 1544 2630 R.

526 2666 605 2731 Dat.
621 2667 720 2731 Asin.
738 2689 755 2731 2
773 2668 816 2733 id.
833 2675 917 2753 sept.
933 2673 965 2731 a⁰
982 2669 1024 2732 8⁰.
1042 2668 1111 2752 (19,
1133 2668 1219 2751 174).

537 2803 680 2886 1800.
1437 2838 1533 2902 1349,
1549 2839 1589 2902 23
1607 2820 1793 2906 septembre.

527 2922 659 3007 Supp...
687 2921 944 3006 burgimagistri,
972 2922 1108 3001 scabini,
1125 2924 1279 2987 consules
1295 2930 1330 2987 et
1343 2925 1427 2988 'tota
1452 2923 1680 2990 communitas
1706 2924 1782 2989 ville
1794 2921 1824 2987 de

484 3024 600 3109 Brugis
623 3027 656 3089 in
675 3025 844 3105 Flandria,
860 3025 1046 3091 Tornacen.
1073 3025 1171 3104 dioc„
1188 3014 1282 3109 quat.
1305 3026 1445 3111 Symoni
1470 3025 1513 3090 de
1541 3025 1705 3108 Rollario,
1720 3025 1824 3092 clerico

483 3129 572 3193 dicte
596 3130 735 3208 dioc.,...
750 3128 897 3194 officium
914 3130 1066 3196 custodie
1082 3150 1139 3194 seu
1156 3130 1380 3195 matricularie
1397 3130 1430 3194 in
1443 3132 1526 3195 eccl.
1538 3128 1576 3195 B.
1590 3128 1641 3195 M.
1654 3129 1824 3216 Brugensis.

482 3232 630 3315 ejusdem
645 3232 742 3311 dioc„
759 3254 832 3297 rac.
849 3255 908 3318 per
923 3244 1066 3300 mortem
1079 3234 1249 3317 quondam
1265 3234 1432 3311 Johannis
1450 3232 1619 3314 Halike...
1635 3234 1680 3300 ad
1696 3242 1824 3300 vestram

481 3338 706 3421 provisionem
723 3357 782 3420 per
797 3338 1057 3402 reservationem
1075 3359 1111 3403 ιο
1128 3338 1195 3402 lral.
1208 3348 1304 3402 mart.
1321 3340 1374 3403 vel
1391 3338 1522 3403 circiter
1534 3336 1608 3403 VS.
1624 3339 1825 3424 pontificatus

482 3448 515 3503 a⁰
535 3450 603 3502 1⁰..
617 3440 798 3523 dignemini
823 3441 1007 3524 providere.
1024 3482 1066 3491 -
1083 3441 1158 3506 Fiat
1176 3441 1216 3505 R.

526 3544 603 3608 Dat.
620 3565 672 3628 ap.
689 3542 937 3610 Villamnovam
955 3566 972 3626 9
989 3546 1057 3612 lral.
1074 3555 1139 3611 oct.
1156 3553 1189 3609 a⁰
1206 3548 1248 3610 8⁰.
1266 3547 1337 3629 (18,
1356 3566 1373 3625 9
1392 3546 1418 3629 ).

538 3680 673 3761 1801.
1435 3712 1529 3778 1349,
1547 3717 1565 3757 2
1566 3714 1586 3777 3
1605 3696 1795 3781 septembre.

524 3799 655 3883 Supp...
690 3796 808 3861 Petrus
838 3798 880 3861 de
911 3798 1071 3878 Omonte,
1102 3798 1253 3883 armiger,
1285 3807 1376 3881 quat.
1407 3797 1498 3862 fratri
1529 3818 1589 3862 suo
1619 3796 1769 3875 Johanni
1796 3796 1828 3861 de

481 3900 640 3979 Ornoute,
673 3900 851 3966 Belvacen.
881 3901 979 3982 dioc„
1011 3902 1205 3987 presbitero
1237 3902 1403 3967 canonico
1431 3902 1513 3966 eccl.
1545 3900 1763 3984 Noviomen„
1786 3899 1829 3967 cui

481 4006 599 4069 eadem
616 4005 647 4069 S.
664 4005 703 4068 V.
714 4004 770 4069 diu
786 4014 846 4082 est,
862 4005 904 4070 ad
920 4006 1200 4090 supplicationem
1213 4005 1339 4070 domini
1356 4005 1450 4070 (lucis
1466 4003 1678 4070 Nonnannie
1694 4004 1831 4091 providit

480 4108 608 4173 decan.
624 4117 659 4173 et
674 4111 765 4193 preb.
782 4110 864 4174 eccl.
880 4109 911 4174 S.
929 4108 1102 4193 Gaugerici
1121 4109 1339 4174 Cameracen.
1355 4118 1436 4174 tunc
1452 4129 1536 4188 vac..
1548 4108 1608 4173 sed
1622 4130 1692 4174 non
1709 4110 1831 4194 garisus

480 4211 584 4290 fuit,...
600 4211 781 4293 dignemini
808 4212 982 4296 providere
1006 4213 1048 4277 de
1075 4213 1240 4297 dignitate
1265 4215 1318 4277 vel
1350 4211 1462 4277 officio
1477 4211 1520 4277 ad
1542 4232 1682 4296 presens
1696 4234 1770 4279 vac.
1786 4211 1830 4275 rel

481 4315 633 4400 proximo
649 4322 759 4378 vacat.
775 4315 809 4377 in
837 4316 918 4380 eccl.
946 4316 1173 4395 Noviornen.;
1199 4338 1267 4381 non
1297 4320 1381 4382 obst.
1407 4316 1496 4400 quod
1524 4337 1598 4381 can.
1626 4324 1661 4381 et
1686 4321 1779 4403 preb.
1802 4316 1829 4380 in

481 4418 664 4502 collegiatis
688 4416 726 4482 B.
755 4416 931 4484 Michaelis
956 4418 1136 4485 Belraceu.
1160 4430 1194 4485 ct
1211 4420 1249 4485 B.
1268 4419 1316 4485 M.
1333 4420 1374 4485 de
1402 4419 1569 4499 Vernone,
1588 4419 1829 4506 Rotlromagen.

480 4523 576 4601 dioc„
593 4522 741 4586 noscitur
757 4522 918 4588 obtinere.
934 4564 977 4572 -
994 4523 1068 4588 Fiat
1086 4524 1126 4588 R.

525 4626 602 4690 Dat.
620 4646 673 4710 ap.
691 4624 937 4690 Villannrovarn
956 4647 972 4707 9
990 4625 1056 4692 kal.
1073 4637 1139 4692 oct.
1155 4636 1188 4691 al
1205 4631 1247 4692 δ”.
1265 4630 1335 4712 (18,
1364 4634 1444 4711 15l').

537 4764 676 4847 1802.
1432 4795 1526 4859 1349,
1544 4797 1563 4837 2
1563 4795 1584 4857 3
1603 4779 1790 4861 septembre.

523 4883 624 4968 Supp.
652 4882 752 4946 frater
780 4879 965 4958 Gualterus,
983 4882 1085 4944 abbas
1112 4880 1304 4944 monasterii
1333 4880 1364 4943 S.
1392 4878 1571 4943 Michaelis
1586 4881 1628 4943 de
1657 4878 1749 4959 Pisis,
1765 4874 1824 4944 ord

480 4985 753 5065 Camaldulensis,
770 4992 862 5069 quat.
882 4982 1050 5068 [familiari
1067 5004 1127 5048 suo
1151 4982 1301 5048 Henrico
1315 4982 1543 5067 Roydemeter
1556 5000 1576 5062 ³,
1593 4982 1733 5069 clerico]
1751 4982 1822 5047 Leo·

479 5143 725 5153 .....——

511 5238 533 5285 l.
543 5234 604 5281 Voir
622 5234 725 5289 1113116,
740 5232 808 5290 1373,
824 5231 892 5289 1434,
907 5232 975 5289 1509,
990 5231 1059 5279 1531.
1072 5257 1103 5265 -
1115 5233 1138 5281 2.
1150 5231 1213 5279 Voir
1222 5245 1246 5281 n.
1260 5233 1329 5281 1321.
1342 5260 1373 5269 -
1391 5233 1413 5281 3.
1425 5233 1487 5281 l'oir
1499 5248 1523 5282 rr.
1538 5234 1607 5281 1179.
