4650 6059
480 785 543 866 420
1031 784 1118 857 1849,
1141 783 1176 847 21
1200 782 1284 847 avril.

481 939 575 1023 preb.
589 937 731 1003 ecclesie
746 937 778 1004 S.
791 937 931 1004 Servatii
947 936 1182 1022 Trajectensis,
1200 934 1362 1002 Leodien.
1377 935 1478 1018 dioc,
1503 956 1578 1004 vac.
1603 939 1661 1005 vel
1677 941 1826 1007 vacaturis
1869 977 1871 992 =

483 1040 665 1126 dignemini
682 1041 869 1127 providere.
886 1081 928 1093 -
945 1040 1021 1106 Fiat
1038 1039 1079 1107 R.

527 1144 606 1210 Dat.
621 1145 722 1211 Avin.
743 1165 777 1210 11
796 1144 863 1212 kal.
879 1145 959 1211 maii
975 1152 1009 1210 a⁰
1026 1152 1068 1230 7⁰.
1086 1145 1265 1232 (¹7›.254)·

511 1332 513 1335 .
536 1257 831 1349 1561·l562·
1533 1296 1631 1361 1349,
1649 1299 1692 1344 21
1709 1281 1797 1347 avril.

527 1382 628 1469 Supp.
643 1382 853 1470 F(irminus),
865 1383 968 1470 episc.
980 1381 1015 1448 N
1017 1382 1207 1461 oviomen.,¹
1218 1379 1435 1446 cancellarius
1449 1379 1564 1447 devoti
1576 1382 1636 1448 filii
1649 1386 1753 1451 vestri
1764 1386 1828 1471 regis

485 1484 635 1567 Francie,
661 1495 753 1572 quat.
780 1485 1047 1574 [consanguineo
1070 1504 1131 1551 suo
1154 1483 1285 1562 Jacobo
1311 1483 1418 1561 Parvi,
1442 1483 1581 1572 clerico]
1599 1502 1623 1568 ²,
1650 1487 1695 1553 de
1718 1499 1829 1556 canet

484 1592 576 1675 preb.
592 1591 733 1655 ecclesie
749 1592 825 1658 coll.
842 1591 874 1657 S.
891 1590 986 1657 Pauli
1011 1590 1090 1655 m'lle
1114 1588 1146 1655 S.
1174 1586 1268 1653 Pauli
1292 1607 1337 1652 60
1360 1586 1525 1675 Ternoys,
1552 1587 1728 1659 Morinen.
1751 1593 1829 1674 dioc,
1866 1608 1871 1671 ξ

484 1713 559 1758 vac.
575 1713 634 1779 per
649 1696 705 1760 ob.
722 1693 812 1759 Petri
827 1694 871 1760 de
888 1692 1085 1761 Colemedio
1099 1705 1121 1774 ³,
1137 1692 1195 1776 qui
1221 1699 1316 1757 extra
1340 1692 1468 1757 curiam
1496 1691 1598 1761 Rom.
1624 1695 1718 1762 diem
1732 1697 1829 1764 clausit

485 1800 682 1878 extremum,
693 1798 748 1881 qui
765 1807 843 1863 sunt
858 1798 1031 1865 collationi
1046 1797 1134 1863 sedis
1148 1804 1257 1883 apost.
1269 1796 1440 1879 reservati,
1450 1795 1561 1864 eidem
1575 1797 1761 1884 dignemini
1770 1822 1829 1888 pro

485 1900 597 1965 videre
612 1923 622 1980 ;
638 1921 707 1966 non
723 1903 809 1967 obst.
825 1901 916 1987 quod
931 1900 965 1965 in
982 1899 1124 1966 ecclesia
1148 1898 1350 1964 Ambianen.
1366 1918 1470 1965 unam
1497 1901 1661 1988 capellan.
1688 1905 1828 1970 obtineat.

485 2002 680 2070 -ffina

532 2123 634 2187 1562.
653 2120 741 2188 Item
756 2142 851 2209 supp.
867 2130 960 2207 quat.
979 2121 1114 2209 [Petro]
1133 2120 1153 2199 J
1156 2121 1299 2187 ohannis
1314 2121 1380 2187 Del
1399 2121 1517 2190 Castre
1531 2124 1575 2191 de
1590 2124 1828 2209 Lovanio,[eo
1865 2198 1871 2204 ,

486 2225 574 2290 dien.
591 2225 688 2307 dioc,
704 2226 747 2292 de
763 2246 836 2292 can.
852 2237 888 2293 et
903 2229 995 2313 preb.
1021 2224 1260 2311 Ayecuriensis
1286 2226 1438 2310 ecclesie,
1465 2227 1556 2295 dicte
1582 2230 1684 2312 dioc,
1699 2251 1769 2298 vac.
1787 2231 1827 2295 vel
1867 2231 1871 2236 '

486 2335 606 2408 vacat,
622 2327 803 2413 dignemini
820 2327 1018 2415 providere;
1034 2348 1104 2395 non
1120 2330 1207 2395 obst.
1232 2329 1323 2414 quod
1348 2349 1424 2396 can.
1448 2338 1484 2396 et
1498 2334 1591 2417 preb.
1619 2332 1663 2399 de
1688 2332 1828 2419 Songnies

486 2430 635 2496 noscitur
651 2430 815 2498 obtinere.
830 2472 874 2481 -
890 2430 969 2497 Fiat
985 2429 1026 2498 R.

530 2534 611 2600 Dat.
626 2534 726 2604 Avin.
747 2556 780 2600 11
800 2534 868 2602 kal.
883 2534 964 2600 maii
981 2541 1015 2601 a⁰
1032 2540 1074 2619 7⁰.
1090 2536 1158 2619 (17,
1177 2538 1280 2621 256').

541 2653 684 2737 1563.
1533 2690 1630 2756 1349,
1648 2693 1691 2739 21
1707 2673 1795 2738 avril.

529 2771 619 2856 Sign.
635 2771 667 2839 S.
683 2771 724 2838 V.
740 2770 912 2837 familiaris
926 2778 1038 2836 vester
1054 2769 1213 2855 magister
1229 2769 1416 2855 GualteruS,
1432 2772 1542 2840 dictus
1554 2773 1661 2842 Gorre
1676 2788 1698 2859 ⁴,
1711 2774 1826 2863 pellipa-

484 2876 560 2957 rius,
576 2875 667 2961 quod
683 2875 808 2942 dudum
824 2895 932 2962 nepos
947 2895 1024 2940 suus
1041 2872 1269 2955 Hermannus,
1285 2874 1394 2941 dictus
1409 2874 1525 2959 Gorre,
1541 2880 1727 2947 canonicus
1740 2879 1826 2945 eccle·

485 2980 532 3063 sie
557 2979 588 3046 S.
613 2979 754 3045 Servatii
779 2978 1003 3064 Trajectensis
1028 2984 1049 3059 ⁵,
1074 2976 1235 3043 Leodien.
1262 2977 1360 3060 dioc,
1392 2996 1465 3045 can.
1491 2988 1526 3045 et
1549 2984 1644 3068 preb.
1669 2982 1703 3048 in
1728 2981 1826 3049 eaden

485 3085 637 3164 ecclesia,
653 3103 713 3170 per
729 3085 783 3149 ob.
800 3083 972 3169 quondam
988 3081 1189 3147 Ghiselberti
1206 3080 1249 3146 de
1265 3080 1401 3164 Palude,
1417 3094 1587 3166 vacantes,
1604 3086 1720 3171 vigore
1738 3086 1826 3170 cujus·

484 3187 563 3253 dam
579 3188 684 3273 gratie
699 3208 760 3274 per
775 3187 807 3252 S.
823 3186 864 3252 V.
880 3186 941 3250 sibi
959 3184 1056 3265 facte,
1072 3184 1264 3270 acceptavit
1280 3191 1314 3248 et
1330 3184 1391 3249 sibi
1407 3185 1449 3251 de
1477 3185 1541 3252 illis
1565 3188 1713 3254 obtinuit
1737 3186 1826 3275 prori-

484 3290 564 3371 deri,
581 3290 736 3375 ipsosque
748 3310 808 3374 per
822 3289 906 3354 duos
922 3306 1030 3352 annos
1045 3294 1079 3351 et
1096 3286 1238 3372 amplius
1253 3288 1362 3352 tenuit
1378 3296 1412 3353 et
1434 3290 1594 3375 possedit,
1621 3301 1722 3378 prout
1737 3291 1826 3357 adhuc
1866 3309 1871 3350 ¹.

484 3401 579 3457 tenet
595 3401 629 3456 et
644 3391 793 3477 possidet
808 3390 949 3478 pacifice
965 3398 999 3455 et
1016 3389 1138 3474 quiete,
1155 3390 1215 3456 sed
1230 3390 1308 3476 quia
1323 3391 1457 3458 dubitat
1473 3414 1515 3459 an
1531 3394 1614 3462 dicti
1627 3416 1701 3463 can.
1711 3406 1745 3463 et
1753 3398 1825 3484 preb.

484 3497 550 3559 sint
566 3495 702 3560 forsitan
714 3495 783 3560 sedi
800 3502 907 3581 apost.
918 3493 1173 3584 quomodolibet
1184 3495 1353 3577 reservati,
1365 3518 1460 3583 supp.
1472 3507 1564 3583 quat.
1575 3504 1825 3588 acceptationem
1869 3553 1871 3588 :

485 3607 519 3664 et
546 3599 772 3686 provisionem
799 3598 967 3687 predictas
988 3597 1168 3664 decernere
1184 3599 1366 3684 dignemini
1383 3601 1521 3686 perinde
1543 3605 1685 3670 valere·
1708 3627 1746 3671 ac
1760 3601 1827 3670 side
1869 3597 1871 3606 '

486 3704 687 3770 canonicatu
703 3713 738 3769 et
753 3702 924 3789 prebenda
940 3701 1098 3788 predictis
1113 3704 1205 3767 nulla
1227 3704 1410 3771 reservatio
1426 3704 1516 3772 sacta
1530 3706 1639 3789 soret;
1665 3730 1733 3776 non
1758 3711 1826 3775 obst.
1868 3735 1871 3808 p

484 3808 573 3892 quod
589 3828 687 3894 super
703 3807 890 3894 capellania
905 3805 948 3871 de
965 3804 1135 3888 Bilrevelt,
1164 3805 1254 3872 dicte
1270 3806 1368 3890 dioc,
1394 3808 1428 3873 in
1457 3807 1557 3877 Rom.
1583 3812 1676 3877 curia
1701 3810 1827 3879 noscitur
1868 3811 1871 3828 '

490 3914 621 3999 litigare
634 3913 656 3979 ⁶.
677 3951 709 3962 -
731 3911 809 3978 Fiat
826 3911 866 3978 R.

529 4017 608 4082 Dat.
624 4015 725 4083 Avin.
746 4037 780 4080 11
799 4016 867 4082 kal.
882 4015 961 4080 maii
979 4022 1013 4080 a⁰
1030 4022 1072 4099 7⁰.
1089 4016 1156 4099 (17,
1176 4020 1277 4100 260').

536 4135 681 4216 1564.
1534 4173 1632 4240 1349,
1649 4179 1689 4223 21
1708 4157 1798 4224 avril.

527 4253 627 4338 Supp.
646 4250 822 4330 Henricus,
839 4251 906 4316 dux
922 4250 1232 4336 Lemborghcensis,
1250 4263 1340 4338 quat.
1361 4252 1438 4341 [suo
1450 4255 1601 4323 familiari
1614 4267 1650 4325 et
1661 4260 1831 4348 capellano,
1869 4253 1871 4260 '

483 4357 641 4422 continue
657 4355 717 4421 sibi
734 4355 926 4436 celebranti,
944 4355 1100 4442 Philippo
1116 4356 1158 4422 de
1177 4356 1293 4440 Horst,
1306 4359 1506 4445 presbitero]
1523 4359 1833 4437 Cameracendioc,

482 4459 612 4524 decan.
630 4457 769 4523 ecclesie
786 4455 946 4523 Leodien.
963 4477 1039 4523 cum
1061 4460 1270 4546 plenitudine
1282 4462 1363 4547 juris
1390 4463 1543 4529 canonici
1571 4464 1758 4552 dignemini
1770 4487 1833 4555 pro·

483 4563 606 4642 videre,
622 4564 714 4647 preb.
731 4581 811 4625 vero
827 4561 861 4625 in
877 4562 969 4627 dicta
986 4564 1127 4629 ecclesia
1143 4564 1303 4633 Leodien.
1334 4566 1425 4653 [vac.
1446 4569 1502 4633 vel
1519 4570 1663 4658 vacat.],
1680 4572 1777 4638 simul
1791 4570 1834 4636 vel

484 4666 669 4731 successive
696 4664 806 4729 eidem
830 4686 907 4731 cum
935 4667 1088 4733 omnibus
1110 4669 1238 4754 juribus
1265 4679 1299 4736 et
1323 4673 1535 4757 pertinentiis
1569 4674 1636 4741 suis
1671 4673 1834 4744 donationi

482 4777 590 4856 apost.
606 4768 788 4853 dignemini
816 4788 995 4835 reservare.
1018 4821 1024 4834 .
1043 4795 1051 4852 ;
1068 4792 1136 4838 non
1153 4775 1239 4839 obst.
1256 4774 1347 4859 quod
1363 4774 1453 4842 idem
1479 4775 1656 4864 Philippus
1673 4782 1756 4848 eccl.
1771 4800 1835 4868 par·

513 4926 539 4982 a)
557 4922 613 4973 (bd.
632 4922 772 4986 providere.

512 5076 534 5122 l.
547 5074 607 5120 Voir
619 5088 644 5121 n.
658 5074 727 5120 1558.
739 5100 771 5108 -
783 5076 805 5121 2.
818 5074 880 5121 Voir
891 5088 917 5122 0.
931 5077 1000 5123 1212.
1012 5103 1043 5113 -
1056 5078 1078 5125 3.
1091 5077 1188 5126 l'oirn.
1202 5080 1273 5127 1285.
1286 5107 1316 5117 -
1327 5082 1351 5129 4.
1363 5080 1425 5129 Voir
1442 5096 1467 5132 n.
1479 5083 1534 5143 638,
1552 5084 1607 5140 656,
1621 5085 1695 5133 1061.
1707 5083 1837 5135 -5.Voi1

479 5149 570 5207 01911
584 5148 716 5195 bau-6.
730 5146 751 5193 ll
769 5146 898 5208 ecbangea
909 5163 938 5197 ce
956 5148 1067 5198 bdncfice
1085 5157 1175 5200 contre
1195 5153 1260 5200 00101
1281 5154 1313 5203 dc
1332 5154 1410 5205 ΝΑ).
1430 5158 1445 5204 it
1466 5156 1556 5205 Genck
1572 5172 1636 5207 avec
1656 5158 1794 5209 Buudouin
1811 5157 1837 5207 de

479 5220 673 5278 Montenackcn,
688 5221 762 5269 chan.
774 5220 805 5269 de
818 5222 900 5283 Liegc,
912 5228 991 5271 avant
1004 5222 1173 5275 160010013ῦὸ
1186 5226 1275 5288 (Ball.
1287 5226 1496 5294 (10110010001.
1509 5229 1572 5296 itaq,
1585 5230 1619 5293 X,
1633 5233 1705 5295 491).
