4650 6059
1055 790 1141 865 1847,
1167 791 1185 855 2
1207 808 1296 856 mars.
1797 800 1859 864 808

490 942 551 1005 sibi
570 941 657 1007 alias
681 943 844 1009 canonice
868 945 1068 1026 conferatur,
1092 952 1228 1009 etcum
1251 944 1349 1009 simili
1373 945 1548 1025 beneficio,
1564 948 1689 1012 totiens
1705 951 1861 1033 quotiens

490 1045 552 1111 sibi
563 1047 676 1111 visum
692 1046 992 1134 hieritexpedienS,
1004 1054 1196 1134 permutare
1212 1056 1246 1112 et
1262 1057 1452 1133 permutata
1467 1049 1609 1115 retinere
1623 1073 1631 1130 ;
1649 1052 1860 1136 quibuscum-

491 1169 556 1232 que
573 1149 904 1216 constitutionibus...
919 1171 1132 1236 nequaquam
1148 1153 1234 1217 obst.
1250 1192 1294 1200 -
1311 1150 1386 1217 Fiat
1404 1151 1443 1217 R.

504 1350 511 1362 ,
538 1285 639 1345 1159.
658 1276 747 1343 Item
763 1299 859 1364 supp.
875 1278 964 1346 idem
988 1278 1162 1366 Philippus
1181 1278 1240 1365 [de
1258 1279 1418 1366 Arbosio]
1438 1280 1538 1364 quod,
1555 1283 1719 1368 cumipse
1736 1284 1768 1349 in
1785 1307 1859 1371 par-

492 1382 586 1448 10011.
603 1380 908 1464 eccl.deArbosio,
922 1381 1499 1467 31100111000100,1000100001
1516 1384 1742 1467 affectionem,
1759 1410 1859 1454 unam

493 1488 615 1574 capell.
642 1507 737 1573 perp.
763 1507 826 1573 pro
845 1487 975 1553 duobus
991 1487 1175 1573 capellanis
1191 1488 1419 1553 sustentandis
1434 1488 1524 1570 inibi,
1542 1489 1598 1573 qui
1614 1490 1759 1555 vicissim
1776 1514 1860 1557 unus

494 1612 561 1655 una
576 1591 644 1670 die,
661 1597 696 1655 et
711 1590 796 1655 alter
811 1591 876 1656 alia
890 1590 954 1673 die,
971 1611 1032 1677 pro
1055 1590 1205 1656 remedio
1229 1591 1339 1655 anime
1364 1612 1422 1656 sue
1445 1600 1480 1657 et
1505 1594 1654 1658 omnium
1676 1595 1859 1661 amicorum

495 1717 633 1761 suorum
656 1696 792 1761 missam
815 1697 981 1762 celebrare
1005 1698 1219 1776 tenebuntur,
1247 1696 1450 1761 constituere
1476 1703 1510 1760 et
1537 1696 1691 1761 ordinare
1711 1718 1750 1763 ac
1771 1699 1860 1763 suffi-

494 1802 624 1865 cienter
648 1797 767 1864 dotare
792 1798 835 1865 de
858 1800 956 1866 bonis
979 1822 999 1866 a
1024 1801 1100 1865 Deo
1123 1800 1184 1865 sibi
1208 1800 1339 1865 collatis
1355 1807 1532 1885 proponat,
1548 1808 1641 1883 quat.
1657 1802 1718 1867 sibi
1734 1802 1859 1868 dictam

495 1905 614 1990 capell.
641 1903 866 1969 constituendi
893 1912 928 1969 et
955 1902 1140 1983 ordinandi,
1165 1912 1203 1967 ut
1229 1903 1426 1988 premissum
1450 1911 1511 1982 est,
1535 1912 1569 1968 et
1589 1904 1642 1988 jus
1663 1915 1860 1991 patronatus

494 2007 607 2092 ipsius,
634 2006 726 2092 prius
751 2014 868 2071 tamen
894 2006 1083 2072 ordinatam
1107 2014 1143 2071 et
1166 2006 1323 2072 dotatam
1350 2004 1563 2086 sufficienter,
1591 2007 1652 2072 sibi
1673 2018 1707 2073 et
1731 2029 1860 2074 succes-

495 2111 625 2175 soribus
639 2109 769 2195 dejure
786 2110 928 2175 naturali
947 2110 1009 2175 sibi
1025 2110 1291 2190 succedentibus,
1315 2110 1358 2174 de
1374 2109 1582 2192 benignitate
1599 2111 1686 2175 sedis
1702 2122 1809 2196 apost.
1826 2120 1860 2177 et

497 2213 602 2297 gratia
630 2212 779 2298 speciali,
814 2212 996 2298 dignemini
1024 2211 1219 2297 indulgere;
1256 2211 1550 2278 constitutionibus
1576 2214 1859 2300 quibuscunque...

499 2336 712 2400 nequaquam
742 2319 828 2382 obst.
857 2314 1004 2381 -Fiat
1030 2316 1128 2401 juxta
1157 2316 1366 2381 taxationem
1399 2315 1569 2382 diocesani
1595 2326 1629 2382 et
1654 2319 1736 2383 alias
1760 2327 1796 2383 ut
1827 2320 1860 2383 in

501 2420 615 2485 tonna.
631 2419 673 2486 R.

544 2557 642 2617 1160.
668 2550 758 2635 Sign.
777 2548 797 2627 J
800 2553 926 2615 acobus
941 2548 1045 2631 Belle,
1062 2553 1171 2637 presb.
1189 2549 1357 2617 Morinen.
1374 2550 1472 2631 dioc,
1488 2552 1625 2616 studens
1639 2552 1673 2615 in
1686 2552 1759 2637 jure
1775 2574 1860 2633 can,

463 2667 464 2673 ’
508 2653 681 2739 quodcum
703 2653 803 2719 amici
825 2654 894 2739 ejus
916 2655 1072 2720 meliores
1087 2663 1121 2719 et
1137 2655 1219 2742 ipse,
1236 2664 1374 2741 propter
1390 2654 1598 2736 fidelitatem,
1615 2677 1715 2740 quam
1730 2676 1862 2742 semper

509 2764 678 2822 tenuerunt
694 2764 730 2822 et
740 2766 860 2822 tenent
874 2757 918 2823 ad
932 2757 1087 2825 dominos
1098 2780 1176 2824 suos
1187 2779 1300 2843 regem
1318 2758 1459 2824 Francie
1471 2766 1505 2823 et
1518 2760 1677 2823 comitem
1695 2757 1860 2840 Flandrie,

463 2805 467 2896 1
511 2859 600 2925 al'll
625 2861 723 2926 annis
747 2869 783 2926 et
807 2861 950 2952 amplius
974 2862 1074 2947 ejecti
1089 2862 1156 2927 sint
1172 2861 1214 2927 de
1231 2861 1389 2928 Flandria
1406 2880 1425 2943 ¹,
1442 2864 1597 2945 bonaque
1613 2863 1714 2947 ipsius
1728 2862 1859 2944 Jacobi,

514 2966 626 3046 quibus,
650 2972 814 3049 tanquam
838 2966 1004 3031 beneficio
1027 2965 1120 3046 eccl,
1144 2974 1334 3045 contentuS,
1351 2965 1395 3031 ad
1410 2986 1521 3031 sacros
1536 2965 1669 3030 ordines
1685 2987 1720 3029 se
1736 2966 1861 3045 lecerat

515 3070 699 3150 promoveri,
726 3092 786 3157 per
802 3070 1032 3156 Flammingos
1057 3079 1222 3155 occupata
1246 3071 1313 3136 sint
1328 3094 1336 3150 ;
1353 3070 1440 3135 unde
1457 3089 1533 3133 cum
1549 3090 1617 3133 non
1634 3069 1758 3133 habeat
1773 3069 1862 3133 unde

518 3174 611 3237 valcat
642 3175 829 3255 sustentari,
861 3196 955 3260 supp.
989 3175 1027 3239 E.
1056 3175 1087 3240 S.
1112 3174 1151 3239 V.
1187 3184 1276 3258 quat.
1303 3174 1363 3238 sibi
1390 3174 1517 3237 nullum
1543 3173 1652 3238 adhuc
1675 3176 1751 3237 ben.
1780 3173 1861 3237 eccl.

519 3289 654 3343 assecuto
670 3300 759 3365 spec.
772 3299 818 3362 gr.
832 3279 993 3344 facientes
1004 3280 1046 3343 de
1059 3280 1267 3365 prepositura
1281 3280 1311 3343 S.
1325 3278 1440 3342 Crucis
1453 3277 1485 3340 111
1500 3275 1705 3356 Northusen,
1720 3275 1861 3360 lllagun-

519 3378 603 3446 tinen.
631 3383 728 3461 dioc,
752 3383 795 3447 ad
820 3405 921 3468 quam
947 3384 1145 3469 prepositus
1163 3392 1199 3447 ut
1216 3384 1381 3462 asseritur,
1396 3382 1570 3446 consuerit
1586 3402 1645 3465 per
1660 3382 1860 3446 electionem

520 3487 631 3566 assumi,
650 3507 722 3551 vac.
740 3487 783 3551 ad
799 3508 934 3572 presens
949 3508 1008 3572 per
1025 3490 1078 3551 ob.
1096 3487 1265 3569 quondam
1282 3485 1480 3550 Theoderici
1500 3485 1579 3550 dicti
1603 3484 1748 3563 Brecter,
1760 3485 1861 3570 ipsius

520 3588 638 3652 ecclesie
664 3589 835 3674 prepositi,
862 3597 895 3653 et
923 3611 988 3673 que
1016 3598 1112 3654 tanto
1139 3598 1292 3674 tempore
1315 3588 1452 3653 vacavit
1477 3587 1567 3671 quod
1592 3589 1661 3672 ejus
1685 3589 1770 3666 coll,
1796 3608 1860 3651 sec.

470 3719 475 3782 t
521 3682 738 3757 lateranensis
753 3700 880 3757 statuta
897 3694 1040 3772 concilii,
1058 3703 1108 3758 est
1125 3694 1166 3758 ad
1183 3694 1250 3758 sed.
1269 3704 1376 3778 apost.
1393 3693 1541 3776 legitime
1564 3691 1734 3770 devoluta,
1752 3692 1860 3756 eidem

471 3789 475 3898 ἰ
520 3786 628 3861 Jacobo
644 3794 827 3881 dignemini
852 3798 1048 3881 providere3
1066 3819 1133 3862 non
1152 3801 1238 3862 obst.
1255 3796 1346 3880 quod
1371 3795 1540 3879 quondam
1565 3795 1791 3860 Theodericus
1819 3795 1861 3858 de

471 3905 476 3986 1
522 3889 694 3984 Honsteym
711 3901 955 3984 preposituram
972 3902 1088 3987 ipsam,
1105 3903 1185 3967 dum
1202 3904 1340 3981 viveret,
1358 3900 1537 3965 obtinuerit
1554 3910 1753 3984 occupatam
1765 3907 1787 3963 ¹¹.

551 4000 623 4066 Dat.
639 4003 741 4067 Avin.
759 4008 777 4065 6
794 4024 874 4068 non.
890 4013 987 4068 mart.
1005 4013 1038 4068 a⁰
1056 4013 1097 4088 5⁰.
1116 4008 1187 4089 (10,
1206 4010 1288 4088 96⁸).

470 4165 475 4206 1
559 4132 679 4223 1161,
1565 4164 1818 4226 &mamare

470 4241 474 4252 ’
552 4247 644 4336 Supp.
661 4271 720 4314 rex
741 4252 944 4334 Aragonum,
962 4249 1052 4334 quod
1080 4269 1195 4334 nuper,
1221 4270 1295 4313 vac.
1320 4248 1472 4333 patrocli.
1496 4247 1577 4312 eccl.
1602 4249 1644 4312 de
1669 4247 1861 4324 Linscoten,

522 4344 688 4437 l'rajecten.
719 4354 817 4434 dioc,
842 4376 901 4440 per
926 4358 979 4419 ob.
1007 4354 1176 4436 quondam
1214 4352 1344 4417 Mathei
1369 4352 1411 4417 de
1438 4352 1559 4431 Hedel,
1585 4351 1692 4415 ultimi
1724 4351 1862 4416 rectoris

523 4453 658 4537 ejusdem,
691 4458 860 4542 quondam
894 4457 1092 4542 Rodolplrus
1122 4455 1289 4533 Johannis
1319 4456 1361 4520 de
1393 4456 1566 4534 Hoesden,
1598 4458 1675 4520 cler.
1714 4455 1862 4539 ejusdem

524 4554 597 4642 dioc,
628 4564 736 4649 ipsam
767 4564 921 4648 parroch.
952 4563 1044 4642 eccl,
1062 4562 1109 4626 sic
1134 4581 1193 4645 per
1226 4564 1279 4625 ob.
1308 4560 1387 4624 dicti
1414 4559 1584 4643 quondam
1616 4558 1747 4623 Mathei
1779 4580 1861 4636 vac,

525 4655 647 4743 legitime
664 4666 855 4751 acceptavit
872 4674 906 4730 et
922 4666 983 4730 sibi
1000 4665 1079 4729 fecit
1103 4663 1269 4748 prouideri
1294 4664 1335 4727 de
1352 4662 1480 4742 eadem,
1494 4663 1617 4727 virtute
1633 4663 1738 4746 gratie
1755 4670 1861 4748 apost.

473 4747 478 4815 1
526 4758 720 4835 ἰ10011111111111
734 4770 839 4836 forma
854 4791 1037 4856 pauperum
1054 4769 1113 4833 sibi
1133 4769 1221 4833 sacte
1238 4788 1297 4853 per
1323 4768 1354 4832 S.
1371 4767 1411 4832 V.
1437 4767 1479 4830 de
1495 4770 1571 4832 ben.
1588 4770 1670 4831 eccl.
1687 4775 1862 4852 spectante

528 4864 556 4926 ld
573 4875 672 4937 coll...
691 4874 764 4939 dec.
788 4882 823 4938 et
839 4895 913 4960 cap.
930 4876 1012 4939 eccl.
1029 4874 1060 4939 S.
1079 4873 1259 4937 Salvatoris
1274 4872 1462 4957 Trajecten.
1479 4894 1487 4951 ;
1510 4871 1561 4936 cui
1579 4872 1713 4955 quidem
1740 4870 1862 4935 Rodol-

551 5039 571 5096 1)
582 5043 617 5092 Eu
628 5061 713 5107 margc
729 5062 735 5093 :
748 5047 822 5107 Noto,
835 5046 902 5110 quod
915 5050 962 5096 iata
976 5063 1022 5095 raon
1034 5051 1089 5094 erut
1101 5048 1209 5108 cipitata,
1223 5051 1245 5092 et
1260 5047 1393 5108 capistrata
1406 5050 1439 5090 ert
1452 5059 1483 5090 ea
1497 5045 1504 5089 i
1508 5042 1558 5090 aad
1562 5048 1652 5089 certent
1657 5045 1689 5090 io.

533 5147 776 5176 g..—

556 5222 571 5269 l.
580 5225 632 5277 loir
643 5246 667 5279 11.
680 5234 795 5281 aaa-548.
